2878 4772
495 579 799 666 EPITOME
844 581 1035 666 LIBRI
1080 579 1271 664 XXVlll.

797 856 993 892 ——0—

368 1073 466 1137 RES
477 1075 509 1136 in
524 1073 681 1158 Hispania
694 1095 840 1160 prospere
851 1083 952 1158 pestae
966 1095 987 1135 a
1005 1073 1125 1149 Sileno,
1144 1073 1274 1158 Scipionis
1285 1070 1349 1152 leonte

365 1169 395 1222 et
408 1161 447 1222 ab
462 1160 502 1223 L.
517 1160 657 1244 Scipione
668 1162 777 1244 fratre
791 1162 935 1222 adversus
950 1159 1076 1236 Poenos,
1094 1183 1115 1222 a
1134 1159 1254 1243 Subicio
1265 1177 1349 1242 prome

366 1247 430 1309 sule
452 1257 481 1309 et
501 1247 540 1309 ab
555 1246 662 1310 Attalo
680 1269 747 1331 repe
762 1247 857 1310 Asiae
874 1248 1017 1310 adversm
1033 1247 1209 1330 Philippum
1222 1265 1295 1328 repen
1306 1241 1350 1302 blo·
1385 1255 1386 1260 ’

368 1333 520 1408 cecinnam,
538 1355 598 1416 pro
612 1332 736 1410 Aetolis,
755 1334 938 1416 referuntur.
991 1333 1093 1410 Quum
1110 1333 1158 1395 Μ.
1170 1333 1281 1395 Lioioet
1294 1327 1350 1391 Clau·

366 1419 417 1481 dio
431 1419 550 1482 Neroni
563 1420 732 1483 eorosulibus
746 1421 918 1504 triumphus
932 1419 1065 1482 decretus
1085 1429 1167 1495 esset,
1182 1417 1280 1488 Livius,
1291 1416 1326 1498 φὶ
1333 1415 1349 1470 'l

360 1499 1351 1675 ttltlyl“tllbt⁰b‘’tbltl⁸{lentilli

365 1697 439 1760 equo
453 1687 497 1738 est
510 1687 636 1754 secutus,
653 1687 682 1742 et
695 1683 727 1742 in
742 1639 798 1741 lloc
815 1679 920 1741 babitu
937 1677 1012 1762 plus
1030 1679 1149 1762 ploriae
1169 1675 1350 1754 renuntiant,

365 1762 489 1825 babuit:
513 1785 584 1825 nam
600 1774 629 1827 et
639 1766 713 1850 plus
728 1769 759 1828 in
775 1765 857 1841 bello,
873 1786 965 1850 quam
980 1765 1102 1849 collepa,
1109 1765 1233 1848 jecerat
1267 1757 1349 1844 ipsun

365 1849 437 1910 aede
469 1848 574 1912 Veestae
597 1853 775 1936 neplipentia
800 1855 935 1935 oirpinis,
963 1873 1040 1936 quae
1063 1873 1123 1914 non
1150 1848 1350 1940 custodientes

364 1937 490 1998 stinctus
512 1945 574 1999 est:
598 1941 682 2022 oirpo
704 1961 792 2000 caesa
814 1948 858 2000 est
866 1937 985 2022 flupro.
1029 1937 1069 2000 P.
1084 1937 1187 2022 Scipio
1205 1938 1234 1998 in
1247 1933 1350 2015 Hispan

365 2043 434 2084 eum
454 2022 565 2084 Poenis
584 2024 740 2086 debellauit
760 2033 869 2110 quarto
890 2025 1001 2086 decim
1022 2045 1104 2086 anno
1125 2027 1187 2086 eius
1208 2021 1272 2096 belli,
1288 2017 1351 2102 stitit

360 2117 433 2190 post
445 2131 534 2184 anno,
551 2131 642 2194 quam
657 2112 754 2173 ierat:
777 2109 958 2194 exclusisque
979 2111 1012 2172 in
1033 2119 1129 2172 totum
1146 2109 1351 2194 possesionem

364 2195 506 2271 hostibus,
522 2195 710 2280 Hispaniam
733 2199 864 2282 recepit:
890 2207 919 2258 et
932 2219 953 2258 a
975 2196 1152 2259 Tarracone
1166 2199 1196 2258 in
1210 2183 1352 2277 Affinunl

368 2279 541 2366 &pinacem
566 2304 664 2367 repem
686 2282 895 2345 Numidarum
920 2283 1034 2344 duobus
1059 2285 1189 2367 manipiis
1213 2283 1350 2342 erasmus

355 2365 469 2449 jbedus
484 2369 589 2431 innuit.
633 2367 822 2433 Hasdrubal
838 2367 981 2453 Gispone's
996 2369 1038 2431 ibi
1051 2391 1119 2431 eum
1134 2390 1167 2430 eo
1181 2371 1211 2430 in
1223 2365 1300 2428 emon
1310 2359 1351 2420 beo

364 2453 511 2516 acenebuit.
558 2454 678 2518 Munus
692 2455 912 2539 pladiatorinm
926 2457 958 2518 in
973 2455 1112 2517 bonorem
1129 2455 1227 2538 patris
1239 2449 1353 2538 palmiti

371 2537 556 2624 Cartbapine
570 2541 662 2604 Nova
682 2541 783 2618 edidit,
799 2563 858 2604 non
879 2564 915 2602 ee
932 2541 1164 2625 pladiatoribus,
1179 2539 1228 2603 sed
1243 2560 1272 2598 ex
1282 2537 1351 2612 litii

364 2634 422 2686 aut
442 2627 474 2687 in
496 2627 634 2689 bonorem
657 2629 751 2704 eluces,
774 2637 831 2690 aut
850 2650 886 2689 eu
901 2631 1117 2713 prouocatimne
1139 2630 1170 2690 in
1192 2615 1352 2688 munit

365 2709 563 2776 scandebant:
593 2715 625 2775 in
647 2735 706 2798 qno
728 2713 825 2798 repuli
837 2714 961 2798 fratres
982 2713 1018 2775 ele
1040 2735 1131 2798 repno
1147 2714 1234 2797 ferro
1252 2701 1352 2797 contult

364 2803 445 2858 runt.
497 2797 600 2876 Quum
614 2798 736 2884 Astapa
759 2800 830 2862 urbs
851 2800 890 2862 ab
905 2799 1053 2862 Romanis
1075 2805 1292 2884 oppupncretw‚
1303 2807 1352 2873 opp

363 2882 441 2945 dani
452 2883 557 2946 liberos
571 2893 601 2946 et
614 2888 751 2970 coniuqes
765 2907 836 2970 ropo
851 2895 999 2948 exstructo
1011 2887 1228 2960 auderanno
1238 2903 1264 2945 ee
1275 2883 1352 2958 institr

358 2971 646 3054 praecipitaverunt.
693 2971 763 3056 Ipse
788 2971 899 3056 Seipio,
922 2971 995 3033 dnm
1013 2975 1106 3056 pram
1126 2972 1224 3034 morbo
1243 2961 1353 3051 implicit

289 3083 293 3088 ¹
363 3065 415 3132 est,
431 3056 610 3133 seditionem,
626 3060 658 3120 in
671 3067 764 3142 parte
785 3060 928 3120 exereitus
950 3067 1069 3134 motam,
1086 3059 1272 3140 eonfimiatns
1282 3051 1353 3112 ditm·

364 3142 412 3217 sit,
428 3143 657 3228 rebellantesque
670 3145 845 3228 Hispaniae
860 3143 990 3228 populos
1012 3147 1104 3228 coepit
1124 3147 1156 3207 in
1174 3143 1355 3224 nummu

363 3228 429 3290 nire
436 3251 449 3302 ,·
471 3238 508 3305 et,
525 3231 761 3314 amicitiofacta
776 3251 844 3292 cum
858 3231 1029 3293 Masinissa
1044 3253 1111 3314 repe
1126 3229 1354 3300 Numitorium

364 3313 411 3375 illi
427 3315 585 3392 ancilium,
600 3319 628 3378 si
641 3318 673 3378 iu
688 3317 832 3400 Afiieam
847 3319 1018 3392 manasset,
1028 3317 1237 3402 pollicebatur,
1251 3331 1303 3375 mn
1316 3303 1354 3366 Gt

363 3400 477 3462 ditonis
498 3423 613 3486 quoque
628 3411 701 3486 post
721 3403 880 3466 discessum
898 3403 967 3465 inde
981 3403 1136 3487 Maponis,
1153 3405 1204 3465 eui
1221 3423 1253 3463 ec
1268 3389 1354 3460 Certin-

359 3489 431 3569 pine
451 3490 597 3572 sen'ptum
618 3499 694 3564 erat,
711 3499 746 3552 nt
763 3492 795 3552 in
811 3489 938 3553 Italiam
953 3490 1113 3566 traiiceret,
1129 3489 1254 3553 Romam
1266 3491 1355 3568 emi

363 3574 522 3658 consulque
547 3583 674 3638 creatus.
720 3575 863 3659 Africam
886 3577 1079 3661 provinciam
1104 3576 1225 3660 petantt',
1252 3559 1355 3656 emittit

363 3669 443 3722 caste
464 3659 502 3738 Q.
516 3661 614 3723 Fabio
628 3661 777 3738 Monimo,
798 3661 905 3725 Sicilia
926 3663 1001 3724 elata
1023 3669 1087 3726 est:
1107 3664 1356 3746 permesutmqtnffi

362 3744 506 3828 Africam
526 3750 685 3824 traiicerel
701 3751 730 3810 si
742 3771 777 3810 eu
791 3749 944 3834 republica
958 3743 1018 3811 'esse
1033 3757 1168 3812 caneret.
1212 3731 1357 3827 Menofil*

362 3831 497 3976 pilearis
503 3833 607 3912 filius,
623 3857 644 3898 a
659 3836 771 3898 minore
786 3833 914 3900 Baliari
926 3835 1036 3912 insula,
1053 3835 1104 3898 ubi
1117 3835 1268 3908 hiemaret,
1280 3817 1330 3889 inl
1348 3845 1356 3858 ·

375 3917 437 3978 iam
452 3920 579 3983 traiecit.
