2874 4772
307 229 371 292 356
691 220 805 287 ΤΙΤΙ
832 218 969 287 LIVIl

154 375 188 424 U.
200 375 231 424 c.
247 387 302 436 543·
380 382 410 438 o,
425 359 493 422 sine
510 356 582 422 ullis
597 357 638 422 arl
652 357 781 422 iusidias
795 356 944 432 latebris;
968 357 1076 444 itaque
1094 357 1130 420 in
1145 355 1221 421 loca
1234 354 1370 420 salmes

153 440 185 490 Ᾰ·
203 438 232 489 ⁰·
249 383 427 512 millae
442 444 518 509 inde
533 445 647 531 coepit
694 443 867 509 Marcellus
881 444 1021 530 vestigiis
1035 443 1186 518 instabat,
1203 457 1369 528 castraque

313 532 421 598 rastris
444 530 645 596 conferebat:
669 544 712 608 ct,
731 552 827 617 opere
849 530 1000 617 perfecto,
1018 527 1185 616 extemplo
1211 528 1250 592 in
1275 527 1371 593 aciem

314 618 456 705 legiones
471 616 636 682 educebat.
683 615 857 694 Hannibal,
873 617 1035 708 turmatim
1055 639 1115 702 per
1134 615 1273 702 equites
1288 615 1373 702 pedi·

315 719 449 791 tumque
464 703 650 769 iaculatores
664 702 746 768 lavia
759 702 933 767 certamina
947 725 1063 780 serens,
1076 723 1188 766 casum
1205 703 1373 766 universae

316 813 442 880 pugnae
457 813 522 854 non
537 789 750 854 necessarium
764 789 919 854 ducebat:
944 803 1061 854 tractus
1078 803 1263 854 esttamen
1278 786 1373 861 adid

317 877 405 965 quod
429 877 558 954 vitabat,
584 889 754 942 certamen.
811 874 916 940 Nocte
941 896 1159 963 praegremum
1193 875 1376 962 assequiw

316 964 395 1030 locis
408 963 511 1051 planis
525 985 562 1028 ac
599 962 757 1027 atentibus
769 960 957 1026 Marcellus:
974 977 1074 1026 castra
1088 961 1166 1025 inde
1183 977 1376 1047 ponentem,
1430 959 1431 978 ¹

318 1049 492 1139 pugnando
515 1071 559 1114 uu
595 1071 657 1135 que
680 1049 714 1112 in
736 1048 920 1126 munitores,
942 1049 1091 1149 operibus
1111 1047 1285 1134 prohibet.
1333 1046 1377 1110 lta

318 1138 410 1225 signa
422 1135 546 1212 collata,
561 1147 801 1235 pugnatumque
817 1134 891 1199 totis
905 1135 1023 1221 copris:
1047 1149 1090 1212 et,
1105 1157 1213 1221 quum
1230 1135 1302 1198 iam
1317 1155 1375 1198 nor

319 1224 462 1300 instaret,
478 1221 583 1286 Marte
606 1243 709 1307 aequo
728 1221 900 1285 discessum
922 1234 978 1286 est
1026 1219 1150 1299 Castra,
1165 1221 1297 1307 exiguo
1320 1219 1377 1284 dis·
1431 1269 1432 1274 η

320 1311 422 1375 tantia
436 1309 547 1409 spatio,
563 1308 678 1395 raptim
695 1323 769 1372 ante
789 1321 916 1372 noctem
931 1307 1120 1394 penuunita.
1167 1305 1315 1372 Postero
1329 1306 1376 1370 die

320 1395 392 1462 luce
412 1418 514 1482 prrma
530 1393 702 1460 Marcellus
721 1394 756 1458 in
775 1393 877 1458 aciem
896 1393 1002 1481 copias
1019 1393 1160 1482 eduxit*
1192 1391 1273 1457 Nec
1289 1392 1376 1456 Han·

321 1481 408 1546 nibal
423 1481 610 1546 detrectavit
624 1495 795 1556 certamen,
808 1478 915 1544 multis
925 1479 1029 1545 verbis
1043 1480 1235 1544 adhortatus
1250 1479 1375 1554 milites,

324 1577 390 1645 ‘ut‚
403 1590 558 1632 memores
570 1566 750 1632 Trasimeni
763 1565 1022 1653 Cannarumque,
1038 1565 1286 1631 contunderent
1300 1566 1376 1630 fero-

324 1655 426 1719 ‘ciam
441 1653 558 1718 hostisr
582 1675 695 1740 lugere
713 1667 809 1739 atque
829 1654 945 1717 instare
965 1675 1058 1717 eum:
1082 1673 1150 1715 non
1169 1652 1238 1717 iter
1253 1653 1376 1752 quietos

325 1741 458 1817 ‘lacera
473 1761 539 1804 non
554 1754 656 1804 castra
674 1761 793 1826 ponere
813 1741 890 1826 pati,
906 1761 971 1803 non
991 1759 1041 1804 res
1064 1739 1145 1802 irare
1165 1752 1228 1803 aut
1241 1761 1376 1803 carrum-
1433 1745 1434 1818 l

325 1827 485 1914 ‘spicere2
521 1826 665 1913 quotidie
695 1825 789 1890 simul
818 1825 972 1890 orientem
1001 1761 1099 1889 solim
1129 1837 1164 1889 et
1193 1824 1374 1889 Romanam

325 1913 446 1978 ‘aciem
461 1914 495 1976 in
510 1913 629 1999 campis
643 1911 814 1977 videndam
828 1934 905 1976 esse.
952 1911 987 1976 si
1002 1933 1066 1975 uno
1083 1909 1210 1997 proelio
1225 1911 1317 1976 haud
1331 1911 1376 1974 in-

325 2009 497 2065 ‘cruentus
516 1999 618 2076 abeat,
634 1998 773 2086 quietius
792 1997 908 2063 deiude
927 1996 1194 2085 tranquilliusque
1217 2019 1297 2062 eum
1314 1995 1376 2061 bel·

165 2103 279 2154 sltorum
324 2095 335 2126 ‘
346 2086 503 2152 laturum?
548 2084 610 2149 His
634 2085 748 2149 imitati
774 2084 1055 2161 adhortationibus,
1080 2083 1246 2170 simulque
1274 2083 1375 2148 taedio

165 2167 297 2241 proelium,
325 2173 460 2238 ferociae
496 2171 636 2237 hostium
673 2171 816 2256 quotidie
853 2171 1039 2236 instantium
1074 2169 1375 2257 laceoeentiumque,

166 2245 317 2344 ¹⁰22?ssss
325 2259 438 2325 acriter
475 2256 609 2323 roelium
624 2256 746 2321 ineunt
791 2257 840 2321 Pu
887 2270 973 2322 atum
994 2254 1130 2343 amplius
1143 2255 1277 2321 duabus
1297 2257 1376 2321 horis

166 2309 199 2356 re
574 2343 580 2358 .
842 2279 886 2357 gn
1292 2343 1300 2357 .
1358 2343 1374 2354 ..

166 2373 220 2408 nus
326 2359 382 2412 est
462 2345 556 2410 edere
572 2342 647 2408 rude
663 2345 703 2408 ab
720 2343 874 2408 Romame
887 2342 1001 2408 dextra
1017 2341 1067 2406 ala
1084 2355 1117 2407 et
1130 2343 1391 2418 extraordrnsrrrs

325 2453 468 2518 coepere.
516 2429 614 2505 Quod
635 2430 692 2494 ubi
716 2427 888 2494 Marcellus
907 2428 997 2506 vidit,
1017 2428 1317 2494 duodevicesimam
1337 2430 1374 2493 le

325 2517 455 2604 gionem
468 2517 504 2581 in
518 2517 651 2604 primam
667 2514 767 2580 aciem
781 2515 914 2580 inducit
949 2515 1039 2580 Dum
1050 2513 1104 2580 alii
1115 2528 1163 2579 tre
1186 2515 1238 2579 idi
1248 2516 1375 2590 cedunt,

327 2602 380 2668 alii
403 2603 543 2689 segniter
564 2603 712 2681 subeunt,
735 2603 861 2667 turbata
883 2615 951 2667 tota
972 2603 1055 2666 acies
1074 2615 1131 2678 est,
1175 2601 1234 2666 ein
1253 2624 1375 2689 prorsas

326 2687 416 2765 fusa3
439 2702 482 2766 et,
497 2688 645 2752 vincente
660 2689 816 2776 pudorem
831 2703 929 2765 metu,
945 2700 1034 2775 terga
1047 2687 1175 2752 dabant.
1223 2688 1376 2754 Cecidere

327 2775 363 2839 in
380 2796 490 2862 pugna
502 2774 641 2860 fugaque
660 2775 702 2839 ad
716 2774 781 2839 duo
800 2774 901 2840 millia
919 2789 952 2838 et
971 2774 1167 2862 septingenti
1186 2775 1315 2839 civium
1334 2797 1376 2840 so

326 2861 449 2926 ciorum
474 2883 533 2924 ue:
557 2859 591 2924 in
612 2859 662 2924 his
679 2874 831 2946 quattuor
850 2861 989 2926 Romani
1008 2859 1224 2939 centuriones,
1241 2860 1312 2926 duo
1330 2862 1378 2925 tri·

326 2947 406 3012 buni
421 2947 463 3011 m‘
480 2947 569 3024 tum,
585 2945 634 3011 M.
650 2945 795 3012 Licinius
809 2961 844 3012 et
857 2946 905 3012 M.
923 2945 1067 3012 Helvius.
1115 2945 1219 3034 Signa
1233 2947 1378 3013 militaris

327 3047 478 3120 quattuor
494 3033 535 3098 de
557 3033 616 3109 ala,
637 3033 739 3120 prima
756 3056 838 3121 quae
861 3033 963 3134 fogit3
987 3032 1052 3098 duo
1075 3033 1116 3098 de
1136 3032 1282 3120 legione,
1302 3057 1378 3122 quse

328 3120 515 3186 cedentibus
529 3120 622 3184 sociis
636 3134 837 3197 successerat,
853 3142 973 3186 amrssa.

221 3222 271 3282 13,
372 3205 555 3283 Marcellus,
578 3219 747 3293 postquam
771 3206 804 3270 in
828 3219 929 3270 castra
948 3205 1085 3270 reditum
1105 3218 1164 3283 est,
1189 3209 1379 3274 concionem

171 3303 302 3378 Expertus
329 3292 409 3357 adeo
424 3315 548 3357 saevam
562 3305 658 3379 atque
673 3293 817 3358 acerbam
833 3291 919 3379 apud
933 3291 1049 3356 milites
1062 3292 1186 3370 habuit,
1198 3307 1239 3358 ut
1250 3294 1378 3394 proelio,

170 3373 285 3480 §wlf
329 3401 388 3466 per
408 3378 494 3442 diem
517 3391 620 3444 totum
642 3378 812 3444 infeliciter
832 3377 974 3456 tolerato,
993 3379 1112 3443 tristior
1131 3379 1172 3442 iis
1193 3380 1271 3444 irata
1294 3381 1379 3446 ducis

170 3447 311 3560 suffigi,
329 3465 430 3590 pretio
444 3478 534 3581 esset.
578 3464 676 3588 ,Upis
690 3464 929 3615 imqurtalibus,
945 3477 982 3615 plt
998 3465 1033 3565 iu
1051 3465 1106 3530 tali
1120 3486 1165 3542 re,
1181 3465 1302 3531 laudes
1315 3490 1380 3554 gra·

329 3563 716 3704 btttrtttbttt
730 3564 1381 3724 :ramlgttattf’sfflffla

329 3734 520 3811 ‘aggressus
567 3723 793 3789 Deseruissetis
818 3723 959 3812 profecto
984 3723 1096 3788 eodem
1122 3737 1246 3812 terrore
1270 3741 1380 3802 eastra

365 3911 494 3969 3Dsoetra
514 3912 556 3958 als
580 3918 605 3961 st
628 3914 834 3973 extraordinarii]
869 3911 989 3974 Reliquos
998 3910 1024 3959 in
1035 3911 1097 3960 dues
1105 3912 1167 3971 alas,
1179 3912 1297 3961 dextrum
1314 3924 1340 3962 et
1355 3913 1380 3960 si

330 3971 395 4022 Socii
411 3987 468 4034 pars
479 3975 561 4022 atara
574 3980 652 4032 arant,
663 3983 835 4036 pausamus
868 3975 978 4034 nistrare,
991 3974 1140 4023 dividebant.
1176 3975 1253 4025 Hsee
1269 3979 1324 4026 sese
1340 3977 1381 4026 rs

329 4037 431 4086 dinami.
465 4037 504 4084 Ex
516 4037 582 4085 omui
594 4037 659 4086 enirn
674 4038 758 4087 sociali
769 4055 836 4088 exer·
869 4039 919 4089 lvb.
935 4039 966 4087 ri.
981 4038 1020 4088 26.
1036 4053 1109 4100 quern
1128 4038 1312 4100 interpretatur
1328 4043 1381 4102 lap

329 4099 549 4174 citueligebantur
566 4101 740 4174 appositissimi
758 4104 790 4151 sd
807 4119 837 4152 ea
869 4089 969 4161 siuada
984 4103 1041 4152 Mil.
1059 4103 1133 4151 Rom.
1150 4102 1175 4151 ii.
1191 4113 1213 4164 7.
1251 4105 1381 4168 Erunt'qi·

329 4178 413 4212 omum
428 4178 491 4225 quae
508 4178 565 4211 rara
581 4169 669 4212 virtute
686 4171 767 4226 egent,
777 4182 838 4228 quos
870 4173 911 4213 tur
918 4169 999 4216 alarsr
1006 4174 1030 4217 et
1039 4167 1306 4227 exsufflandam
1319 4169 1381 4232 equi

330 4227 443 4275 secteris
456 4226 837 4288 abiungebantetrocabant'as
870 4235 908 4278 tes
925 4235 979 4278 turn
998 4231 1101 4293 pedites.
1136 4229 1189 4280 Hic
1206 4233 1241 4280 de
1261 4233 1381 4296 peditibus

330 4291 513 4361 qmrdtnars'os.
542 4289 583 4337 Ex
594 4289 715 4352 equitibus
726 4307 782 4353 pars
791 4300 837 4341 ter
870 4296 1102 4346 seminatam.
1172 4315 1176 4322 Δ

331 4356 375 4411 tra,
394 4367 425 4400 ex
445 4351 569 4414 peditibus
586 4353 672 4415 quinta
689 4356 837 4405 sumebatur.
