2874 4772
342 239 405 302 316
728 233 840 302 ΤΙΤΙ
869 232 1005 301 LIVII

186 377 263 428 Iac.
279 374 523 453 54r.‘expertus,
559 367 723 454 potuisset,
761 379 905 433 auctores
941 367 1128 433 traditarum
1165 361 1360 456 Syracusanm

185 443 218 493 Α*
234 445 264 494 ⁰·
280 453 487 517 “0“fabrum
512 453 665 518 aerarium
695 453 808 531 Sosim,
832 467 867 518 et
891 452 1052 520 Mericum
1077 452 1123 518 Hi
1180 477 1361 540 numquam

343 539 522 626 ‘principes
550 539 819 626 Syracusanorum
844 539 971 617 babere,
996 540 1090 605 toties
1114 475 1362 626 &nequicquam

343 624 444 690 ‘ultro
458 625 636 702 offerentes,
648 640 865 726 praeoptasse:
890 650 955 713 quo
966 626 1086 691 scilicet
1100 626 1230 691 iustiore
1241 626 1277 690 de
1291 649 1362 690 caus

343 711 588 776 ‘vetustissimos
599 734 699 776 socios
714 733 755 799 po
779 711 823 775 uli
838 711 976 777 Romani
988 712 1168 790 trucidaret,
1179 734 1216 777 ac
1230 711 1362 799 diriperet

343 796 400 862 ‘Si
414 820 481 862 non
497 797 714 886 Hieronymus
729 735 778 862 ad
791 796 1006 863 Hannibalem
1022 797 1201 876 defecisset,
1216 798 1270 862 sed
1285 821 1363 884 popu-

344 882 413 948 ‘lus
430 883 644 971 Syracusanus
659 897 692 949 ct
702 897 848 960 senatus3
872 885 900 949 si
910 897 1017 970 portas
1031 883 1187 950 Marcello
1205 884 1363 972 Syracusani

343 970 498 1057 ‘publica
514 983 548 1034 et
558 993 634 1047 non,
647 970 801 1057 oppressis
814 969 1028 1058 Syracusanis,
1040 971 1167 1057 tyranni
1183 993 1289 1035 eorum
1302 969 1364 1056 Hip·

344 1065 507 1143 ‘pocrates
530 1069 563 1121 ct
592 1054 762 1144 Epicydes,
787 1055 988 1132 clausissent3
1018 1057 1045 1120 si
1077 1055 1364 1142 Carthaginiensium

344 1142 477 1206 ‘animis
487 1142 606 1206 bellum
617 1165 690 1206 cum
702 1141 821 1228 populo
836 1141 983 1207 Romano
997 1143 1185 1228 gessissent:
1210 1142 1285 1228 quid
1296 1141 1363 1216 ulta,

344 1237 460 1330 ‘quam
499 1227 563 1292 uod
577 1227 697 1304 feeerit,
713 1229 775 1292 nisi
789 1240 826 1291 ut
840 1227 962 1293 deleret
981 1227 1159 1316 Syracusas,
1176 1227 1278 1292 facere
1290 1227 1364 1291 hosti·

344 1314 437 1380 ‘liter
451 1251 641 1379 risnellum
662 1314 825 1401 potuisse?
849 1313 947 1380 Certe
990 1327 1092 1379 raeter
1106 1315 1236 1378 moenia
1257 1328 1288 1378 et
1304 1327 1366 1378 teca

344 1400 519 1465 ‘exhalata
538 1400 633 1478 urbis,
649 1414 683 1465 et
700 1399 834 1464 refracta
850 1423 888 1465 ac
908 1337 1041 1501 spoiiata
1056 1400 1154 1464 deum
1172 1400 1310 1476 delubra,
1323 1399 1366 1462 diis

343 1487 438 1573 ‘ipsis
452 1487 707 1572 ornamentisque
719 1509 830 1551 eorum
841 1486 961 1564 ablatis,
974 1485 1052 1550 nihil
1066 1485 1215 1551 relictum
1233 1484 1366 1574 Syracusis

343 1578 440 1637 ‘esse
487 1572 579 1637 Boua
593 1594 722 1671 quoque
738 1571 845 1637 multis
865 1572 1023 1660 adempta,
1039 1573 1084 1636 ita
1103 1586 1198 1637 utne
1220 1573 1302 1637 nudo
1315 1573 1380 1657 qui-2

343 1657 436 1721 ‘dem
459 1656 535 1734 solo,
556 1657 699 1744 reliquiis
721 1658 863 1744 direptae
885 1658 1040 1735 fortunae,
1062 1658 1147 1723 alere
1168 1681 1240 1723 sese
1262 1682 1295 1724 ac
1313 1679 1367 1720 suos

343 1752 498 1830 ‘possent
545 1742 646 1809 Orare
672 1766 706 1808 se
736 1743 848 1808 Patres
874 1744 1076 1832 conscriptos,
1101 1756 1147 1822 ut,
1169 1745 1199 1808 si
1230 1757 1367 1830 nequeant

343 1831 478 1906 ‘omnia
495 1827 616 1907 saltem,
636 1851 717 1915 quae
738 1851 809 1895 com
833 1844 942 1895 areant
961 1831 1172 1918 cognoscique
1195 1831 1320 1917 possint,
1333 1851 1369 1892 re·

341 1915 448 1980 ‘stitui
462 1915 600 1979 dominis
614 1915 764 1980 iubeans’
808 1853 900 1981 Salia
914 1939 974 1981 con
999 1929 1105 1981 uestos
1119 1939 1225 2003 quum
1239 1915 1368 1982 excedere

341 2023 382 2066 ex
400 2001 529 2088 templo,
545 2012 582 2066 ut
601 2000 643 2066 de
662 2001 827 2088 postulatis
847 2024 956 2067 eorum
977 1939 1086 2067 datrae
1108 2003 1235 2066 consuli
1334 2015 1383 2074 nti

341 2087 501 2152 Laevinus
522 2087 670 2164 iussisset,
695 2086 871 2153 ‘Maneant
892 2088 977 2166 imo,’
999 2088 1105 2175 inquit
1126 2087 1251 2154 Marcel
1266 2112 1308 2166 us,
1328 2097 1384 2150 ‘utt

341 2181 468 2238 ‘coram
490 2173 540 2238 bis
561 2172 779 2260 respondeam,
800 2173 930 2260 quando
949 2197 988 2239 ea
1006 2174 1190 2239 conditione
1214 2197 1274 2262 pro
1292 2172 1369 2246 vobis,

341 2259 471 2324 ‘Patres
482 2259 605 2324 conseri
628 2260 662 2337 ti,
674 2259 758 2324 bella
768 2261 916 2346 gerimus,
929 2272 966 2324 ut
979 2261 1078 2324 victos
1087 2261 1181 2324 armis
1193 2274 1371 2325 aecumtores

341 2353 352 2383 ‘
361 2345 542 2410 habeamus.
588 2283 682 2410 duae
697 2359 806 2432 captae
822 2345 883 2411 hoc
898 2369 983 2411 anno
998 2347 1091 2412 urbes
1107 2345 1224 2433 Capua
1245 2345 1370 2411 Fulvium
1419 2367 1421 2470 y

230 2446 281 2505 31,
341 2439 462 2509 ‘reum,
474 2430 663 2496 Marcellum
677 2431 849 2520 Syracusae
860 2432 1018 2497 habeant’
1054 2431 1213 2497 Reductis
1225 2432 1371 2497 incuriam

184 2527 319 2577 Siculirra
340 2515 370 2581 le
413 2519 461 2594 tis,
478 2531 546 2582 tum
560 2517 680 2594 consul,
698 2516 796 2582 ‘Non
816 2517 896 2583 adeo
916 2519 1108 2593 maiestatis,’
1126 2519 1245 2605 inquit,
1264 2515 1371 2606 ‘popuii

182 2593 287 2705 ffl‘ffi
341 2611 352 2643 ‘
363 2541 502 2668 dimam
522 2604 711 2690 imperiique
729 2603 823 2667 buius
845 2604 961 2668 oblitus
976 2627 1054 2680 sum,
1077 2603 1187 2668 Patres
1208 2602 1385 2690 conscriptis

255 2672 267 2704 ε
289 2673 324 2708 ¹¹²*
341 2697 351 2728 ‘
360 2703 407 2768 ut,
418 2690 445 2754 si
456 2690 497 2754 de
512 2711 585 2754 meo
596 2689 727 2754 crimine
743 2689 964 2776 ambigeretur,
975 2689 1084 2754 consul
1095 2689 1242 2754 dicturus
1254 2711 1372 2762 causam

341 2775 579 2840 ‘accusantibus
596 2775 737 2852 Graecis,
749 2775 872 2840 fuerim.
920 2774 985 2841 Sed
1000 2799 1075 2853 non,
1087 2775 1166 2863 quid
1178 2799 1242 2863 ego
1250 2775 1387 2848 fecerint

340 2862 393 2926 ‘in
416 2861 670 2948 disquisitionem
693 2861 790 2938 venit,
814 2884 910 2948 quarn
936 2862 1015 2948 quid
1040 2862 1093 2926 isti
1114 2862 1182 2949 pati
1208 2862 1371 2928 debuerint

339 2956 349 2986 ‘
361 2949 427 3024 Qui
438 2948 465 3012 si
476 2971 542 3012 non
553 2947 682 3012 fuerunt
693 2947 808 3024 hostes,
818 2947 899 3012 nihil
911 2948 1051 3025 interest,
1061 2971 1157 3024 nunc,
1170 2970 1213 3012 an
1222 2949 1296 3014 vivo
1309 2945 1373 3011 Hie·

338 3043 349 3074 ‘
357 3057 445 3112 rone,
458 3033 626 3122 Syracusas
635 3033 826 3098 violaverim.
861 3033 918 3098 Sin
929 3047 1034 3099 sutem
1045 3033 1258 3112 desciverunt,
1272 3035 1373 3122 legatos

339 3128 482 3186 ‘nostros
510 3121 714 3206 sentiatque
743 3119 838 3183 armis
863 3121 1033 3206 petierunt,
1058 3120 1170 3186 urbem
1196 3143 1236 3185 ac
1263 3119 1373 3184 moenia

338 3205 548 3284 ‘clauserunt
575 3205 781 3294 exercituque
811 3204 1123 3306 Carthaginiensium
1149 3205 1302 3272 adversus
1328 3225 1374 3269 nos

338 3293 450 3356 ‘tutati
465 3306 540 3358 sunt
548 3317 557 3369 ;
581 3293 653 3380 quis
667 3315 774 3380 passos
788 3313 855 3356 esse
867 3291 1002 3369 hostilia,
1038 3313 1115 3355 uum
1126 3292 1273 3370 fecerint,
1283 3291 1374 3376 indig-

337 3379 472 3441 ‘naturi
494 3378 674 3444 Tradentes
694 3380 805 3444 urbem
825 3378 928 3465 princi
970 3400 984 3442 s
1009 3315 1280 3465 Syracusanorum
1300 3397 1372 3442 aver

336 3470 439 3528 ‘satus
453 3485 541 3528 sum:
568 3463 670 3528 Sosim
688 3479 722 3530 et
740 3463 898 3531 Mericum
955 3463 961 3478 '
980 3485 1108 3553 panum,
1124 3464 1242 3550 quibus
1263 3477 1373 3530 tanum

367 3741 380 3774 a
398 3728 439 3773 Ita
453 3731 483 3773 at
497 3740 528 3773 aa
542 3723 608 3772 audo
622 3723 718 3787 podem
728 3727 789 3787 solo]
808 3743 842 3778 sc.
875 3728 960 3778 codice
972 3729 1074 3780 inserant
1085 3745 1170 3780 vooern
1181 3733 1239 3792 iuro,
1250 3747 1300 3794 qur
1311 3728 1374 3778 ceteri

333 3789 467 3848 Postquam
484 3787 564 3834 solum
580 3785 631 3834 fere
647 3787 767 3837 nudatum
782 3798 840 3842 erat
873 3793 958 3855 scripti
969 3799 1060 3842 eareat.
1077 3795 1159 3844 cm.

333 3854 523 3912 Conqueruntur
547 3849 663 3900 nimirum
687 3851 842 3916 syracusam,
909 3859 1091 3924 5Imperttqus
1111 3859 1200 3918 butus]
1232 3859 1265 3908 Et
1287 3855 1374 3920 imperii

333 3919 389 3988 post
396 3913 526 3988 spoliatam
535 3916 619 3964 urbem
628 3929 657 3964 ac
664 3916 759 3978 domos,
765 3919 840 3968 etiam
873 3921 1016 3980 consularis,
1027 3922 1094 3982 quod
1103 3937 1169 3984 gero.
1187 3923 1268 3972 cmv.

332 3979 447 4039 reliquias
469 3979 578 4041 direptae
602 3979 724 4040 tenurae,
745 3981 772 4032 id
794 3989 840 4045 est,
903 3981 987 4042 &Sed
1004 4001 1065 4045 aaa,
1083 3987 1145 4048 quid
1164 4003 1208 4048 ayo
1223 3988 1337 4047 scuarin,
1352 3985 1374 4030 h

332 4043 428 4108 privata
441 4043 764 4106 bonaadeomoaetc
776 4049 839 4098 mul·
871 4053 897 4100 d·
1074 4048 1374 4113 mss,qun]1>uaenlr

332 4107 363 4158 u's
374 4121 471 4170 quoque
482 4109 606 4170 adempta.
622 4110 716 4159 Carra
870 4122 919 4165 tom
930 4118 955 4167 in
966 4121 1045 4181 primo
1061 4113 1172 4161 membro
1187 4114 1327 4176 supplenda
1336 4115 1374 4166 δὲ

365 4174 506 4235 5Tsmplo]
526 4172 558 4221 In
576 4174 632 4222 loco
649 4173 714 4222 euim
731 4176 838 4238 auguriis
870 4185 941 4230 utet
960 4199 1026 4247 supr.
1047 4063 1090 4269 i&
1122 4177 1281 4226 Monebimus
1299 4181 1373 4224 umes

332 4241 472 4285 consecrato
493 4242 592 4286 senatus
616 4252 712 4299 semper
733 4238 837 4288 habeba·
870 4255 952 4292 vocem
970 4255 1119 4391 ᾳιωᾝωο
1138 4241 1300 4289 aGrouorio.
1333 4239 1374 4288 Pro

331 4307 378 4348 tur.
394 4300 476 4349 Cast.
869 4320 899 4352 ea
917 4309 999 4371 scripti
1018 4313 1034 4361 h
1061 4305 1121 4369 baut
1135 4317 1209 4354 aaa:
1228 4305 1339 4354 Anam·
1354 4307 1374 4348 si

363 4363 588 4426 4Mamaattmol
605 4365 837 4416 Rhenanusexsuo
869 4369 1010 4434 Campanus
1020 4394 1067 4447 „p
1096 4365 1176 4436 (mr.

1048 4472 1118 4620 [ti
