2874 4772
338 203 401 264 298
721 194 833 262 ΤΙΤΙ
862 196 999 263 LIVII

177 349 213 414 tt.
226 351 256 400 ο.
272 363 326 414 54¹·
337 333 445 398 Latini
466 332 603 398 nominis
625 343 659 398 et
684 332 946 420 municipiorum:
974 343 1008 397 et
1027 352 1106 396 nurn
1129 353 1191 416 ope
1216 349 1330 394 eorum
1350 329 1397 392 ina

177 415 208 465 A.
225 416 255 466 ⁰·
272 419 419 485 ²¹¹·bello
433 419 538 484 forent
552 417 661 484 adiuti.
709 417 770 483 ‘Id
780 441 855 484 vero
869 418 999 482 minime
1015 415 1282 482 committendum
1298 415 1381 491 me?

337 505 467 570 Fulvius
485 505 602 584 dicere,
619 513 676 570 ‘ut
695 505 938 570 sollicitarentur
961 504 1145 570 criminibus
1162 502 1273 568 dubiis
1287 501 1381 566 socio·

337 601 429 656 ‘rum
444 591 587 657 fidelium
602 592 716 656 animi:
741 606 774 656 et
788 593 1018 657 subiicerentur
1031 590 1201 666 indicibus,
1211 589 1317 676 queis,
1331 611 1380 652 ne·

338 687 348 718 ⁶
359 702 421 766 que
438 678 517 765 quid
527 679 676 754 fecerent,
688 701 793 764 neque
805 678 883 766 quid
894 678 1045 755 dicerent,
1056 677 1232 765 quicquam
1245 697 1380 762 unquam

338 766 446 853 ‘pensi
469 765 585 830 fuisset.
631 765 743 853 Itaque
770 787 803 830 se
827 788 897 830 eam
920 765 1138 852 quaestionem
1160 783 1382 850 oppressumm

338 853 670 938 ‘exstinctummque'
714 851 768 917 Ab
779 852 840 917 hoc
855 874 998 916 sermone
1008 873 1107 938 quum
1123 849 1264 999 diqlrrsm
1275 861 1381 922 ement,

338 952 370 1004 et
396 939 532 1026 Appius,
558 939 701 1025 quamvis
729 939 875 1004 ferociter
903 937 1096 1025 loquentem,
1126 959 1165 1001 co
1190 958 1300 1023 egam,
1325 957 1383 998 non

338 1025 506 1102 dubitaret,
522 1038 628 1090 tamen
643 1025 749 1090 literas
771 1047 865 1113 super
879 1038 968 1090 tanta
986 1048 1019 1090 re
1035 1025 1074 1088 ab
1099 1023 1210 1088 Romu
1223 1038 1385 1110 exspecta-

180 1129 308 1202 smtorer
339 1125 465 1189 turum;
489 1111 628 1188 Fulvim,
644 1135 685 1176 ne
700 1113 734 1178 id
749 1113 852 1212 ipsum
870 1111 1133 1212 impedimentum
1148 1111 1286 1196 incepto
1300 1109 1384 1182 foret,

180 1195 301 1268 (ΜΡΝ
338 1200 501 1265 dimittens
515 1199 717 1286 praetorium,
734 1199 866 1264 tribunis
881 1199 1017 1262 militurn
1031 1221 1067 1262 ac
1081 1196 1256 1283 praefectis
1271 1197 1401 1262 sociumt

179 1271 321 1371 :ffiffi
336 1286 513 1374 imperavit,
530 1285 577 1350 uti
598 1285 721 1350 duobus
736 1285 873 1350 millibus
896 1285 1041 1371 equitum
1059 1283 1195 1348 delectis
1219 1281 1386 1347 denuntia·

338 1387 419 1450 rent,
444 1385 480 1437 ut
503 1372 544 1437 ad
567 1372 690 1437 tertiam
716 1373 882 1437 buccinum
904 1384 1027 1458 praesto
1050 1383 1165 1436 essent.
1216 1368 1310 1434 Cum
1333 1369 1386 1433 hoc

338 1460 482 1546 equitatu
496 1471 590 1524 noete
606 1458 752 1524 Teanum
767 1459 934 1546 profectus,
946 1458 1048 1545 prima
1062 1457 1132 1521 luce
1147 1469 1282 1543 portam
1297 1457 1387 1520 iutra·

338 1546 393 1622 vit,
403 1560 498 1632 atque
513 1546 547 1609 in
559 1545 661 1610 forum
676 1546 832 1633 perrexit:
856 1567 1074 1644 concursuque
1090 1543 1290 1630 adprimum
1305 1543 1387 1630 equi-

339 1645 408 1696 tum
427 1633 603 1717 ingressum
622 1631 716 1710 lacto,
732 1633 947 1720 magistratum
971 1631 1148 1696 Sidicinum
1170 1630 1270 1694 citari
1293 1629 1385 1704 iumit,

339 1719 382 1782 im
406 1718 504 1782 erevit
528 1741 578 1795 ue,
601 1733 637 1782 ut
658 1719 847 1806 produceret
870 1718 1059 1806 Campanos,
1082 1739 1163 1804 quos
1185 1717 1225 1780 in
1246 1717 1388 1782 custodis

339 1741 477 1870 heberet.
506 1740 674 1870 qProducti
696 1828 815 1882 omnes,
835 1805 992 1893 virgisque
1015 1804 1106 1881 caesi,
1129 1826 1167 1867 sc
1189 1803 1303 1868 securi
1324 1825 1388 1891 per-

339 1892 429 1956 cussi.
476 1890 556 1956 Inde
582 1892 678 1956 citato
695 1915 779 1979 equo
807 1890 901 1957 Cales
924 1891 1086 1978 percurrit
1133 1889 1203 1954 Ubi
1230 1913 1337 1978 quum
1359 1890 1388 1953 in

340 1977 489 2044 tribunali
504 1979 706 2056 consedisset,
741 1979 927 2066 reductique
941 1977 1098 2066 Campani
1111 1975 1342 2063 deligarentru
1353 1975 1389 2040 sd

339 2065 487 2154 palum,e
512 2065 660 2130 nescitus
669 2067 709 2131 sb
755 2089 827 2130 ome
837 2065 933 2142 venit,
945 2064 1114 2164 literaeque
1123 2087 1143 2127 a
1156 2061 1196 2128 C.
1211 2061 1389 2151 Culpmnio

339 2167 483 2240 praetore
489 2089 611 2218 lulvio
625 2165 659 2216 et
671 2151 977 2244 senatusconsultum
997 2150 1134 2215 tradidit
1181 2148 1344 2215 Mmmur
1354 2151 1389 2214 ab

340 2239 490 2304 tribunali
506 2253 605 2304 totam
619 2238 803 2304 concionem
813 2239 959 2326 pervasit,
969 2237 1088 2302 differri
1097 2259 1164 2302 rem
1176 2235 1389 2324 integramad

308 2331 316 2338 '
340 2324 450 2390 Patres
468 2326 508 2390 de
526 2325 715 2413 Campanis:
740 2339 773 2390 et
788 2324 926 2402 FulviuS,
942 2325 977 2388 id
990 2324 1035 2388 ite
1048 2347 1114 2388 eme
1129 2337 1228 2400 ratus,
1243 2338 1390 2411 accepts

339 2411 455 2489 literas,
470 2435 575 2499 neque
593 2410 753 2490 resolutae,
770 2435 868 2502 quum
887 2411 920 2475 in
942 2411 1062 2498 gremio
1079 2410 1390 2561 reposuimettpree·

340 2499 414 2563 coni
434 2499 608 2599 imperavit,
625 2514 661 2599 ut
680 2498 822 2564 lictorem
837 2497 907 2586 lege
925 2519 1017 2584 agere
1038 2497 1184 2596 iuberet..
1216 2495 1273 2561 Ita
1312 2521 1330 2560 e
1354 2497 1390 2560 iis

225 2655 227 2660 ·
342 2583 1390 2760 tarint},Stlltgt‘ttttttttttttffititt

342 2779 410 2821 rem
425 2770 543 2834 aetem3
568 2781 649 2845 quae
660 2781 783 2823 summa
792 2781 859 2858 'ope
874 2770 1081 2908 approperata
1090 2770 1166 2833 erat,
1178 2779 1221 2821 ne
1236 2755 1388 2844 impediri

343 2857 456 2931 posset
504 2843 756 2932 consurgentem
790 2868 853 2909 rem
916 2843 1035 2909 ulmum
1069 2843 1195 2908 Taurea
1233 2842 1407 2914 Iubelliusr

345 2930 538 3018 Campanus,
554 2954 611 3018 per
628 2931 764 2997 mediam
779 2932 898 2996 redens
913 2932 1023 2996 urbem
1040 2931 1240 3017 nubemque,
1255 2931 1390 2995 nomine

342 3017 538 3084 inclamavit:
563 3032 605 3096 et,
621 3041 731 3106 quum,
747 3018 952 3084 mirabundus
966 3018 1118 3104 quidnam
1132 3039 1200 3081 sese
1214 3016 1327 3095 vellet,
1341 3040 1390 3080 re-

341 3105 473 3171 sedisset
501 3104 639 3183 Flaccus,
666 3105 745 3170 ‘Me
770 3106 917 3192 quoque,’
945 3104 1060 3192 inquit,
1087 3104 1182 3168 ‘iube
1210 3103 1331 3181 occidi,
1356 3117 1391 3168 ut

343 3191 490 3278 ‘gloriari
503 3191 612 3278 possis,
623 3191 724 3257 multo
737 3191 909 3268 fortiorem,
925 3213 1020 3278 quem
1034 3191 1101 3278 ipse
1116 3214 1159 3267 es,
1168 3191 1276 3254 virum
1288 3191 1346 3256 abs
1360 3204 1391 3254 te

343 3279 500 3343 ‘occisum
524 3279 610 3343 esse’
666 3278 776 3354 Quum
803 3277 932 3342 Flaccus
957 3301 979 3341 n
1074 3290 1096 3354 t,
1124 3276 1294 3364 ‘profecto
1318 3279 1390 3342 sat'u

343 3372 543 3452 ‘compotem
561 3366 675 3430 mentis
690 3366 789 3430 esse2’
811 3364 915 3442 modu,
933 3373 1009 3452 ‘pro
1033 3365 1111 3429 'beri
1133 3363 1231 3428 etium
1252 3387 1302 3442 se,
1318 3361 1388 3429 siid

344 3451 466 3529 ‘vellen
482 3451 771 3528 senatusconsulto,’
785 3451 922 3516 diceret:
947 3466 1015 3516 turn
1031 3449 1192 3528 Iubellius,
1208 3449 1389 3526 ‘Qumrdo-

345 3537 515 3626 ‘quidem'
546 3537 663 3625 inquit,
699 3546 811 3626 ‘capte
843 3537 953 3626 patria,
988 3538 1175 3626 propinquis
1214 3537 1388 3626 amicisque

343 3782 444 3839 dmum,
470 3782 556 3829 Latini
581 3783 694 3840 nominis,
719 3780 848 3842 municipi·
882 3777 984 3828 Niebhr.
996 3777 1021 3827 ii.
1032 3794 1056 3826 n.
1070 3791 1122 3840 ¹5⁰·
1134 3791 1178 3840 pro
1189 3777 1389 3828 rombusetne

344 3861 430 3893 mum:
454 3844 506 3893 sine
527 3845 697 3893 coniunctione
719 3844 849 3907 legendum
880 3845 1125 3904 nbipimrersm
1137 3841 1269 3890 lectionem
1280 3850 1308 3890 er
1319 3844 1389 3890 adfli-

345 3907 540 3966 ceurennum
557 3924 645 3970 genera
662 3909 790 3956 hominum
809 3907 849 3955 hic
881 3907 963 3956 niculo
975 3906 1001 3956 in
1014 3907 1085 3955 codd.
1097 3906 1244 3968 quibusdum
1256 3907 1329 3954 cerni
1339 3907 1390 3954 scri

345 3971 472 4034 designari,
494 3973 582 4032 Socios,
603 3972 717 4021 videlicet
741 3971 849 4030 Italicos,
882 3971 925 4021 bio

345 4037 455 4094 Latinos,
463 4041 488 4083 et
498 4038 657 4098 municipales
667 4051 745 4098 aequo
753 4037 850 4085 foedere
915 4049 929 4096 3
945 4036 1076 4084 Dimittem
1084 4035 1249 4097 praetorius]
1264 4033 1390 4097 anqnor

346 4115 403 4148 curu
415 4099 534 4148 Romanis
545 4099 693 4149 coniunctos.
882 4097 909 4146 in
924 4115 1053 4147 commune
1064 4099 1190 4147 consilium
1201 4098 1234 4145 ed
1246 4098 1313 4147 sein
1327 4115 1389 4161 prce

378 4165 478 4212 rNum
491 4179 536 4225 opo
551 4179 633 4213 eorum
650 4165 679 4212 in
695 4165 754 4213 bello
764 4165 851 4223 forent
883 4163 972 4211 torium
992 4169 1126 4212 vocaverat
1151 4162 1182 4212 cf.
1197 4177 1267 4224 supr.
1283 4165 1339 4212 m'.
1355 4179 1389 4225 μ

345 4225 438 4288 urus]
453 4227 694 4287 rostvooemsomr
702 4211 848 4289 arnum
882 4227 966 4276 nom

345 4298 369 4340 rt
385 4293 572 4353 munbipicmm
589 4290 689 4350 habent,
702 4306 763 4351 quus
779 4306 849 4339 voces
913 4308 930 4351 4
947 4293 1043 4344 Toum
1053 4292 1184 4352 Iubellius]
1202 4289 1390 4355 ciSupmiii.

348 4353 471 4417 Kreyssig.
503 4359 528 4404 ct
555 4353 661 4406 Bclrkcr.
689 4355 781 4416 delent,
805 4355 849 4404 scd
882 4353 921 4415 46.
