2966 4778
356 160 451 227 LIB.
476 159 590 226 XXII.
625 160 737 228 OAP.
762 166 813 226 36.
1069 165 1109 226 95

77 294 174 372 lebei‚
189 294 247 360 diu
259 317 296 370 ac
308 295 445 361 multum
459 307 668 374 recusantem,
680 297 722 362 ad
737 297 924 384 petitionem
938 295 1108 384 compellit.
1122 311 1155 360 U.
1167 313 1197 361 c,
1214 309 1268 374 536.

50 319 89 446 is
104 382 253 468 proximo
267 383 419 448 coniitiali
439 382 503 460 die,
519 383 768 448 concedentibus
788 384 944 463 omnibus,
961 385 1017 471 qui
1037 405 1111 448 cum
1120 378 1151 426 A.
1168 377 1198 426 ⁰·
1216 374 1269 424 ²¹⁶·

54 468 206 533 Varrone
221 482 426 548 certaverant,
465 491 500 533 ar
514 469 614 555 magis
628 470 663 534 iu
678 470 918 546 adversandum,
935 491 1032 557 quam
1047 468 1112 534 col-

53 555 140 705 lgiga,
157 554 251 619 datur
265 556 396 621 consuli.
476 555 516 620 de
531 557 690 642 praetoria
703 558 831 621 comitia
845 557 962 622 habita.
1002 556 1112 621 Creati
1121 575 1150 624 c.
1163 572 1253 622 Teren-

25 664 71 705 st
131 642 330 730 Pomponius
352 642 468 707 Matho
490 655 523 708 et
545 643 582 707 P.
596 641 710 707 Furius
735 643 857 708 Philus.
905 643 1028 708 Romae
1051 637 1116 707 iuri
1121 638 1205 714 uqi..
1213 639 1260 685 Ae

54 727 204 792 dicundo
218 730 339 793 urbana
352 752 418 794 sors
427 729 616 817 Pomponio,
626 729 711 793 inter
724 730 809 794 cives
819 729 981 795 Romanos
992 743 1026 794 et
1040 751 1112 817 per-
1121 704 1190 817 ffi'
1202 701 1240 750 Π·

54 815 188 902 egrinos
206 815 243 879 P.
257 815 354 880 Furio
367 815 469 880 Philo
483 816 598 881 evenit.
645 815 759 880 Additi
782 816 847 881 duo
870 831 1040 904 praetores,
1063 815 1110 881 M.
1123 833 1258 880 Praetores

57 901 221 966 Claudius
243 901 416 967 Marcellus
436 903 471 966 in
494 902 644 980 Siciliam,
667 902 704 966 I.
718 902 901 967 Postumius
921 901 1059 968 Albinus
1079 903 1113 967 in

57 987 212 1052 Galliam.
253 987 375 1054 Omnes
386 991 532 1054 absentes
543 988 642 1053 creati
650 1002 737 1065 sunt3
761 990 979 1076 neccuiquam
992 1011 1112 1066 eorum,

54 1086 188 1162 praeter
208 1073 397 1139 Terentium
421 1074 594 1152 consulem,
611 1074 778 1140 mandatus
798 1076 908 1155 honos,
929 1097 1028 1163 quem
1050 1075 1114 1140 iam

54 1183 129 1261 non
149 1173 245 1260 antea
265 1162 419 1262 gessisset,
435 1160 613 1249 praeteritis
632 1161 755 1248 aliquot
770 1162 903 1229 sortibus
921 1185 958 1228 ac
977 1162 1115 1228 strenuis

55 1269 256 1398 νιηεέὃὲἒιια
266 1270 301 1311 m
311 1247 367 1312 talr
378 1259 521 1335 tempore
532 1247 614 1312 nulli
629 1271 729 1314 novus
737 1250 937 1337 magistratus
947 1249 1115 1315 videbatur

55 1356 136 1399 man
226 1356 272 1398 us.

105 1419 277 1484 Exercitus
306 1443 435 1508 quoque
465 1419 668 1506 multiplicati
695 1433 778 1486 sunt.
827 1423 975 1497 Quantae
1006 1434 1114 1488 autem
1215 1481 1222 1495 ,

55 1506 210 1595 peditum
230 1507 440 1594 equitumque
458 1506 584 1572 additae
607 1506 672 1571 sint
690 1509 811 1595 copiae,
826 1509 908 1574 adeo
928 1522 961 1574 et
980 1531 1115 1574 numero

56 1607 94 1659 et
109 1615 229 1680 genere
245 1593 408 1679 copiarum
423 1593 545 1657 variant
564 1607 717 1671 auctores,
734 1607 770 1659 ut
784 1595 837 1659 vix
854 1596 1025 1682 quicquam
1040 1596 1115 1660 satis

57 1693 188 1746 certum
208 1679 362 1744 affirmare
380 1679 490 1744 ausim.
537 1677 660 1743 Decem
680 1680 781 1745 millia
800 1704 953 1747 novorum
976 1683 1114 1748 militum

57 1765 117 1832 alii
132 1766 194 1830 scri
216 1779 251 1830 ta
264 1767 298 1830 in
313 1765 594 1853 supplementum
617 1765 671 1829 alii
685 1789 782 1832 novas
797 1781 949 1855 quattuor
961 1769 1114 1856 leg'onee,

58 1865 99 1917 ut
113 1788 382 1939 cotolegionibus
396 1873 465 1916 rem
486 1864 651 1939 gererent:
675 1875 809 1918 numero
826 1877 956 1942 quoque
970 1855 1115 1942 peditum

57 1938 275 2026 equitumque
297 1937 439 2024 legiones
459 1953 576 2016 auctas,
593 1935 735 2004 millibus
751 1940 897 2039 peditum
920 1953 955 2006 et
973 1941 1117 2006 centenis

58 2024 227 2112 equitibus
249 2025 284 2088 in
309 2024 448 2111 singulus
473 2023 623 2100 adiectis;
654 2037 691 2088 ut
712 2047 812 2111 quma
833 2025 933 2091 millia
960 2027 1115 2114 peditum,

33 2110 188 2179 streceni
209 2111 333 2198 equites
355 2123 477 2186 essent3
501 2110 578 2174 socii
598 2109 760 2197 duplicem
780 2133 948 2176 numerum
970 2135 988 2176 e
1013 2113 1116 2177 uitum

59 2199 189 2274 darent,
204 2196 329 2283 pedites
344 2209 527 2284 aequarent
575 2194 704 2282 Septem
723 2211 757 2262 et
773 2199 937 2285 octoginta
955 2198 997 2261 m'
1025 2199 1054 2262 'a
1068 2219 1117 2263 ar-

58 2297 223 2349 matorum
238 2294 273 2347 ct
286 2282 441 2348 ducentos
455 2283 490 2346 in
510 2281 620 2346 cestris
637 2281 800 2360 Romanis,
817 2306 918 2371 quum
961 2296 1116 2372 ugnatum

59 2370 106 2435 ad
122 2368 254 2434 Cannas
269 2382 326 2446 est,
342 2369 473 2456 quidam
487 2381 630 2433 auctores
644 2382 727 2434 sunt.
766 2369 853 2434 Illud
867 2305 1116 2459 haudquaquam

58 2457 234 2544 discrepat,
257 2456 375 2520 maiore
394 2467 512 2520 conatu
533 2467 628 2542 atque
649 2455 773 2543 impetu
794 2478 862 2523 rem
882 2470 995 2537 actam,
1017 2480 1114 2545 quam

60 2687 176 2737 Tantum
187 2701 237 2734 non
246 2701 290 2735 nra
298 2685 455 2734 damnatione
463 2683 575 2748 ipseam·
609 2681 668 2732 laria
677 2684 766 2734 obiret:
777 2683 925 2748 peroptabat
930 2692 1014 2737 autem
1022 2686 1061 2738 ius
1068 2703 1118 2738 non

60 2754 161 2810 bnstus,
176 2751 244 2812 quasi
259 2749 371 2809 fulmine,
389 2749 492 2798 Veteres
509 2747 575 2797 enim
608 2749 754 2798 modointer
765 2749 911 2813 peregrinos,
923 2751 964 2800 sed
976 2751 1040 2800 inter
1050 2768 1118 2814 pere

60 2815 251 2864 damnationem
261 2819 287 2862 et
298 2814 412 2862 exsilium
420 2814 521 2873 fielnes
535 2827 576 2860 ro·
608 2811 688 2874 grisros
696 2819 721 2862 et
730 2813 796 2862 cives
803 2815 906 2864 dicebat.
929 2815 1068 2864 Niebuhrio
1075 2832 1118 2865 an-

60 2879 201 2928 cubantes.
210 2876 574 2943 Iuv.{viii.91.PlinEp.iii.11.
607 2881 657 2925 tem
665 2877 757 2940 placet,
766 2893 838 2939 quem
847 2879 876 2928 cf.
884 2879 917 2927 iii.
926 2894 950 2940 p.
960 2890 1013 2941 732.
1022 2885 1117 2952 praeto

61 2943 152 2992 Livius
162 2941 216 2992 infr.
224 2957 264 3004 40.
272 2958 321 2990 non
330 2943 410 2990 solnm
416 2943 525 3003 salman,
532 2942 575 2988 sed
607 2955 658 2989 rem
663 2941 815 3014 peregrinum
823 2941 902 3004 primo
909 2941 1118 3004 potiusmrlitaria,

60 3007 208 3056 §nmium
227 3007 301 3056 etism
320 3006 440 3069 appellat.
466 3004 499 3054 ef.
519 3005 574 3054 infr.
607 3019 681 3065 quam
689 3004 1014 3054 cinlisconsulummuuera
1022 3007 1119 3066 obiisse,

59 3070 152 3120 mix,
163 3068 187 3120 6,
608 3073 633 3116 et
644 3067 743 3116 Siciliae
751 3069 891 3130 provinciae
901 3069 1002 3118 forsitan
1010 3072 1118 3132 praetec-

97 3135 217 3184 saonae
226 3135 278 3183 iuri
288 3135 394 3183 denudo
404 3133 502 3182 urbana
511 3133 575 3191 sors]
609 3137 662 3178 tum
678 3146 749 3189 esse;
767 3137 852 3192 postea
866 3133 928 3180 duos
941 3133 1040 3196 insuper
1050 3134 1119 3182 addi-

61 3197 189 3250 Consules
200 3197 259 3246 olim
266 3197 306 3246 ius
313 3198 437 3257 dicebant,
447 3197 490 3245 sed
501 3211 578 3257 quum
610 3199 657 3254 tos,
668 3209 770 3270 quorum
781 3196 885 3243 alterum
897 3194 1004 3256 Siciliae,
1014 3198 1118 3245 alterum

60 3261 101 3312 rei
111 3261 214 3310 militari
228 3261 436 3310 administrandae
451 3265 477 3308 et
487 3259 533 3307 iuri
543 3258 577 3306 di-
611 3257 737 3308 Sardrniae
755 3257 896 3320 praefixisse,
917 3265 1030 3322 praetore
1051 3274 1118 3322 pere

61 3327 148 3376 cundo
173 3341 224 3374 non
249 3326 397 3385 sufficerent,
422 3329 517 3372 creatus
542 3327 579 3372 ast
610 3322 1119 3384 gsiuoinurbemanente.creseentsinte·

62 3391 169 3440 Praetor
191 3389 308 3439 Urbanus
329 3390 417 3438 eodem
439 3403 505 3436 anno
527 3401 575 3450 quo
607 3387 654 3434 rim
664 3384 818 3448 imperiosas
827 3392 950 3447 praetores
961 3392 1055 3437 creatos
1064 3387 1119 3436 infr.

62 3453 169 3505 Aediles
179 3453 293 3513 Curules,
304 3453 339 3503 U.
347 3453 376 3503 C.
389 3453 443 3514 388.
460 3453 491 3500 cl'.
510 3465 576 3512 supr.
609 3449 687 3500 xxxii.
700 3460 739 3510 27.
751 3448 837 3499 Livius
847 3455 936 3500 narrat.

62 3521 96 3569 ri.
109 3518 248 3577 42.“Post
261 3517 357 3578 aliquot
371 3516 578 3574 deindeannos‚''
647 3527 661 3574 3
692 3513 793 3563 Trscsni
819 3515 924 3576 equites]
958 3513 1118 3577 Diligentiam

61 3589 92 3634 ut
101 3579 181 3631 verbis
190 3581 322 3644 Pomponii
331 3581 362 3630 de
370 3579 436 3642 Orig.
444 3579 509 3628 Iuris
514 3583 579 3637 utar,
612 3577 677 3628 Livii
687 3577 729 3625 hic
737 3576 838 3640 requirit
846 3577 952 3628 Crevier.
962 3577 1003 3640 qui
1013 3585 1120 3629 troam

60 3651 140 3696 “non
159 3645 296 3694 sufficiente
312 3659 342 3694 eo
364 3645 490 3704 Praetura,
512 3642 578 3705 quod
610 3641 747 3692 sollennem
766 3656 894 3690 nnmerum
915 3641 1026 3704 equitum
1045 3642 1120 3690 firisse

60 3711 148 3760 multa
167 3710 240 3758 turba
255 3709 329 3758 etiarn
349 3707 530 3772 peregrinorum
552 3707 577 3754 in
611 3705 815 3767 censetctsupr.
822 3705 872 3754 xxi.
883 3717 919 3768 17.
929 3706 978 3755 Sed
988 3705 1076 3769 Polyb.
1085 3705 1119 3756 iii.

61 3774 194 3826 civitatem
209 3773 310 3834 reuirat,
320 3779 416 3822 aream
432 3777 468 3821 cst
479 3776 505 3820 et
515 3771 579 3820 alius
613 3783 666 3832 107.
678 3770 797 3818 ducentos
807 3769 901 3832 equites
908 3769 1009 3833 singulis
1021 3770 1119 3833 legiorn'-

62 3843 174 3904 praetor‚
185 3835 227 3900 qui
238 3837 378 3900 peregn'nus
389 3837 530 3898 appellatus
541 3840 578 3883 est
610 3836 656 3884 bns
664 3833 808 3896 quaternllm
820 3833 927 3883 millium
939 3834 1050 3897 peditum
1061 3831 1119 3883 adii·

60 3906 98 3955 ab
105 3901 215 3963 eo‚quod
223 3899 579 3963 plerumqueinterpercgrinos
611 3898 656 3947 cit:
673 3897 774 3957 idem,si
783 3899 881 3960 qnando
890 3899 1027 3961 respublica
1036 3899 1062 3947 in
1073 3899 1136 3947 dis.

61 3969 105 4018 ius
114 3966 239 4014 dicabat.”
267 3965 324 4013 Hoc
333 3963 428 4013 circiter
439 3965 473 4012 U.
481 3963 510 4013 C.
523 3975 578 4026 5ro.
611 3962 702 4011 crimen
715 3961 827 4022 venisset,
836 3961 943 4024 legiones
953 3962 1055 4025 quinum
1066 3961 1120 4010 mil-

62 4029 159 4081 erenit.
176 4027 207 4078 ci.
225 4029 310 4091 Lydus
327 4029 359 4077 de
375 4026 485 4089 Magistr.
505 4025 521 4076 i.
539 4038 578 4088 45.
611 4025 672 4076 lium
686 4025 797 4088 peditum
808 4031 834 4074 et
844 4031 997 4074 trecenorum
1010 4026 1119 4088 equitum

64 4094 295 4147 Praetnrarbmur
305 4091 425 4154 dignitate
439 4091 505 4153 prior
518 4094 581 4146 erat,
612 4089 683 4140 scribi
693 4095 782 4138 narrat.
820 4087 878 4138 Hoc
891 4089 965 4152 igitur
979 4091 1035 4139 loco
1046 4090 1120 4150 Poly-

64 4159 162 4222 qnippe
177 4156 220 4220 qui
235 4155 376 4206 absentibus
391 4154 541 4213 consulibus,
552 4159 580 4202 ut
613 4155 680 4203 bium
692 4152 781 4202 intueri
794 4151 889 4203 ridcuu
900 4152 991 4205 Livius.

61 4224 208 4290 praefactus
219 4223 295 4280 arte,
307 4219 391 4270 munia
401 4217 484 4268 omnia
496 4231 579 4266 consu·
