2866 4770
307 231 403 297 LIB.
431 232 563 298 XXIX.
594 231 705 298 CAP.
733 239 781 299 18.
1008 236 1073 302 479

32 368 167 447 ‘flerltiflt
191 389 243 446 ne,
259 368 348 518 guod
366 368 528 456 piaculum
549 369 786 446 commiserunt,
804 391 871 434 non
891 390 950 435 suo
971 369 1074 435 solum
1084 378 1162 432 tac.
1179 381 1235 443 54⁸·

32 455 211 543 ‘sanguina
226 477 259 519 se
300 454 397 520 etiam
415 455 544 542 publica
562 454 651 520 clade
672 455 771 521 luant.
820 453 1015 543 Quanquam
1034 444 1117 522 na*-
1134 444 1165 494 ο.
1179 458 1235 504 204.

32 548 134 606 ‘nunc
157 541 299 628 quidem,
320 540 431 606 Patres
457 541 637 628 conscripti,
659 554 716 606 aut
739 541 774 604 in
796 541 940 620 ducibus,
963 555 1019 607 aut
1042 543 1076 607 in

31 628 200 692 ‘militibus
213 628 324 692 vestris
338 644 439 693 cessat
459 628 505 692 ira
519 628 606 693 deae.
653 627 835 714 Aliquoties
854 627 920 692 iam
939 628 1024 694 inter
1042 649 1076 694 se

6 721 45 788 7‘
55 715 145 800 signis
166 713 287 778 collatis
309 726 587 779 concucurrerunt.
633 713 713 778 Dux
736 713 865 778 alterius
886 714 984 801 partis
1003 715 1079 780 Ple·

30 807 44 838 ‘
56 801 174 876 minius,
200 799 329 864 alterius
353 800 418 865 duo
443 800 563 864 tribuni
588 799 725 864 militum
748 812 858 864 erant:
886 822 952 865 non
975 802 1078 866 acrius

30 893 124 952 ‘oum
142 885 469 972 Carthaginiensibus,
485 908 582 973 quarn
602 887 687 950 inter
706 908 739 950 se
759 886 830 972 ipsi,
846 886 928 950 ferro
945 886 1077 952 dimica-

30 980 47 1011 ‘
56 987 182 1038 veruntz
215 972 496 1072 praebuissentque
524 972 721 1037 occasionem
746 972 851 1038 furore
877 995 935 1037 suo
958 973 1078 1038 Locros

30 1058 225 1146 ‘recipiendr
240 1057 427 1134 Hannibali,
442 1059 477 1122 ni
497 1059 616 1124 accitus
637 1059 677 1122 ab
698 1059 789 1123 nobis
811 1057 918 1160 Scipio
940 1059 1078 1124 interve-

28 1152 43 1184 ‘
55 1146 156 1210 nisset.
202 1145 259 1221 At,
290 1143 430 1222 hercule,
461 1143 578 1208 milites
607 1157 770 1210 contactos
798 1145 963 1232 sacrilegio
991 1145 1079 1210 furor

29 1231 167 1319 ‘agitat2
195 1231 229 1294 in
251 1230 386 1295 ducibus
411 1230 488 1318 ipsis
513 1230 684 1317 puniendis
710 1229 834 1296 nullum
856 1231 935 1296 deae
956 1253 1078 1296 numen

28 1324 96 1405 ‘ap
172 1317 221 1381 it?
266 1315 337 1382 Imo
358 1316 405 1381 ibi
425 1339 573 1404 praeseus
593 1317 731 1381 maxime
751 1316 820 1381 ibit.
867 1315 975 1404 Virgis
995 1317 1078 1383 caesi

27 1411 42 1441 ‘
55 1405 94 1468 tri
115 1404 169 1467 uni
195 1405 235 1468 ab
261 1402 366 1489 legato
391 1414 473 1467 sunt
520 1402 660 1490 Legatns
686 1402 803 1467 deinde
830 1403 952 1468 insidiis
978 1405 1079 1469 tribu·

28 1498 165 1554 ‘norum
187 1489 391 1575 interceptus,
407 1502 627 1576 praeterquam
647 1489 734 1575 quod
757 1501 824 1554 toto
844 1512 975 1576 corpere
996 1490 1079 1556 lace·

27 1584 146 1653 ‘ratus
161 1597 239 1640 naso
261 1597 389 1662 quoque
412 1576 605 1662 auribusque
625 1574 749 1651 decisis,
768 1575 938 1662 exsanguis
959 1589 1008 1640 est
1029 1597 1079 1640 re·

27 1669 40 1700 ‘
52 1662 163 1726 lictus:
188 1673 347 1726 recreatus
370 1660 487 1726 deinde
511 1660 634 1748 legatus
657 1684 699 1726 ex
721 1661 914 1738 vulneribus,
936 1662 1079 1728 tribunos

26 1747 189 1813 ‘militum
211 1748 245 1811 in
266 1745 394 1812 vincula
415 1747 585 1824 coniectos,
600 1746 677 1811 dein
694 1749 883 1824 verberatos,
899 1748 1080 1814 servilibus·

6 1841 117 1922 t‘que
152 1833 300 1898 omnibus
335 1832 497 1919 suppliciis
530 1833 685 1897 cruciatos
717 1833 907 1898 trucidando
940 1833 1077 1910 occidit;

25 1928 192 1985 ‘mortuos
218 1919 337 1984 deinde
362 1918 525 2005 prohibuit
550 1917 685 2004 sepeliri.
737 1916 806 1982 Has
832 1919 893 1982 dea
917 1941 1036 2006 poenas
1061 1942 1081 1984 a

25 2005 163 2093 ‘templi
178 2005 257 2070 suis
299 2004 462 2070 liatoribus
479 2003 594 2068 habet:
619 2026 680 2068 nec
699 2016 774 2068 ante
789 2003 914 2069 desinet
933 2005 1080 2070 omnibus

25 2101 38 2132 ‘
51 2115 107 2158 eos
121 2093 238 2178 agitare
303 2091 349 2168 is,
362 2113 458 2178 quam
473 2090 611 2176 reposita
624 2111 712 2154 sacra
724 2090 861 2176 pecunia
875 2090 911 2154 in
926 2091 1080 2157 thesauris

26 2185 38 2218 ⁸
50 2177 155 2244 fuerit
202 2175 343 2242 Maiores
372 2176 534 2262 quondam
563 2176 672 2252 nostri,
701 2175 789 2262 gravi
820 2175 1080 2242 Crotoniensium

23 2263 147 2342 ‘bello,
162 2263 239 2351 quia
253 2275 344 2328 extra
363 2263 474 2327 urbem
495 2274 558 2326 tem
583 2261 650 2325 lum
665 2275 722 2338 est,
739 2261 905 2328 transferre
920 2263 954 2327 in
969 2263 1080 2328 urbem

24 2360 125 2416 ‘earn
144 2349 314 2438 pecuniam
329 2347 507 2415 voluerunt.
589 2360 664 2412 octu
683 2348 793 2413 audita
812 2371 853 2414 ex
870 2349 1005 2414 delubro
1019 2371 1082 2414 vox

24 2436 124 2512 ‘cst’
142 2435 353 2502 Abstinerent
376 2456 507 2499 manus:
536 2434 629 2516 deam
653 2457 710 2498 sua
733 2433 852 2520 templa
871 2434 1080 2500 defensuram.

23 2521 144 2598 ‘Quia
163 2521 312 2587 movendi
335 2520 411 2586 inde
434 2521 597 2585 thesauros
619 2520 744 2586 incussa
765 2532 834 2585 erat
853 2519 975 2608 religio,
991 2541 1082 2586 muro

6 2619 37 2676 r‘
51 2608 251 2674 circumdare
268 2606 422 2694 templum
436 2605 614 2671 voluerrmt.
651 2607 707 2670 Ad
721 2606 919 2692 aliquantum
934 2607 998 2671 iam
1012 2607 1084 2672 alti·

23 2705 38 2735 ‘
53 2694 176 2760 tudinis
190 2693 329 2758 excitata
342 2705 433 2772 erant
447 2692 584 2768 moenie,
599 2715 700 2779 quum
719 2693 824 2759 subito
838 2693 977 2782 collapsa
990 2694 1084 2758 ruina

23 2790 37 2822 ‘
50 2793 139 2846 sunt
186 2778 251 2846 Sed
281 2792 314 2844 et
342 2801 439 2856 nunc,
466 2793 498 2843 et
527 2800 620 2866 saepe
650 2779 726 2844 alias
754 2779 816 2844 dea
844 2803 933 2846 suam
962 2780 1082 2857 sedem,

23 2878 36 2907 ‘
50 2889 214 2954 suumque
229 2865 384 2965 templum
399 2877 455 2929 aut
470 2876 572 2929 tutata
586 2877 642 2942 est,
655 2878 711 2930 aut
726 2889 745 2930 a
758 2865 963 2931 violatoribus
976 2867 1084 2952 gravia

23 2952 182 3041 ‘piacula
206 2966 322 3039 exegit.
370 2949 503 3016 Nostros
528 2949 658 3015 iniurias
684 2974 744 3016 nec
766 2964 879 3036 potest,
903 2973 963 3014 nec
985 2950 1085 3037 possit

22 3039 137 3104 ‘alius
160 3037 279 3115 ulcisci,
298 3059 395 3125 quam
416 3059 479 3112 vos,
501 3035 612 3100 Patres
635 3035 813 3122 conscripti.
861 3036 917 3100 Ad
938 3057 993 3100 vos
1014 3058 1084 3100 ves·

21 3136 201 3210 ‘tramque
225 3123 323 3189 fidem
348 3145 408 3210 sup
431 3121 507 3189 lices
533 3120 741 3207 confugimus.
788 3120 880 3185 Nihil
903 3135 1011 3186 nostra
1034 3121 1084 3185 in·

21 3223 162 3288 ‘tarest
185 3224 293 3276 utrum
318 3210 377 3274 sub
403 3145 459 3273 illo
484 3207 598 3294 legato,
622 3208 680 3271 sub
704 3207 759 3272 illo
785 3206 942 3294 praesidio
964 3207 1084 3272 Locros

19 3309 34 3339 ‘
47 3320 123 3363 esse
146 3297 264 3375 sinatis,
283 3319 325 3360 an
347 3296 426 3360 irato
445 3293 620 3358 Hannibali
641 3305 675 3357 et
691 3293 809 3358 Poenis
829 3292 871 3357 ad
892 3293 1084 3380 supplicium

18 3381 189 3448 ‘dedatis
236 3381 313 3447 Non
333 3379 537 3468 postulamus
554 3391 591 3444 ut
610 3392 716 3444 extem
739 3379 771 3444 lo
792 3379 893 3457 nobis,
910 3393 947 3444 ut
965 3379 1007 3444 de
1028 3380 1084 3444 ab·

19 3480 156 3548 ‘senta
186 3482 224 3535 ut
251 3468 373 3534 indicta
400 3489 495 3532 causa
522 3465 666 3530 credatis.
717 3403 849 3543 leniat,
879 3487 986 3532 coram
1016 3465 1083 3552 ipse

16 3669 311 3731 Multaaliaexempla
325 3668 451 3717 cumulare
462 3681 542 3730 posse·
611 3667 627 3715 8
651 3667 778 3715 mistos
809 3667 954 3715 trucidando
986 3665 1083 3726 oceidit]

15 3749 93 3784 mus.
130 3733 181 3784 Sed
200 3734 338 3784 braccatis
356 3733 412 3781 sint
446 3731 545 3788 Quibus
577 3729 665 3780 Omnis
680 3729 826 3792 scriptorum
843 3733 868 3778 et
886 3735 945 3778 vett.
963 3729 1086 3780 editorum

15 3798 136 3862 quidem
157 3797 214 3846 ideo
235 3796 358 3845 immorati
377 3811 469 3854 sumus,
488 3795 546 3857 quia
577 3809 681 3843 manus:
700 3795 833 3844 trucidatos
847 3795 979 3844 mando
993 3795 1086 3844 occidit.

16 3860 178 3912 Gronovius
192 3875 234 3910 eos
247 3861 358 3922 increpat
369 3858 416 3907 hoc
428 3859 492 3917 loco,
502 3859 545 3919 qui
578 3857 687 3908 Mutavit
705 3857 851 3917 Gronovius,
868 3857 910 3920 qui
928 3857 962 3906 aio
977 3857 1086 3920 exponit.

16 3925 76 3976 sibi
101 3923 220 3973 credituri
242 3940 291 3972 non
313 3923 370 3973 sint.
412 3923 545 3971 Rationem
578 3921 714 3984 Significat,
730 3921 819 3984 inquit,
837 3937 886 3970 non
903 3927 980 3970 tortos
998 3922 1087 3980 solum,

15 3989 107 4052 igitur
118 3988 254 4048 reddimus,
261 3987 389 4037 curaviro
398 3986 546 4045 doctissimo,
578 3987 621 4034 sed
641 3986 708 4034 omni
730 3984 847 4034 saevitiae
864 4001 953 4048 genera
969 3985 1088 4035 aunam

16 4060 51 4103 et
70 4050 391 4111 acutissimo,atda1.ivii
405 4065 479 4112 opere
494 4055 546 4097 tum
578 4052 679 4098 artubus
686 4049 933 4112 discerptoatandam
940 4049 1087 4100 mortemin·

17 4121 96 4166 bene
132 4117 231 4170 marito.
264 4115 391 4164 dissentire
424 4127 545 4175 cogamur.
579 4113 679 4164 sanine.
696 4115 727 4163 ci.
741 4129 806 4176 supr.
822 4113 873 4164 xxi.
888 4129 924 4177 13.
942 4115 1000 4164 Val.
1016 4114 1087 4163 Max.

16 4183 117 4231 czar.
155 4180 186 4228 In
204 4179 323 4229 Gronovii
343 4183 425 4241 partes
440 4177 548 4228 Bekker.
580 4177 614 4226 ix.
627 4192 648 4226 a.
666 4178 747 4227 Cart.

17 4261 52 4296 se
65 4244 155 4294 addit.
612 4255 628 4304 9
644 4243 687 4290 Ad
702 4243 857 4305 &Quanam
872 4242 922 4288 s'om
934 4239 1085 4298 altitudinis]

62 4321 77 4372 7
95 4305 332 4369 concucurrerunt]
347 4306 388 4355 Ita
397 4305 454 4355 Put.
461 4306 548 4365 codex,
582 4303 792 4366 Praepositionam
805 4302 1088 4353 «adalechassana

18 4387 109 4434 quem
124 4372 179 4422 Iac.
192 4371 331 4420 Gronovius
342 4369 409 4419 citat.
581 4368 733 4416 retinendam
745 4374 827 4416 censet
837 4366 943 4416 Crevier.
