<?xml version="1.0" encoding="UTF-8"?>
<!DOCTYPE html PUBLIC "-//W3C//DTD XHTML 1.0 Transitional//EN"
    "http://www.w3.org/TR/xhtml1/DTD/xhtml1-transitional.dtd">
<html xmlns="http://www.w3.org/1999/xhtml" xml:lang="en" lang="en">
 <head>
  <title>
</title>
<meta http-equiv="Content-Type" content="text/html;charset=utf-8" />
  <meta name='ocr-system' content='tesseract 3.04.00' />
  <meta name='ocr-capabilities' content='ocr_page ocr_carea ocr_par ocr_line ocrx_word'/>
</head>
<body>
  <div class='ocr_page' id='page_1' title='image "./tliviipatavinih00kreygoog_0514.png"; bbox 0 0 2866 4770; ppageno 0'>
   <div class='ocr_carea' id='block_1_1' title="bbox 142 516 947 646">
    <p class='ocr_par' dir='ltr' id='par_1_1' title="bbox 142 516 947 646">
     <span class='ocr_line' id='line_1_1' title="bbox 142 516 947 646; baseline 0.009 -11"><span class='ocrx_word' id='word_1_1' title='bbox 142 516 145 522; x_wconf 84' lang='grc'><strong>’</strong></span> <span class='ocrx_word' id='word_1_2' title='bbox 189 541 250 637; x_wconf 82' lang='grc' dir='ltr'><strong>Τ.</strong></span> <span class='ocrx_word' id='word_1_3' title='bbox 295 542 505 640; x_wconf 60' lang='grc' dir='ltr'><strong>[ΝΠ</strong></span> <span class='ocrx_word' id='word_1_4' title='bbox 553 544 947 646; x_wconf 73' lang='lat' dir='ltr'><strong>Parnvmi</strong></span> 
     </span>
    </p>
   </div>
   <div class='ocr_carea' id='block_1_2' title="bbox 337 832 793 916">
    <p class='ocr_par' dir='ltr' id='par_1_2' title="bbox 337 832 793 916">
     <span class='ocr_line' id='line_1_2' title="bbox 337 832 793 916; baseline 0.004 -2"><span class='ocrx_word' id='word_1_5' title='bbox 337 832 597 914; x_wconf 86' lang='lat' dir='ltr'><strong>LIBER</strong></span> <span class='ocrx_word' id='word_1_6' title='bbox 647 833 793 916; x_wconf 91' lang='lat' dir='ltr'>XXX.</span> 
     </span>
    </p>
   </div>
   <div class='ocr_carea' id='block_1_3' title="bbox 472 1115 667 1155">
    <p class='ocr_par' dir='ltr' id='par_1_3' title="bbox 472 1115 667 1155">
     <span class='ocr_line' id='line_1_3' title="bbox 472 1115 667 1155; baseline 0 0"><span class='ocrx_word' id='word_1_7' title='bbox 472 1115 667 1155; x_wconf 59' lang='lat'><strong>-4—</strong></span> 
     </span>
    </p>
   </div>
   <div class='ocr_carea' id='block_1_4' title="bbox 124 1339 1251 1427">
    <p class='ocr_par' dir='ltr' id='par_1_4' title="bbox 124 1339 1251 1427">
     <span class='ocr_line' id='line_1_4' title="bbox 124 1339 1251 1427; baseline 0.009 -22"><span class='ocrx_word' id='word_1_8' title='bbox 124 1340 167 1406; x_wconf 91' lang='lat' dir='ltr'><strong>N.</strong></span> <span class='ocrx_word' id='word_1_9' title='bbox 192 1340 438 1407; x_wconf 73' lang='lat' dir='ltr'>SERVIMUS</span> <span class='ocrx_word' id='word_1_10' title='bbox 463 1339 639 1408; x_wconf 85' lang='lat' dir='ltr'><strong>CAEPIO</strong></span> <span class='ocrx_word' id='word_1_11' title='bbox 658 1354 691 1406; x_wconf 87' lang='lat' dir='ltr'><strong>et</strong></span> <span class='ocrx_word' id='word_1_12' title='bbox 714 1341 752 1406; x_wconf 87' lang='lat' dir='ltr'><strong>C.</strong></span> <span class='ocrx_word' id='word_1_13' title='bbox 769 1339 919 1406; x_wconf 87' lang='lat' dir='ltr'><strong>Servilius</strong></span> <span class='ocrx_word' id='word_1_14' title='bbox 938 1340 1095 1406; x_wconf 88' lang='lat' dir='ltr'><strong>Geminus</strong></span> <span class='ocrx_word' id='word_1_15' title='bbox 1105 1363 1138 1413; x_wconf 83' lang='lat' dir='ltr'><strong>U.</strong></span> <span class='ocrx_word' id='word_1_16' title='bbox 1150 1364 1180 1413; x_wconf 83' lang='lat' dir='ltr'><strong>c.</strong></span> <span class='ocrx_word' id='word_1_17' title='bbox 1196 1376 1251 1427; x_wconf 76' lang='lat'><strong>549·</strong></span> 
     </span>
    </p>
   </div>
   <div class='ocr_carea' id='block_1_5' title="bbox 22 1426 1255 3229">
    <p class='ocr_par' dir='ltr' id='par_1_5' title="bbox 24 1426 1255 2369">
     <span class='ocr_line' id='line_1_5' title="bbox 145 1426 1251 1514; baseline -0.003 -22"><span class='ocrx_word' id='word_1_18' title='bbox 145 1428 298 1505; x_wconf 90' lang='lat' dir='ltr'><strong>consules,</strong></span> <span class='ocrx_word' id='word_1_19' title='bbox 317 1428 440 1514; x_wconf 88' lang='lat' dir='ltr'><strong>(sextus</strong></span> <span class='ocrx_word' id='word_1_20' title='bbox 455 1428 597 1492; x_wconf 87' lang='lat' dir='ltr'><strong>decimus</strong></span> <span class='ocrx_word' id='word_1_21' title='bbox 617 1429 644 1491; x_wconf 93' lang='lat' dir='ltr'><strong>is</strong></span> <span class='ocrx_word' id='word_1_22' title='bbox 664 1449 765 1491; x_wconf 91' lang='lat' dir='ltr'><strong>annus</strong></span> <span class='ocrx_word' id='word_1_23' title='bbox 783 1427 858 1491; x_wconf 89' lang='lat' dir='ltr'><strong>belli</strong></span> <span class='ocrx_word' id='word_1_24' title='bbox 876 1426 992 1492; x_wconf 91' lang='lat' dir='ltr'><strong>Punici</strong></span> <span class='ocrx_word' id='word_1_25' title='bbox 1012 1427 1134 1514; x_wconf 65' lang='lat' dir='ltr'><strong>erat)A·</strong></span> <span class='ocrx_word' id='word_1_26' title='bbox 1149 1429 1179 1477; x_wconf 75' lang='grc' dir='ltr'><strong>θ·</strong></span> <span class='ocrx_word' id='word_1_27' title='bbox 1196 1442 1251 1489; x_wconf 80' lang='lat'><strong>203·</strong></span> 
     </span>
     <span class='ocr_line' id='line_1_6' title="bbox 44 1512 1255 1600; baseline 0.005 -25"><span class='ocrx_word' id='word_1_28' title='bbox 44 1535 146 1598; x_wconf 86' lang='lat' dir='ltr'><strong>quum</strong></span> <span class='ocrx_word' id='word_1_29' title='bbox 162 1513 203 1578; x_wconf 89' lang='lat' dir='ltr'><strong>de</strong></span> <span class='ocrx_word' id='word_1_30' title='bbox 218 1513 380 1600; x_wconf 82' lang='lat' dir='ltr'>republica</span> <span class='ocrx_word' id='word_1_31' title='bbox 396 1513 544 1600; x_wconf 89' lang='lat' dir='ltr'><strong>belloque</strong></span> <span class='ocrx_word' id='word_1_32' title='bbox 560 1527 593 1577; x_wconf 91' lang='lat' dir='ltr'><strong>et</strong></span> <span class='ocrx_word' id='word_1_33' title='bbox 607 1513 776 1600; x_wconf 89' lang='lat' dir='ltr'><strong>provinciis</strong></span> <span class='ocrx_word' id='word_1_34' title='bbox 791 1512 833 1576; x_wconf 89' lang='lat' dir='ltr'><strong>ad</strong></span> <span class='ocrx_word' id='word_1_35' title='bbox 847 1525 992 1577; x_wconf 90' lang='lat' dir='ltr'><strong>senatum</strong></span> <span class='ocrx_word' id='word_1_36' title='bbox 1007 1527 1094 1578; x_wconf 92' lang='lat' dir='ltr'><strong>retu·</strong></span> <span class='ocrx_word' id='word_1_37' title='bbox 1103 1531 1255 1580; x_wconf 71' lang='lat' dir='ltr'><strong>Provinciae.</strong></span> 
     </span>
     <span class='ocr_line' id='line_1_7' title="bbox 43 1597 1095 1685; baseline 0.003 -24"><span class='ocrx_word' id='word_1_38' title='bbox 43 1597 165 1676; x_wconf 89' lang='lat' dir='ltr'><strong>iissent,</strong></span> <span class='ocrx_word' id='word_1_39' title='bbox 187 1613 381 1664; x_wconf 90' lang='lat' dir='ltr'><strong>censuerunt</strong></span> <span class='ocrx_word' id='word_1_40' title='bbox 402 1599 523 1676; x_wconf 91' lang='lat' dir='ltr'><strong>Patres,</strong></span> <span class='ocrx_word' id='word_1_41' title='bbox 544 1613 581 1663; x_wconf 93' lang='lat' dir='ltr'><strong>ut</strong></span> <span class='ocrx_word' id='word_1_42' title='bbox 602 1599 746 1663; x_wconf 88' lang='lat' dir='ltr'><strong>consules</strong></span> <span class='ocrx_word' id='word_1_43' title='bbox 770 1599 853 1663; x_wconf 90' lang='lat' dir='ltr'><strong>inter</strong></span> <span class='ocrx_word' id='word_1_44' title='bbox 878 1621 911 1663; x_wconf 89' lang='lat' dir='ltr'><strong>se</strong></span> <span class='ocrx_word' id='word_1_45' title='bbox 933 1621 1095 1685; x_wconf 82' lang='lat' dir='ltr'><strong>compara·</strong></span> 
     </span>
     <span class='ocr_line' id='line_1_8' title="bbox 43 1683 1093 1763; baseline 0.002 -17"><span class='ocrx_word' id='word_1_46' title='bbox 43 1697 127 1762; x_wconf 88' lang='lat' dir='ltr'><strong>rent,</strong></span> <span class='ocrx_word' id='word_1_47' title='bbox 158 1686 393 1762; x_wconf 85' lang='lat' dir='ltr'><strong>sortirenturve,</strong></span> <span class='ocrx_word' id='word_1_48' title='bbox 419 1699 491 1750; x_wconf 93' lang='lat' dir='ltr'><strong>uter</strong></span> <span class='ocrx_word' id='word_1_49' title='bbox 517 1685 658 1749; x_wconf 91' lang='lat' dir='ltr'><strong>Bruttios</strong></span> <span class='ocrx_word' id='word_1_50' title='bbox 687 1685 836 1749; x_wconf 84' lang='lat' dir='ltr'><strong>adversus</strong></span> <span class='ocrx_word' id='word_1_51' title='bbox 867 1683 1093 1763; x_wconf 88' lang='lat' dir='ltr'><strong>Hannibalem,</strong></span> 
     </span>
     <span class='ocr_line' id='line_1_9' title="bbox 44 1769 1096 1858; baseline 0.002 -25"><span class='ocrx_word' id='word_1_52' title='bbox 44 1783 117 1834; x_wconf 90' lang='lat' dir='ltr'><strong>uter</strong></span> <span class='ocrx_word' id='word_1_53' title='bbox 133 1769 293 1836; x_wconf 83' lang='lat' dir='ltr'><strong>Etruriam</strong></span> <span class='ocrx_word' id='word_1_54' title='bbox 308 1794 344 1836; x_wconf 87' lang='lat' dir='ltr'><strong>ac</strong></span> <span class='ocrx_word' id='word_1_55' title='bbox 360 1771 495 1858; x_wconf 82' lang='lat' dir='ltr'>Ligures</span> <span class='ocrx_word' id='word_1_56' title='bbox 540 1772 710 1836; x_wconf 87' lang='lat' dir='ltr'><strong>rovinciam</strong></span> <span class='ocrx_word' id='word_1_57' title='bbox 730 1770 869 1835; x_wconf 84' lang='lat' dir='ltr'><strong>haberet</strong></span> <span class='ocrx_word' id='word_1_58' title='bbox 917 1771 983 1835; x_wconf 89' lang='lat' dir='ltr'><strong>Cui</strong></span> <span class='ocrx_word' id='word_1_59' title='bbox 998 1771 1096 1836; x_wconf 91' lang='lat' dir='ltr'><strong>Brut·</strong></span> 
     </span>
     <span class='ocr_line' id='line_1_10' title="bbox 44 1793 1251 1954; baseline 0.003 -36"><span class='ocrx_word' id='word_1_60' title='bbox 44 1855 81 1918; x_wconf 91' lang='lat' dir='ltr'><strong>tii</strong></span> <span class='ocrx_word' id='word_1_61' title='bbox 94 1857 285 1934; x_wconf 87' lang='lat' dir='ltr'><strong>evenissent,</strong></span> <span class='ocrx_word' id='word_1_62' title='bbox 298 1857 472 1921; x_wconf 83' lang='lat' dir='ltr'><strong>exercitum</strong></span> <span class='ocrx_word' id='word_1_63' title='bbox 484 1880 504 1920; x_wconf 85' lang='lat' dir='ltr'><strong>a</strong></span> <span class='ocrx_word' id='word_1_64' title='bbox 514 1793 551 1920; x_wconf 58' lang='lat' dir='ltr'><strong>E.</strong></span> <span class='ocrx_word' id='word_1_65' title='bbox 562 1857 750 1942; x_wconf 87' lang='lat' dir='ltr'><strong>Sempronio</strong></span> <span class='ocrx_word' id='word_1_66' title='bbox 761 1857 926 1954; x_wconf 87' lang='lat' dir='ltr'><strong>acciperet</strong></span> <span class='ocrx_word' id='word_1_67' title='bbox 958 1855 994 1920; x_wconf 91' lang='lat' dir='ltr'><strong>P.</strong></span> <span class='ocrx_word' id='word_1_68' title='bbox 1005 1855 1095 1920; x_wconf 87' lang='lat' dir='ltr'><strong>Sem·</strong></span> <span class='ocrx_word' id='word_1_69' title='bbox 1104 1871 1169 1947; x_wconf 63' lang='lat' dir='ltr'><strong>naus</strong></span> <span class='ocrx_word' id='word_1_70' title='bbox 1177 1872 1251 1923; x_wconf 73' lang='lat' dir='ltr'><strong>Ml·</strong></span> 
     </span>
     <span class='ocr_line' id='line_1_11' title="bbox 43 1941 1167 2028; baseline 0.004 -25"><span class='ocrx_word' id='word_1_71' title='bbox 43 1941 178 2026; x_wconf 91' lang='lat' dir='ltr'><strong>pronius</strong></span> <span class='ocrx_word' id='word_1_72' title='bbox 200 1941 246 2027; x_wconf 89' lang='lat' dir='ltr'><strong>(ei</strong></span> <span class='ocrx_word' id='word_1_73' title='bbox 289 1964 394 2027; x_wconf 89' lang='lat' dir='ltr'><strong>noque</strong></span> <span class='ocrx_word' id='word_1_74' title='bbox 416 1943 502 2005; x_wconf 87' lang='lat' dir='ltr'><strong>enim</strong></span> <span class='ocrx_word' id='word_1_75' title='bbox 525 1941 704 2028; x_wconf 87' lang='lat' dir='ltr'>proconsuli</span> <span class='ocrx_word' id='word_1_76' title='bbox 726 1942 770 2003; x_wconf 91' lang='lat' dir='ltr'><strong>im</strong></span> <span class='ocrx_word' id='word_1_77' title='bbox 813 1963 895 2004; x_wconf 89' lang='lat' dir='ltr'><strong>rrum</strong></span> <span class='ocrx_word' id='word_1_78' title='bbox 917 1942 952 2004; x_wconf 89' lang='lat' dir='ltr'><strong>iu</strong></span> <span class='ocrx_word' id='word_1_79' title='bbox 974 1951 1167 2006; x_wconf 58' lang='lat' dir='ltr'><strong>annumemu·</strong></span> 
     </span>
     <span class='ocr_line' id='line_1_12' title="bbox 43 1965 1096 2112; baseline 0.002 -23"><span class='ocrx_word' id='word_1_80' title='bbox 43 1965 289 2112; x_wconf 68' lang='lat' dir='ltr'><strong>prorogabatuii</strong></span> <span class='ocrx_word' id='word_1_81' title='bbox 304 2027 340 2091; x_wconf 91' lang='lat' dir='ltr'><strong>P.</strong></span> <span class='ocrx_word' id='word_1_82' title='bbox 353 2027 480 2090; x_wconf 91' lang='lat' dir='ltr'><strong>Licinio</strong></span> <span class='ocrx_word' id='word_1_83' title='bbox 494 2025 695 2090; x_wconf 75' lang='lat' dir='ltr'><strong>succederetr</strong></span> <span class='ocrx_word' id='word_1_84' title='bbox 721 2026 748 2088; x_wconf 91' lang='lat' dir='ltr'><strong>is</strong></span> <span class='ocrx_word' id='word_1_85' title='bbox 796 2048 900 2090; x_wconf 89' lang='lat' dir='ltr'><strong>ornam</strong></span> <span class='ocrx_word' id='word_1_86' title='bbox 923 2039 1096 2092; x_wconf 88' lang='lat' dir='ltr'><strong>revertere·</strong></span> 
     </span>
     <span class='ocr_line' id='line_1_13' title="bbox 24 2110 1096 2198; baseline 0.004 -24"><span class='ocrx_word' id='word_1_87' title='bbox 24 2125 107 2189; x_wconf 78' lang='lat' dir='ltr'><strong>rtur,</strong></span> <span class='ocrx_word' id='word_1_88' title='bbox 124 2110 208 2176; x_wconf 90' lang='lat' dir='ltr'><strong>bello</strong></span> <span class='ocrx_word' id='word_1_89' title='bbox 223 2135 352 2198; x_wconf 91' lang='lat' dir='ltr'><strong>quoque</strong></span> <span class='ocrx_word' id='word_1_90' title='bbox 367 2113 470 2176; x_wconf 89' lang='lat' dir='ltr'><strong>bonus</strong></span> <span class='ocrx_word' id='word_1_91' title='bbox 492 2111 617 2176; x_wconf 92' lang='lat' dir='ltr'><strong>habitus</strong></span> <span class='ocrx_word' id='word_1_92' title='bbox 632 2110 673 2174; x_wconf 88' lang='lat' dir='ltr'><strong>ad</strong></span> <span class='ocrx_word' id='word_1_93' title='bbox 688 2122 801 2188; x_wconf 89' lang='lat' dir='ltr'><strong>cetera,</strong></span> <span class='ocrx_word' id='word_1_94' title='bbox 818 2111 933 2197; x_wconf 90' lang='lat' dir='ltr'><strong>quibus</strong></span> <span class='ocrx_word' id='word_1_95' title='bbox 948 2134 1043 2176; x_wconf 88' lang='lat' dir='ltr'><strong>uerno</strong></span> <span class='ocrx_word' id='word_1_96' title='bbox 1058 2135 1096 2178; x_wconf 88' lang='lat' dir='ltr'><strong>ea</strong></span> 
     </span>
     <span class='ocr_line' id='line_1_14' title="bbox 45 2196 1095 2284; baseline 0.001 -22"><span class='ocrx_word' id='word_1_97' title='bbox 45 2209 235 2284; x_wconf 81' lang='lat' dir='ltr'><strong>tempestate</strong></span> <span class='ocrx_word' id='word_1_98' title='bbox 258 2198 440 2262; x_wconf 87' lang='lat' dir='ltr'><strong>instructior</strong></span> <span class='ocrx_word' id='word_1_99' title='bbox 460 2197 537 2261; x_wconf 84' lang='lat' dir='ltr'><strong>civis</strong></span> <span class='ocrx_word' id='word_1_100' title='bbox 560 2196 743 2272; x_wconf 81' lang='lat' dir='ltr'><strong>habebatur,</strong></span> <span class='ocrx_word' id='word_1_101' title='bbox 767 2198 924 2284; x_wconf 81' lang='lat' dir='ltr'><strong>congestis</strong></span> <span class='ocrx_word' id='word_1_102' title='bbox 948 2199 1095 2264; x_wconf 89' lang='lat' dir='ltr'><strong>omuibus</strong></span> 
     </span>
     <span class='ocr_line' id='line_1_15' title="bbox 44 2281 1095 2369; baseline 0.003 -23"><span class='ocrx_word' id='word_1_103' title='bbox 44 2282 193 2350; x_wconf 89' lang='lat' dir='ltr'><strong>humanis</strong></span> <span class='ocrx_word' id='word_1_104' title='bbox 209 2307 228 2348; x_wconf 93' lang='lat' dir='ltr'><strong>a</strong></span> <span class='ocrx_word' id='word_1_105' title='bbox 242 2296 356 2348; x_wconf 87' lang='lat' dir='ltr'><strong>natura</strong></span> <span class='ocrx_word' id='word_1_106' title='bbox 369 2284 559 2369; x_wconf 81' lang='lat' dir='ltr'><strong>fortunaque</strong></span> <span class='ocrx_word' id='word_1_107' title='bbox 574 2283 675 2347; x_wconf 83' lang='lat' dir='ltr'><strong>bonis.</strong></span> <span class='ocrx_word' id='word_1_108' title='bbox 716 2281 843 2347; x_wconf 89' lang='lat' dir='ltr'><strong>Nobilis</strong></span> <span class='ocrx_word' id='word_1_109' title='bbox 857 2282 943 2347; x_wconf 89' lang='lat' dir='ltr'><strong>idem</strong></span> <span class='ocrx_word' id='word_1_110' title='bbox 958 2305 995 2348; x_wconf 88' lang='lat' dir='ltr'><strong>ac</strong></span> <span class='ocrx_word' id='word_1_111' title='bbox 1006 2284 1095 2349; x_wconf 90' lang='lat' dir='ltr'><strong>dives</strong></span> 
     </span>
    </p>

    <p class='ocr_par' dir='ltr' id='par_1_6' title="bbox 22 2367 1096 3229">
     <span class='ocr_line' id='line_1_16' title="bbox 23 2367 1094 2456; baseline 0.002 -23"><span class='ocrx_word' id='word_1_112' title='bbox 23 2383 131 2435; x_wconf 69' lang='lat' dir='ltr'><strong>cerat:</strong></span> <span class='ocrx_word' id='word_1_113' title='bbox 154 2371 256 2434; x_wconf 85' lang='lat' dir='ltr'><strong>forma</strong></span> <span class='ocrx_word' id='word_1_114' title='bbox 265 2370 449 2456; x_wconf 87' lang='lat' dir='ltr'><strong>viribusque</strong></span> <span class='ocrx_word' id='word_1_115' title='bbox 464 2369 602 2455; x_wconf 89' lang='lat' dir='ltr'><strong>corporis</strong></span> <span class='ocrx_word' id='word_1_116' title='bbox 617 2367 801 2433; x_wconf 86' lang='lat' dir='ltr'><strong>excellebat.</strong></span> <span class='ocrx_word' id='word_1_117' title='bbox 838 2367 1094 2435; x_wconf 88' lang='lat' dir='ltr'><strong>Facundissimus</strong></span> 
     </span>
     <span class='ocr_line' id='line_1_17' title="bbox 22 2454 1095 2555; baseline -0.005 -31"><span class='ocrx_word' id='word_1_118' title='bbox 22 2456 231 2534; x_wconf 75' lang='lat' dir='ltr'><strong>shabebatur,</strong></span> <span class='ocrx_word' id='word_1_119' title='bbox 253 2479 310 2521; x_wconf 90' lang='lat' dir='ltr'><strong>seu</strong></span> <span class='ocrx_word' id='word_1_120' title='bbox 332 2477 426 2520; x_wconf 88' lang='lat' dir='ltr'><strong>causa</strong></span> <span class='ocrx_word' id='word_1_121' title='bbox 447 2454 574 2531; x_wconf 87' lang='lat' dir='ltr'><strong>oranda,</strong></span> <span class='ocrx_word' id='word_1_122' title='bbox 597 2477 655 2518; x_wconf 90' lang='lat' dir='ltr'><strong>seu</strong></span> <span class='ocrx_word' id='word_1_123' title='bbox 676 2455 711 2517; x_wconf 90' lang='lat' dir='ltr'><strong>in</strong></span> <span class='ocrx_word' id='word_1_124' title='bbox 733 2466 856 2531; x_wconf 87' lang='lat' dir='ltr'><strong>senatu,</strong></span> <span class='ocrx_word' id='word_1_125' title='bbox 877 2454 918 2518; x_wconf 88' lang='lat' dir='ltr'><strong>ad</strong></span> <span class='ocrx_word' id='word_1_126' title='bbox 982 2456 1095 2555; x_wconf 90' lang='lat' dir='ltr'><strong>pulum</strong></span> 
     </span>
     <span class='ocr_line' id='line_1_18' title="bbox 22 2478 1094 2627; baseline -0.006 -17"><span class='ocrx_word' id='word_1_127' title='bbox 22 2541 201 2610; x_wconf 74' lang='lat' dir='ltr'><strong>ssuadendi</strong></span> <span class='ocrx_word' id='word_1_128' title='bbox 224 2565 260 2606; x_wconf 92' lang='lat' dir='ltr'><strong>ac</strong></span> <span class='ocrx_word' id='word_1_129' title='bbox 282 2540 487 2606; x_wconf 87' lang='lat' dir='ltr'><strong>dissuadendi</strong></span> <span class='ocrx_word' id='word_1_130' title='bbox 508 2539 596 2604; x_wconf 87' lang='lat' dir='ltr'><strong>locus</strong></span> <span class='ocrx_word' id='word_1_131' title='bbox 618 2553 717 2605; x_wconf 82' lang='lat' dir='ltr'><strong>esset:</strong></span> <span class='ocrx_word' id='word_1_132' title='bbox 741 2540 818 2604; x_wconf 90' lang='lat' dir='ltr'><strong>iuris</strong></span> <span class='ocrx_word' id='word_1_133' title='bbox 837 2478 993 2627; x_wconf 67' lang='lat' dir='ltr'><strong>pontiiiiir</strong></span> <span class='ocrx_word' id='word_1_134' title='bbox 1051 2542 1094 2604; x_wconf 93' lang='lat' dir='ltr'><strong>ri-</strong></span> 
     </span>
     <span class='ocr_line' id='line_1_19' title="bbox 23 2564 1094 2726; baseline -0.006 -30"><span class='ocrx_word' id='word_1_135' title='bbox 23 2627 193 2696; x_wconf 76' lang='lat' dir='ltr'><strong>stissiunus.</strong></span> <span class='ocrx_word' id='word_1_136' title='bbox 241 2627 453 2713; x_wconf 76' lang='lat' dir='ltr'><strong>superhaec,</strong></span> <span class='ocrx_word' id='word_1_137' title='bbox 476 2625 606 2691; x_wconf 87' lang='lat' dir='ltr'><strong>bellicae</strong></span> <span class='ocrx_word' id='word_1_138' title='bbox 629 2649 758 2726; x_wconf 87' lang='lat' dir='ltr'><strong>quoque</strong></span> <span class='ocrx_word' id='word_1_139' title='bbox 782 2625 884 2691; x_wconf 90' lang='lat' dir='ltr'><strong>laudis</strong></span> <span class='ocrx_word' id='word_1_140' title='bbox 913 2564 1094 2691; x_wconf 56' lang='lat' dir='ltr'><strong>consulbetus</strong></span> 
     </span>
     <span class='ocr_line' id='line_1_20' title="bbox 46 2711 1094 2800; baseline 0 -24"><span class='ocrx_word' id='word_1_141' title='bbox 46 2726 225 2800; x_wconf 88' lang='lat' dir='ltr'><strong>compotem</strong></span> <span class='ocrx_word' id='word_1_142' title='bbox 249 2713 374 2778; x_wconf 77' lang='lat' dir='ltr'><strong>fecerat</strong></span> <span class='ocrx_word' id='word_1_143' title='bbox 423 2712 520 2787; x_wconf 88' lang='lat' dir='ltr'><strong>Quod</strong></span> <span class='ocrx_word' id='word_1_144' title='bbox 542 2713 576 2776; x_wconf 88' lang='lat' dir='ltr'><strong>iu</strong></span> <span class='ocrx_word' id='word_1_145' title='bbox 598 2711 730 2776; x_wconf 88' lang='lat' dir='ltr'><strong>Bmttirs</strong></span> <span class='ocrx_word' id='word_1_146' title='bbox 752 2713 923 2800; x_wconf 85' lang='lat' dir='ltr'><strong>provincia,</strong></span> <span class='ocrx_word' id='word_1_147' title='bbox 948 2713 1034 2778; x_wconf 88' lang='lat' dir='ltr'><strong>idem</strong></span> <span class='ocrx_word' id='word_1_148' title='bbox 1058 2713 1094 2776; x_wconf 91' lang='lat' dir='ltr'><strong>in</strong></span> 
     </span>
     <span class='ocr_line' id='line_1_21' title="bbox 47 2796 1094 2885; baseline 0.001 -24"><span class='ocrx_word' id='word_1_149' title='bbox 47 2797 176 2863; x_wconf 81' lang='lat' dir='ltr'><strong>Etruria</strong></span> <span class='ocrx_word' id='word_1_150' title='bbox 193 2821 229 2863; x_wconf 91' lang='lat' dir='ltr'><strong>ac</strong></span> <span class='ocrx_word' id='word_1_151' title='bbox 245 2798 416 2885; x_wconf 84' lang='lat' dir='ltr'><strong>Liguribus</strong></span> <span class='ocrx_word' id='word_1_152' title='bbox 437 2798 610 2862; x_wconf 88' lang='lat' dir='ltr'><strong>decretum.</strong></span> <span class='ocrx_word' id='word_1_153' title='bbox 657 2796 705 2862; x_wconf 90' lang='lat' dir='ltr'><strong>M.</strong></span> <span class='ocrx_word' id='word_1_154' title='bbox 722 2797 890 2862; x_wconf 86' lang='lat' dir='ltr'><strong>Cornelius</strong></span> <span class='ocrx_word' id='word_1_155' title='bbox 911 2821 995 2863; x_wconf 88' lang='lat' dir='ltr'><strong>novo</strong></span> <span class='ocrx_word' id='word_1_156' title='bbox 1017 2821 1094 2863; x_wconf 93' lang='lat' dir='ltr'><strong>con·</strong></span> 
     </span>
     <span class='ocr_line' id='line_1_22' title="bbox 46 2883 1095 2969; baseline 0.001 -22"><span class='ocrx_word' id='word_1_157' title='bbox 46 2885 107 2948; x_wconf 91' lang='lat' dir='ltr'><strong>suli</strong></span> <span class='ocrx_word' id='word_1_158' title='bbox 123 2885 246 2949; x_wconf 84' lang='lat' dir='ltr'><strong>tradere</strong></span> <span class='ocrx_word' id='word_1_159' title='bbox 258 2885 434 2949; x_wconf 86' lang='lat' dir='ltr'><strong>exercitum</strong></span> <span class='ocrx_word' id='word_1_160' title='bbox 449 2885 567 2948; x_wconf 86' lang='lat' dir='ltr'><strong>iussus:</strong></span> <span class='ocrx_word' id='word_1_161' title='bbox 588 2885 598 2946; x_wconf 91' lang='lat' dir='ltr'><strong>i</strong></span> <span class='ocrx_word' id='word_1_162' title='bbox 657 2897 846 2969; x_wconf 82' lang='lat' dir='ltr'><strong>,prorogato</strong></span> <span class='ocrx_word' id='word_1_163' title='bbox 861 2884 1003 2969; x_wconf 90' lang='lat' dir='ltr'><strong>imperio,</strong></span> <span class='ocrx_word' id='word_1_164' title='bbox 1016 2883 1095 2948; x_wconf 93' lang='lat' dir='ltr'><strong>Gal·</strong></span> 
     </span>
     <span class='ocr_line' id='line_1_23' title="bbox 47 2907 1096 3057; baseline 0 -25"><span class='ocrx_word' id='word_1_165' title='bbox 47 2969 123 3034; x_wconf 90' lang='lat' dir='ltr'><strong>liam</strong></span> <span class='ocrx_word' id='word_1_166' title='bbox 145 2970 338 3057; x_wconf 90' lang='lat' dir='ltr'><strong>provinciam</strong></span> <span class='ocrx_word' id='word_1_167' title='bbox 354 2969 497 3034; x_wconf 92' lang='lat' dir='ltr'><strong>obtinere</strong></span> <span class='ocrx_word' id='word_1_168' title='bbox 512 2990 585 3032; x_wconf 90' lang='lat' dir='ltr'><strong>curn</strong></span> <span class='ocrx_word' id='word_1_169' title='bbox 600 2907 786 3052; x_wconf 50' lang='lat' dir='ltr'><strong>ligionibus</strong></span> <span class='ocrx_word' id='word_1_170' title='bbox 807 2967 854 3042; x_wconf 91' lang='lat' dir='ltr'><strong>iis,</strong></span> <span class='ocrx_word' id='word_1_171' title='bbox 871 2991 949 3051; x_wconf 89' lang='lat' dir='ltr'><strong>quas</strong></span> <span class='ocrx_word' id='word_1_172' title='bbox 994 2982 1096 3032; x_wconf 90' lang='lat' dir='ltr'><strong>raetor</strong></span> 
     </span>
     <span class='ocr_line' id='line_1_24' title="bbox 47 2990 1095 3154; baseline -0.001 -35"><span class='ocrx_word' id='word_1_173' title='bbox 47 3054 85 3119; x_wconf 81' lang='lat' dir='ltr'>L</span> <span class='ocrx_word' id='word_1_174' title='bbox 103 3054 286 3120; x_wconf 88' lang='lat' dir='ltr'><strong>Scribonius</strong></span> <span class='ocrx_word' id='word_1_175' title='bbox 305 3056 410 3154; x_wconf 87' lang='lat' dir='ltr'><strong>priore</strong></span> <span class='ocrx_word' id='word_1_176' title='bbox 433 3075 517 3116; x_wconf 88' lang='lat' dir='ltr'><strong>anno</strong></span> <span class='ocrx_word' id='word_1_177' title='bbox 537 3052 706 3116; x_wconf 80' lang='lat' dir='ltr'><strong>habuisset</strong></span> <span class='ocrx_word' id='word_1_178' title='bbox 754 3050 863 3114; x_wconf 91' lang='lat' dir='ltr'><strong>Sortiti</strong></span> <span class='ocrx_word' id='word_1_179' title='bbox 886 2990 1003 3115; x_wconf 76' lang='lat' dir='ltr'><strong>deinde</strong></span> <span class='ocrx_word' id='word_1_180' title='bbox 1022 3075 1095 3139; x_wconf 92' lang='lat' dir='ltr'><strong>pro·</strong></span> 
     </span>
     <span class='ocr_line' id='line_1_25' title="bbox 46 3135 1092 3229; baseline -0.001 -25"><span class='ocrx_word' id='word_1_181' title='bbox 46 3141 184 3206; x_wconf 84' lang='lat' dir='ltr'><strong>vincias:</strong></span> <span class='ocrx_word' id='word_1_182' title='bbox 212 3140 369 3229; x_wconf 81' lang='lat' dir='ltr'><strong>Caepioni</strong></span> <span class='ocrx_word' id='word_1_183' title='bbox 384 3137 512 3214; x_wconf 89' lang='lat' dir='ltr'><strong>Bruttii,</strong></span> <span class='ocrx_word' id='word_1_184' title='bbox 527 3135 660 3202; x_wconf 86' lang='lat' dir='ltr'><strong>Servilio</strong></span> <span class='ocrx_word' id='word_1_185' title='bbox 677 3135 818 3200; x_wconf 92' lang='lat' dir='ltr'><strong>Gemino</strong></span> <span class='ocrx_word' id='word_1_186' title='bbox 834 3135 964 3200; x_wconf 86' lang='lat' dir='ltr'><strong>Etruria</strong></span> <span class='ocrx_word' id='word_1_187' title='bbox 978 3139 1092 3203; x_wconf 87' lang='lat' dir='ltr'><strong>evenit</strong></span> 
     </span>
    </p>
   </div>
   <div class='ocr_carea' id='block_1_6' title="bbox 49 3331 1099 4411">
    <p class='ocr_par' dir='ltr' id='par_1_7' title="bbox 49 3331 1094 3447">
     <span class='ocr_line' id='line_1_26' title="bbox 83 3331 1094 3395; baseline -0.002 -11"><span class='ocrx_word' id='word_1_188' title='bbox 83 3351 92 3384; x_wconf 91' lang='lat' dir='ltr'><strong>r</strong></span> <span class='ocrx_word' id='word_1_189' title='bbox 112 3337 154 3383; x_wconf 74' lang='lat' dir='ltr'><strong>Aa</strong></span> <span class='ocrx_word' id='word_1_190' title='bbox 167 3337 260 3395; x_wconf 82' lang='lat' dir='ltr'><strong>cetera]</strong></span> <span class='ocrx_word' id='word_1_191' title='bbox 282 3335 383 3382; x_wconf 87' lang='lat' dir='ltr'><strong>Praeter</strong></span> <span class='ocrx_word' id='word_1_192' title='bbox 397 3338 490 3381; x_wconf 85' lang='lat' dir='ltr'><strong>ceteras</strong></span> <span class='ocrx_word' id='word_1_193' title='bbox 505 3333 555 3380; x_wconf 87' lang='lat' dir='ltr'><strong>lau·</strong></span> <span class='ocrx_word' id='word_1_194' title='bbox 589 3333 704 3381; x_wconf 84' lang='lat' dir='ltr'><strong>laudatur</strong></span> <span class='ocrx_word' id='word_1_195' title='bbox 714 3331 739 3382; x_wconf 92' lang='lat' dir='ltr'><strong>in</strong></span> <span class='ocrx_word' id='word_1_196' title='bbox 750 3348 780 3382; x_wconf 89' lang='lat' dir='ltr'><strong>eo</strong></span> <span class='ocrx_word' id='word_1_197' title='bbox 793 3331 881 3395; x_wconf 82' lang='lat' dir='ltr'><strong>peritia</strong></span> <span class='ocrx_word' id='word_1_198' title='bbox 894 3331 954 3382; x_wconf 88' lang='lat' dir='ltr'><strong>iuris</strong></span> <span class='ocrx_word' id='word_1_199' title='bbox 967 3331 1094 3395; x_wconf 86' lang='lat' dir='ltr'><strong>pontificii.</strong></span> 
     </span>
     <span class='ocr_line' id='line_1_27' title="bbox 49 3397 670 3447; baseline -0.002 -1"><span class='ocrx_word' id='word_1_200' title='bbox 49 3399 92 3447; x_wconf 87' lang='lat' dir='ltr'><strong>des</strong></span> <span class='ocrx_word' id='word_1_201' title='bbox 103 3405 129 3446; x_wconf 92' lang='lat' dir='ltr'><strong>et</strong></span> <span class='ocrx_word' id='word_1_202' title='bbox 139 3404 289 3447; x_wconf 79' lang='lat' dir='ltr'><strong>ornamenta</strong></span> <span class='ocrx_word' id='word_1_203' title='bbox 307 3399 387 3446; x_wconf 77' lang='lat' dir='ltr'><strong>Onus.</strong></span> <span class='ocrx_word' id='word_1_204' title='bbox 589 3397 670 3446; x_wconf 82' lang='lat' dir='ltr'><strong>Cnsv.</strong></span> 
     </span>
    </p>

    <p class='ocr_par' dir='ltr' id='par_1_8' title="bbox 50 3459 1096 3839">
     <span class='ocr_line' id='line_1_28' title="bbox 82 3459 1095 3536; baseline 0 -26"><span class='ocrx_word' id='word_1_205' title='bbox 82 3464 313 3536; x_wconf 70' lang='lat' dir='ltr'><strong>nFaermdisrs&#39;mus</strong></span> <span class='ocrx_word' id='word_1_206' title='bbox 331 3461 478 3534; x_wconf 66' lang='lat' dir='ltr'><strong>habebatur]</strong></span> <span class='ocrx_word' id='word_1_207' title='bbox 507 3459 555 3508; x_wconf 86' lang='lat' dir='ltr'><strong>Mi·</strong></span> <span class='ocrx_word' id='word_1_208' title='bbox 621 3461 759 3521; x_wconf 71' lang='lat' dir='ltr'><strong>sBelliccs</strong></span> <span class='ocrx_word' id='word_1_209' title='bbox 785 3477 880 3524; x_wconf 77' lang='lat' dir='ltr'><strong>quoqsss</strong></span> <span class='ocrx_word' id='word_1_210' title='bbox 905 3462 987 3508; x_wconf 80' lang='lat' dir='ltr'><strong>laudis</strong></span> <span class='ocrx_word' id='word_1_211' title='bbox 1011 3476 1095 3510; x_wconf 78' lang='lat' dir='ltr'><strong>oonsu-</strong></span> 
     </span>
     <span class='ocr_line' id='line_1_29' title="bbox 50 3523 1096 3648; baseline -0.003 -12"><span class='ocrx_word' id='word_1_212' title='bbox 50 3523 556 3648; x_wconf 59' lang='lat' dir='ltr'><strong>tintlttuttttttittnl</strong></span> <span class='ocrx_word' id='word_1_213' title='bbox 589 3525 662 3634; x_wconf 70' lang='lat' dir='ltr'><strong>itt</strong></span> <span class='ocrx_word' id='word_1_214' title='bbox 678 3525 935 3636; x_wconf 54' lang='lat' dir='ltr'><strong>tussitat</strong></span> <span class='ocrx_word' id='word_1_215' title='bbox 948 3524 1096 3648; x_wconf 55' lang='lat' dir='ltr'><strong>anilii*</strong></span> 
     </span>
     <span class='ocr_line' id='line_1_30' title="bbox 50 3649 1095 3713; baseline -0.003 -12"><span class='ocrx_word' id='word_1_216' title='bbox 50 3652 171 3713; x_wconf 86' lang='lat' dir='ltr'><strong>meminit,</strong></span> <span class='ocrx_word' id='word_1_217' title='bbox 192 3653 286 3700; x_wconf 87' lang='lat' dir='ltr'><strong>nullam</strong></span> <span class='ocrx_word' id='word_1_218' title='bbox 304 3649 454 3699; x_wconf 84' lang='lat' dir='ltr'><strong>mentionem</strong></span> <span class='ocrx_word' id='word_1_219' title='bbox 472 3650 557 3698; x_wconf 80' lang='lat' dir='ltr'><strong>fecerit</strong></span> <span class='ocrx_word' id='word_1_220' title='bbox 589 3651 833 3699; x_wconf 84' lang='lat' dir='ltr'><strong>mml&#39;ereomnium.</strong></span> <span class='ocrx_word' id='word_1_221' title='bbox 865 3651 1095 3699; x_wconf 84' lang='lat' dir='ltr'><strong>Grutemsdederat</strong></span> 
     </span>
     <span class='ocr_line' id='line_1_31' title="bbox 50 3713 1095 3778; baseline 0.001 -16"><span class='ocrx_word' id='word_1_222' title='bbox 50 3715 75 3764; x_wconf 92' lang='lat' dir='ltr'><strong>in</strong></span> <span class='ocrx_word' id='word_1_223' title='bbox 94 3717 157 3764; x_wconf 92' lang='lat' dir='ltr'><strong>libro</strong></span> <span class='ocrx_word' id='word_1_224' title='bbox 175 3715 217 3778; x_wconf 91' lang='lat' dir='ltr'><strong>qui</strong></span> <span class='ocrx_word' id='word_1_225' title='bbox 232 3715 369 3764; x_wconf 84' lang='lat' dir='ltr'><strong>inscribitur</strong></span> <span class='ocrx_word' id='word_1_226' title='bbox 384 3717 489 3773; x_wconf 79' lang='lat' dir='ltr'><strong>Bmtus,</strong></span> <span class='ocrx_word' id='word_1_227' title='bbox 507 3713 557 3762; x_wconf 85' lang='lat' dir='ltr'><strong>sive</strong></span> <span class='ocrx_word' id='word_1_228' title='bbox 590 3715 696 3763; x_wconf 79' lang='lat' dir='ltr'><strong>Bellicus</strong></span> <span class='ocrx_word' id='word_1_229' title='bbox 721 3730 815 3777; x_wconf 68' lang='lat' dir='ltr'><strong>quocies</strong></span> <span class='ocrx_word' id='word_1_230' title='bbox 841 3715 925 3764; x_wconf 66' lang='lat' dir='ltr'><strong>kades</strong></span> <span class='ocrx_word' id='word_1_231' title='bbox 955 3715 1095 3763; x_wconf 75' lang='lat' dir='ltr'><strong>oemulatur</strong></span> 
     </span>
     <span class='ocr_line' id='line_1_32' title="bbox 51 3777 1095 3839; baseline 0 -13"><span class='ocrx_word' id='word_1_232' title='bbox 51 3781 173 3829; x_wconf 80' lang='lat' dir='ltr'><strong>Declaris</strong></span> <span class='ocrx_word' id='word_1_233' title='bbox 185 3780 336 3828; x_wconf 77' lang='lat' dir='ltr'><strong>Oratoribsu.</strong></span> <span class='ocrx_word' id='word_1_234' title='bbox 354 3779 441 3826; x_wconf 80' lang='lat' dir='ltr'><strong>Danu.</strong></span> <span class='ocrx_word' id='word_1_235' title='bbox 589 3785 717 3839; x_wconf 82' lang='lat' dir='ltr'><strong>compotem</strong></span> <span class='ocrx_word' id='word_1_236' title='bbox 733 3779 865 3836; x_wconf 78' lang='lat' dir='ltr'><strong>fecerant:</strong></span> <span class='ocrx_word' id='word_1_237' title='bbox 891 3777 962 3839; x_wconf 87' lang='lat' dir='ltr'><strong>eique</strong></span> <span class='ocrx_word' id='word_1_238' title='bbox 987 3778 1095 3826; x_wconf 86' lang='lat' dir='ltr'><strong>obsecuti</strong></span> 
     </span>
    </p>

    <p class='ocr_par' dir='ltr' id='par_1_9' title="bbox 50 3839 1099 4284">
     <span class='ocr_line' id='line_1_33' title="bbox 83 3839 1097 3904; baseline -0.002 -12"><span class='ocrx_word' id='word_1_239' title='bbox 83 3839 485 3904; x_wconf 57' lang='lat' dir='ltr'><strong>3Ssutnsencmcdpopalum]</strong></span> <span class='ocrx_word' id='word_1_240' title='bbox 500 3840 556 3888; x_wconf 89' lang='lat' dir='ltr'><strong>Ele·</strong></span> <span class='ocrx_word' id='word_1_241' title='bbox 590 3842 686 3890; x_wconf 87' lang='lat' dir='ltr'><strong>fuerant</strong></span> <span class='ocrx_word' id='word_1_242' title='bbox 713 3841 824 3890; x_wconf 84' lang='lat' dir='ltr'><strong>editores.</strong></span> <span class='ocrx_word' id='word_1_243' title='bbox 871 3842 984 3890; x_wconf 79' lang='lat' dir='ltr'><strong>Proiecto</strong></span> <span class='ocrx_word' id='word_1_244' title='bbox 1012 3847 1097 3890; x_wconf 87' lang='lat' dir='ltr'><strong>contra</strong></span> 
     </span>
     <span class='ocr_line' id='line_1_34' title="bbox 50 3903 1096 3969; baseline 0 -15"><span class='ocrx_word' id='word_1_245' title='bbox 50 3921 110 3966; x_wconf 81' lang='lat' dir='ltr'><strong>gans</strong></span> <span class='ocrx_word' id='word_1_246' title='bbox 130 3907 275 3969; x_wconf 80' lang='lat' dir='ltr'><strong>asyndeton,</strong></span> <span class='ocrx_word' id='word_1_247' title='bbox 294 3907 359 3967; x_wconf 90' lang='lat' dir='ltr'><strong>quod</strong></span> <span class='ocrx_word' id='word_1_248' title='bbox 381 3909 481 3952; x_wconf 88' lang='lat' dir='ltr'><strong>tuentur</strong></span> <span class='ocrx_word' id='word_1_249' title='bbox 502 3903 557 3952; x_wconf 89' lang='lat' dir='ltr'><strong>libri</strong></span> <span class='ocrx_word' id='word_1_250' title='bbox 591 3905 654 3952; x_wconf 80' lang='lat' dir='ltr'><strong>Livii</strong></span> <span class='ocrx_word' id='word_1_251' title='bbox 670 3909 787 3954; x_wconf 88' lang='lat' dir='ltr'><strong>mentem.</strong></span> <span class='ocrx_word' id='word_1_252' title='bbox 820 3903 892 3953; x_wconf 88' lang='lat' dir='ltr'><strong>Nihil</strong></span> <span class='ocrx_word' id='word_1_253' title='bbox 911 3905 977 3954; x_wconf 87' lang='lat' dir='ltr'><strong>enim</strong></span> <span class='ocrx_word' id='word_1_254' title='bbox 997 3905 1096 3954; x_wconf 90' lang='lat' dir='ltr'><strong>omnino</strong></span> 
     </span>
     <span class='ocr_line' id='line_1_35' title="bbox 52 3967 1097 4030; baseline 0.002 -14"><span class='ocrx_word' id='word_1_255' title='bbox 52 3970 126 4018; x_wconf 89' lang='lat' dir='ltr'><strong>nostri</strong></span> <span class='ocrx_word' id='word_1_256' title='bbox 133 3985 190 4019; x_wconf 84' lang='lat' dir='ltr'><strong>curn</strong></span> <span class='ocrx_word' id='word_1_257' title='bbox 198 3969 360 4018; x_wconf 79' lang='lat' dir='ltr'><strong>Gronorianis</strong></span> <span class='ocrx_word' id='word_1_258' title='bbox 367 3967 473 4030; x_wconf 86' lang='lat' dir='ltr'><strong>optimis.</strong></span> <span class='ocrx_word' id='word_1_259' title='bbox 489 3967 558 4016; x_wconf 86' lang='lat' dir='ltr'><strong>Male</strong></span> <span class='ocrx_word' id='word_1_260' title='bbox 590 3970 670 4017; x_wconf 89' lang='lat' dir='ltr'><strong>abeo</strong></span> <span class='ocrx_word' id='word_1_261' title='bbox 688 3973 851 4016; x_wconf 84' lang='lat' dir='ltr'><strong>memoratum</strong></span> <span class='ocrx_word' id='word_1_262' title='bbox 873 3975 909 4018; x_wconf 86' lang='lat' dir='ltr'><strong>est</strong></span> <span class='ocrx_word' id='word_1_263' title='bbox 930 3975 989 4019; x_wconf 88' lang='lat' dir='ltr'><strong>ante</strong></span> <span class='ocrx_word' id='word_1_264' title='bbox 1010 3985 1097 4018; x_wconf 87' lang='lat' dir='ltr'><strong>consu·</strong></span> 
     </span>
     <span class='ocr_line' id='line_1_36' title="bbox 52 4031 1097 4095; baseline -0.001 -12"><span class='ocrx_word' id='word_1_265' title='bbox 52 4032 141 4082; x_wconf 70' lang='lat' dir='ltr'><strong>insana</strong></span> <span class='ocrx_word' id='word_1_266' title='bbox 151 4035 231 4082; x_wconf 84' lang='lat' dir='ltr'><strong>fuerat</strong></span> <span class='ocrx_word' id='word_1_267' title='bbox 244 4033 365 4095; x_wconf 88' lang='lat' dir='ltr'><strong>particula</strong></span> <span class='ocrx_word' id='word_1_268' title='bbox 375 4031 434 4081; x_wconf 80' lang='lat' dir='ltr'><strong>stin</strong></span> <span class='ocrx_word' id='word_1_269' title='bbox 447 4031 557 4093; x_wconf 82' lang='lat' dir='ltr'><strong>vulgatis.</strong></span> <span class='ocrx_word' id='word_1_270' title='bbox 591 4033 668 4080; x_wconf 84' lang='lat' dir='ltr'><strong>latum</strong></span> <span class='ocrx_word' id='word_1_271' title='bbox 687 4033 776 4090; x_wconf 76' lang='lat' dir='ltr'><strong>Crassi,</strong></span> <span class='ocrx_word' id='word_1_272' title='bbox 791 4032 858 4080; x_wconf 87' lang='lat' dir='ltr'><strong>unde</strong></span> <span class='ocrx_word' id='word_1_273' title='bbox 875 4032 918 4082; x_wconf 90' lang='lat' dir='ltr'><strong>ille</strong></span> <span class='ocrx_word' id='word_1_274' title='bbox 934 4034 1039 4082; x_wconf 86' lang='lat' dir='ltr'><strong>bellator</strong></span> <span class='ocrx_word' id='word_1_275' title='bbox 1054 4035 1097 4082; x_wconf 84' lang='lat' dir='ltr'><strong>ha·</strong></span> 
     </span>
     <span class='ocr_line' id='line_1_37' title="bbox 54 4095 1097 4159; baseline -0.001 -13"><span class='ocrx_word' id='word_1_276' title='bbox 54 4097 133 4146; x_wconf 77' lang='lat' dir='ltr'><strong>Cass.</strong></span> <span class='ocrx_word' id='word_1_277' title='bbox 167 4097 290 4159; x_wconf 80' lang='lat' dir='ltr'><strong>Eqiiitlem</strong></span> <span class='ocrx_word' id='word_1_278' title='bbox 309 4095 403 4155; x_wconf 82' lang='lat' dir='ltr'><strong>malini,</strong></span> <span class='ocrx_word' id='word_1_279' title='bbox 419 4111 463 4144; x_wconf 78' lang='lat' dir='ltr'><strong>eeu</strong></span> <span class='ocrx_word' id='word_1_280' title='bbox 482 4111 559 4144; x_wconf 80' lang='lat' dir='ltr'><strong>ecastr</strong></span> <span class='ocrx_word' id='word_1_281' title='bbox 590 4097 695 4145; x_wconf 87' lang='lat' dir='ltr'><strong>beretur.</strong></span> <span class='ocrx_word' id='word_1_282' title='bbox 729 4097 788 4144; x_wconf 88' lang='lat' dir='ltr'><strong>Non</strong></span> <span class='ocrx_word' id='word_1_283' title='bbox 812 4096 894 4158; x_wconf 79' lang='lat' dir='ltr'><strong>igitur,</strong></span> <span class='ocrx_word' id='word_1_284' title='bbox 916 4102 945 4145; x_wconf 91' lang='lat' dir='ltr'><strong>ut</strong></span> <span class='ocrx_word' id='word_1_285' title='bbox 967 4103 1033 4145; x_wconf 85' lang='lat' dir='ltr'><strong>recte</strong></span> <span class='ocrx_word' id='word_1_286' title='bbox 1055 4099 1097 4144; x_wconf 90' lang='lat' dir='ltr'><strong>ob-</strong></span> 
     </span>
     <span class='ocr_line' id='line_1_38' title="bbox 53 4159 1097 4223; baseline -0.002 -16"><span class='ocrx_word' id='word_1_287' title='bbox 53 4164 146 4210; x_wconf 81' lang='lat' dir='ltr'><strong>orcnda</strong></span> <span class='ocrx_word' id='word_1_288' title='bbox 164 4164 198 4210; x_wconf 83' lang='lat' dir='ltr'><strong>ad</strong></span> <span class='ocrx_word' id='word_1_289' title='bbox 216 4162 343 4223; x_wconf 79' lang='lat' dir='ltr'><strong>populum,</strong></span> <span class='ocrx_word' id='word_1_290' title='bbox 361 4176 405 4210; x_wconf 78' lang='lat' dir='ltr'><strong>seu</strong></span> <span class='ocrx_word' id='word_1_291' title='bbox 424 4161 452 4206; x_wconf 81' lang='lat' dir='ltr'><strong>irs</strong></span> <span class='ocrx_word' id='word_1_292' title='bbox 468 4165 557 4208; x_wconf 72' lang='lat' dir='ltr'><strong>senatu</strong></span> <span class='ocrx_word' id='word_1_293' title='bbox 589 4166 669 4208; x_wconf 82' lang='lat' dir='ltr'><strong>servat</strong></span> <span class='ocrx_word' id='word_1_294' title='bbox 690 4159 838 4220; x_wconf 82' lang='lat' dir='ltr'><strong>Gronovius,</strong></span> <span class='ocrx_word' id='word_1_295' title='bbox 860 4161 914 4208; x_wconf 83' lang='lat' dir='ltr'><strong>vult</strong></span> <span class='ocrx_word' id='word_1_296' title='bbox 934 4160 1019 4207; x_wconf 87' lang='lat' dir='ltr'><strong>Livius</strong></span> <span class='ocrx_word' id='word_1_297' title='bbox 1040 4173 1097 4206; x_wconf 88' lang='lat' dir='ltr'><strong>eum</strong></span> 
     </span>
     <span class='ocr_line' id='line_1_39' title="bbox 53 4223 1099 4284; baseline -0.003 -11"><span class='ocrx_word' id='word_1_298' title='bbox 53 4227 180 4284; x_wconf 76' lang='lat' dir='ltr'><strong>suadendi,</strong></span> <span class='ocrx_word' id='word_1_299' title='bbox 191 4226 236 4273; x_wconf 74' lang='lat' dir='ltr'><strong>&amp;a</strong></span> <span class='ocrx_word' id='word_1_300' title='bbox 590 4223 715 4271; x_wconf 85' lang='lat' dir='ltr'><strong>consulam</strong></span> <span class='ocrx_word' id='word_1_301' title='bbox 731 4224 824 4272; x_wconf 82' lang='lat' dir='ltr'><strong>facturn</strong></span> <span class='ocrx_word' id='word_1_302' title='bbox 842 4223 900 4284; x_wconf 87' lang='lat' dir='ltr'><strong>quia</strong></span> <span class='ocrx_word' id='word_1_303' title='bbox 916 4223 1020 4271; x_wconf 85' lang='lat' dir='ltr'><strong>bellator</strong></span> <span class='ocrx_word' id='word_1_304' title='bbox 1037 4227 1099 4282; x_wconf 86' lang='lat' dir='ltr'><strong>erat,</strong></span> 
     </span>
    </p>

    <p class='ocr_par' dir='ltr' id='par_1_10' title="bbox 54 4285 1098 4411">
     <span class='ocr_line' id='line_1_40' title="bbox 85 4285 1098 4364; baseline -0.004 -26"><span class='ocrx_word' id='word_1_305' title='bbox 85 4305 100 4348; x_wconf 85' lang='lat'>4</span> <span class='ocrx_word' id='word_1_306' title='bbox 110 4285 481 4364; x_wconf 74' lang='lat' dir='ltr'><strong>Jasispootsfiaspon’tisstmas]</strong></span> <span class='ocrx_word' id='word_1_307' title='bbox 493 4285 557 4335; x_wconf 88' lang='lat' dir='ltr'><strong>Pon·</strong></span> <span class='ocrx_word' id='word_1_308' title='bbox 590 4287 632 4336; x_wconf 68' lang='lat' dir='ltr'><strong>md</strong></span> <span class='ocrx_word' id='word_1_309' title='bbox 643 4288 797 4336; x_wconf 81' lang='lat' dir='ltr'><strong>consulatum</strong></span> <span class='ocrx_word' id='word_1_310' title='bbox 809 4285 831 4334; x_wconf 82' lang='lat' dir='ltr'><strong>ei</strong></span> <span class='ocrx_word' id='word_1_311' title='bbox 843 4285 995 4334; x_wconf 82' lang='lat' dir='ltr'><strong>occasionem</strong></span> <span class='ocrx_word' id='word_1_312' title='bbox 1004 4285 1098 4334; x_wconf 88' lang='lat' dir='ltr'><strong>dedisse</strong></span> 
     </span>
     <span class='ocr_line' id='line_1_41' title="bbox 54 4347 1083 4411; baseline 0.003 -16"><span class='ocrx_word' id='word_1_313' title='bbox 54 4349 112 4400; x_wconf 79' lang='lat' dir='ltr'><strong>tifex</strong></span> <span class='ocrx_word' id='word_1_314' title='bbox 123 4367 245 4402; x_wconf 71' lang='lat' dir='ltr'><strong>mutunus</strong></span> <span class='ocrx_word' id='word_1_315' title='bbox 256 4353 285 4400; x_wconf 92' lang='lat' dir='ltr'><strong>P.</strong></span> <span class='ocrx_word' id='word_1_316' title='bbox 294 4350 403 4400; x_wconf 85' lang='lat' dir='ltr'><strong>Licinius</strong></span> <span class='ocrx_word' id='word_1_317' title='bbox 412 4355 471 4401; x_wconf 81' lang='lat' dir='ltr'><strong>eret</strong></span> <span class='ocrx_word' id='word_1_318' title='bbox 497 4351 558 4400; x_wconf 85' lang='lat' dir='ltr'><strong>Ideo</strong></span> <span class='ocrx_word' id='word_1_319' title='bbox 590 4351 693 4400; x_wconf 81' lang='lat' dir='ltr'><strong>bellicae</strong></span> <span class='ocrx_word' id='word_1_320' title='bbox 705 4349 750 4398; x_wconf 92' lang='lat' dir='ltr'><strong>sibi</strong></span> <span class='ocrx_word' id='word_1_321' title='bbox 763 4349 887 4411; x_wconf 81' lang='lat' dir='ltr'><strong>parandae</strong></span> <span class='ocrx_word' id='word_1_322' title='bbox 898 4347 985 4398; x_wconf 86' lang='lat' dir='ltr'><strong>laudis.</strong></span> <span class='ocrx_word' id='word_1_323' title='bbox 1002 4349 1083 4398; x_wconf 72' lang='lat' dir='ltr'><strong>Cast.</strong></span> 
     </span>
    </p>
   </div>
   <div class='ocr_carea' id='block_1_7' title="bbox 0 0 1447 4770">
    <p class='ocr_par' dir='ltr' id='par_1_11' title="bbox 0 0 1447 4770">
     <span class='ocr_line' id='line_1_42' title="bbox 0 0 1447 4770; baseline 0 0"><span class='ocrx_word' id='word_1_324' title='bbox 0 0 1447 4770; x_wconf 95' lang='lat' dir='ltr'><strong> </strong></span> 
     </span>
    </p>
   </div>
  </div>
 </body>
</html>
