2878 4772
331 229 428 296 LIB.
452 229 617 298 XXVIII.
652 229 765 297 CAP.
789 238 840 298 39.
1046 235 1113 294 443

46 368 192 433 additur
202 367 233 432 ci
244 366 282 432 P.
293 367 439 432 Licinius
450 367 582 433 Crassus
592 368 737 456 pontifex
749 369 914 433 maximus
948 366 1112 446 Ceterum,
1123 377 1158 429 U.
1169 382 1199 430 c.
1217 376 1273 443 546.

47 455 192 520 comitia
214 454 343 532 maiore,
367 477 464 542 quam
488 454 553 519 ulla
576 478 634 543 per
658 455 691 518 id
717 455 847 532 bellum,
872 454 1029 519 celebrata
1051 445 1153 520 fre-⁴·
1170 446 1200 498 0¹
1217 443 1271 494 ²⁰⁶·

48 540 205 627 quentia,
231 541 392 627 proditum
419 541 589 606 memoriae
615 555 671 606 est.
719 539 947 606 Convenerunt
969 540 1112 628 undiquc

49 649 127 691 non
150 627 344 714 suffragandi
367 627 472 705 modo,
491 628 548 693 sed
570 628 666 692 ctiam
688 627 852 715 spectandi
873 649 968 692 causa
989 627 1026 692 P.
1046 625 1114 692 Sci·

48 713 188 800 pionis:
207 715 501 803 concurrebantque
516 727 549 779 et
563 713 694 778 domum
709 716 900 801 frequentes,
916 715 998 778 etin
1015 712 1113 801 Capi·

49 799 176 863 rollum
197 799 238 864 ad
258 799 474 865 immolantem
492 823 577 879 eum,
593 823 694 888 quum
711 815 842 866 centum
859 802 963 866 bubus
976 801 1058 865 votis
1078 800 1113 864 in

53 885 104 948 H·
194 886 224 949 ’a
252 885 321 950 Iovi
350 886 558 952 sacrificaret:
593 887 855 988 spondebantque
882 887 1004 964 animis,
1031 887 1113 951 sicin

55 972 101 1036 C.
148 973 267 1036 utatius
287 973 431 1058 superius
448 973 566 1038 bellum
582 973 742 1040 Punicum
757 974 887 1051 fimsset,
902 974 947 1038 ita
964 973 1008 1050 id,
1024 971 1113 1058 quod

42 1059 207 1136 instaret,
221 1057 258 1132 P.
275 1057 462 1124 Cornelium
476 1060 641 1125 finiturum
650 1084 659 1137 3
681 1073 787 1146 atque,
803 1073 841 1126 ut
855 1059 918 1124 His
940 1059 1013 1123 ania
1023 1059 1112 1123 omni

54 1143 192 1208 Poenos
214 1143 395 1230 expulisset,
417 1146 462 1210 sic
485 1144 578 1211 Italia
624 1145 765 1210 ulsurum
787 1168 874 1212 csse:
904 1081 1111 1232 tlfficamque

55 1230 101 1306 ei,
118 1230 253 1316 perinde
274 1253 310 1294 ac
329 1229 524 1296 debellatum
542 1233 577 1297 ln
593 1169 685 1296 ltalia
698 1231 789 1311 foret,
804 1231 999 1320 provinciam
1015 1231 1113 1296 desti·

56 1317 192 1381 nabant
239 1316 400 1382 Praetoria
421 1317 496 1383 inde
520 1319 648 1383 comitia
667 1317 784 1383 habita.
832 1319 940 1384 Creati
962 1317 1037 1395 duo,
1056 1317 1113 1403 qui

57 1417 132 1466 tum
151 1402 269 1467 aediles
282 1402 390 1517 plebis
405 1417 504 1482 erant,
523 1403 576 1491 Sp.
588 1405 756 1470 Lucretius
776 1417 809 1469 et
825 1404 887 1469 Cn.
902 1403 1064 1482 Octavius,
1080 1417 1114 1468 et

57 1511 104 1553 ex
143 1488 250 1553 rivatis
266 1488 328 1554 (211.
343 1488 493 1554 Servilius
510 1489 633 1592 Caepio
647 1504 680 1556 et
696 1491 734 1554 L.
749 1491 907 1556 Aemilius
921 1491 968 1554 Pa
992 1513 1036 1554 us

109 1511 235 1650 guamo
254 1575 379 1640 decimo
399 1599 483 1641 anno
500 1577 616 1642 Punici
631 1577 706 1642 belli
721 1578 758 1642 P.
771 1576 941 1642 Cornelius
999 1576 1064 1663 ipio
1078 1587 1157 1648 ctu,
1168 1597 1198 1648 c,
1214 1610 1271 1660 547·

49 1661 99 1725 P.
113 1660 258 1726 Licinius
272 1660 403 1726 Crassus
418 1675 454 1727 ut
468 1662 665 1729 consulatum
680 1664 830 1742 inierunt,
842 1663 1023 1728 nominatae
1035 1685 1112 1728 con·
1121 1663 1151 1711 Α-
1169 1663 1198 1711 0·
1215 1675 1270 1725 ²05·

59 1746 186 1812 sulibus
199 1747 379 1837 provinciae
398 1763 481 1828 sunt,
500 1749 609 1815 Sicilia
624 1749 766 1837 Scipioni
781 1765 873 1814 extra
894 1762 1019 1826 sortem,
1035 1726 1254 1838 con-{gcssmffl

60 1833 201 1899 cedente
221 1833 351 1921 collega,
366 1836 443 1920 quia
461 1858 619 1900 sacrorum
639 1859 716 1901 cura
757 1837 918 1900 ontificem
936 1823 1263 1904 maximumon'iocoss.

19 1937 24 1944 ·
61 1921 99 1983 in
117 1917 212 1985 Italia
229 1921 403 1998 retinebat3
427 1919 545 1986 Bruttii
567 1922 691 1987 Crasso.
768 1945 823 1985 um
865 1920 1018 1985 raetoriac
1038 1943 1112 2020 pro-
1121 1931 1261 2006 Provincia-

59 2006 188 2071 vinciae
210 2007 245 2070 in
263 2020 379 2072 sortem
394 2008 564 2073 coniectae.
612 2008 743 2072 Urbana
759 2005 821 2071 Cn.
883 2006 973 2071 rvilio
988 1996 1246 2094 obtigitflmffiu·

64 2093 251 2157 Ariminum
263 2094 324 2178 (ita
335 2092 472 2158 Galliam
484 2117 525 2181 ap
566 2093 700 2180 llabant)
711 2092 765 2180 Sp.
778 2093 938 2169 Lucrati0,
950 2091 1058 2157 Sicilia
1072 2092 1112 2157 L.
1121 2075 1164 2110 ⁸¹⁰⁸

63 2177 217 2256 Aemilio,
234 2178 296 2244 Cn.
310 2179 484 2244 OctavioS
542 2181 613 2245 'nia

112 2263 246 2330 Senatus
261 2267 295 2330 in
312 2263 473 2353 Capitolio
487 2265 621 2332 habitus
655 2265 716 2344 Ibi,
732 2265 887 2331 referente
902 2264 939 2331 P.
954 2264 1112 2352 Scipione,

64 2351 375 2416 senatusconsultum
393 2352 511 2418 factum
531 2365 589 2432 est,
608 2365 653 2430 ut,
673 2375 754 2440 quos
771 2353 864 2418 ludos
883 2353 966 2417 inter
985 2351 1114 2416 seditio-

65 2459 142 2500 nem
163 2437 332 2503 militarem
351 2438 385 2501 in
405 2438 466 2503 His
509 2440 562 2504 nia
575 2441 719 2517 vovisset,
734 2461 775 2503 ex
796 2461 835 2504 ea
855 2438 1001 2526 pecunia,
1016 2459 1113 2524 quam

64 2523 133 2610 ipse
156 2525 189 2588 in
211 2524 366 2589 aerarium
388 2525 486 2590 detu'
540 2527 707 2603 tfaceret.
754 2525 839 2590 Tum
864 2525 1113 2612 Saguntinorum
1170 2526 1222 2586 39.

63 2608 98 2673 le
139 2624 185 2676 tos
213 2611 248 2675 in
276 2623 421 2676 senatum
451 2611 636 2676 introduxit
683 2611 735 2675 Ex
764 2612 802 2676 iis
831 2613 987 2676 maximus
1016 2608 1270 2683 namzhotorum

67 2704 77 2733 ‘
122 2698 160 2761 tsi
189 2696 270 2760 nihil
299 2697 382 2762 ultra
410 2698 563 2763 malorum
591 2711 648 2775 est,
673 2697 784 2763 Patres
812 2699 992 2786 conscripti,
1016 2721 1114 2786 quam
1123 2673 1268 2785 fflffl

67 2783 176 2868 ‘quod
197 2783 281 2870 passi
301 2805 420 2862 sumus,
436 2797 472 2849 ut
491 2785 532 2848 ad
550 2783 697 2850 ultimum
719 2785 817 2848 fidem
832 2786 921 2849 vobis
942 2797 1114 2870 praestare-
1123 2805 1184 2849 natu
1194 2815 1245 2848 ora-

67 2876 177 2945 ‘mus3
201 2882 308 2934 tamen
326 2893 364 2934 ca
377 2884 481 2935 vestra
495 2871 617 2948 merita,
633 2871 923 2956 imperatorumque
938 2883 1114 2933 vestrorum
1123 2864 1167 2912 ²5⁰·

69 2963 80 2992 ‘
93 2976 165 3040 erga
178 2977 236 3020 nos
246 2956 385 3032 fuerunt,
396 2970 433 3021 ut
447 2979 506 3021 nos
520 2955 658 3020 cladium
674 2969 850 3020 nostrarum
862 2976 927 3017 non
941 2955 1112 3039 poeniteat.

69 3048 80 3078 ⁶
94 3039 217 3106 Bellum
231 3054 361 3129 propter
375 3065 434 3107 nos
446 3042 644 3129 suscepistist
668 3053 850 3127 susceptum
865 3052 1013 3125 quartum
1028 3038 1115 3103 deci-

70 3134 178 3190 ‘mum
203 3150 322 3192 annum
346 3141 410 3192 tam
434 3127 637 3214 pertinaciter
657 3127 776 3213 geritis,
801 3139 837 3190 ut
859 3147 952 3211 saepe
977 3123 1019 3187 ad
1043 3123 1115 3188 ulti·

70 3221 177 3277 ‘mum
202 3213 372 3280 discrimen
401 3228 435 3279 et
463 3213 523 3301 ipsi
548 3213 706 3290 veneritis,
736 3224 769 3276 et
797 3210 951 3298 populum
980 3208 1115 3274 Cartha·
1180 3295 1183 3302 Ι

72 3299 265 3384 ‘ff'niensem
281 3300 485 3365 adduxeritis.
529 3299 639 3374 Quum
654 3300 689 3363 in
705 3298 798 3362 Italia
812 3311 877 3361 tarn
891 3309 982 3360 atrox
996 3295 1120 3360 bellum.

44 3395 127 3455 4‘et
141 3385 354 3451 Hannibalem
374 3387 498 3452 hostem
518 3385 686 3462 haberetis,
701 3383 865 3450 consulem
885 3405 959 3448 cum
973 3383 1116 3447 exercitu

72 3472 129 3535 ‘in
154 3471 352 3560 Hispaniam,
376 3473 464 3536 velut
492 3471 534 3535 ad
562 3471 755 3558 colligendas
783 3469 933 3556 reliquias
962 3468 1117 3554 nautiagii

74 3570 85 3599 ⁶
97 3559 200 3638 nostri,
224 3559 360 3623 misistis.
406 3558 443 3623 P.
460 3573 494 3622 et
516 3556 578 3621 Cn.
598 3556 751 3633 Cornelii,
774 3577 815 3620 ex
840 3578 906 3642 quo
929 3555 963 3619 in
990 3555 1117 3642 provin-

74 3645 174 3710 ‘ciam
189 3657 355 3722 venerunt,
370 3644 460 3709 nullo
475 3657 617 3730 tempore
637 3643 838 3719 destiterunt,
854 3664 936 3728 quac
956 3640 1048 3705 nobis
1068 3663 1117 3706 se·

76 3741 86 3771 ‘
98 3731 207 3810 cunda,
231 3753 378 3818 quaeque
405 3730 535 3796 adversa
559 3729 702 3796 hostibus
726 3727 841 3793 nostris
866 3739 980 3805 essent,
1003 3726 1115 3791 facere.

50 3827 87 3892 5‘
99 3815 162 3882 Iam
187 3818 330 3883 omnium
353 3818 490 3904 primum
515 3815 668 3904 oppidum
693 3815 784 3882 nobis
807 3814 1031 3878 restituerunt:
1061 3835 1117 3901 per

77 3913 88 3945 ⁶
100 3925 220 3969 omnem
250 3903 439 3991 Hmpaniam
468 3903 553 3967 cives
582 3916 705 3968 nostros
733 3900 941 3977 venundatos,
970 3899 1116 3979 dimissis,
1179 3921 1182 3934 ¹

110 4127 124 4170 4
138 4111 262 4159 Oonmhm
276 4125 332 4160 marn
345 4110 467 4170 camden]
487 4109 515 4158 P.
527 4109 577 4159 Sci·
608 4109 708 4160 fratrem
726 4125 770 4173 pro
785 4125 811 4158 sa
826 4125 882 4158 curn
898 4108 1007 4158 exercitu
1023 4107 1048 4155 in
1061 4106 1118 4155 His

79 4173 179 4238 pionem,
190 4173 229 4221 cui
247 4173 326 4235 primo
342 4173 465 4236 Hispania
480 4173 578 4222 decreta
611 4175 709 4236 paniarn
721 4173 794 4223 misit.
812 4175 893 4224 Onav.

78 4237 196 4301 provincia
207 4237 295 4296 fuerat,
306 4237 361 4285 infr.
370 4237 419 4287 xxi.
433 4249 468 4298 17.
479 4237 579 4298 quique,
644 4251 658 4300 5
676 4240 799 4300 Oppidum
815 4239 882 4288 noto
896 4235 1069 4295 restituerunt]
1087 4235 1119 4284 cs.

78 4303 111 4348 ob
119 4301 306 4362 inexspectatum
317 4301 464 4349 Hannibalis
471 4301 579 4349 celerita-
612 4303 684 4365 Supr.
696 4301 762 4352 xxia.
775 4315 813 4361 4²·

80 4373 135 4425 ten,
145 4379 239 4415 arenas
256 4379 271 4413 a
289 4379 360 4415 cursu
378 4365 424 4416 Cu.
440 4364 580 4429 Scipionem
