2888 4768
356 215 451 282 LIB.
476 215 603 282 XXIV.
634 215 744 282 CAP.
769 223 820 283 29.
1042 223 1103 286 205

66 350 278 439 Apollonides
291 353 470 441 principum
479 375 562 419 unus
576 353 749 419 orationem
764 352 939 430 salutarem,
952 353 1036 418 utin
1051 354 1105 420 tali
1115 367 1148 417 U.
1160 369 1189 419 ο.
1205 373 1260 434 ⁵38·

65 450 221 526 tempore,
236 439 364 504 habuit:
389 440 481 506 ‘Nec
499 463 586 528 spem
602 439 719 517 salutis,
734 461 794 504 nec
813 439 986 527 perniciem
999 433 1144 528 propi-A·
1159 435 1189 484 ⁰·
1206 451 1260 510 ’.Ην

65 533 177 590 ‘orem
200 549 244 590 un
268 549 340 591 uam
369 527 488 592 civitati
511 527 566 591 ulli
587 527 689 590 fuisse.
737 525 772 592 si
797 527 882 590 enim
905 549 970 590 uno
999 499 1257 612 animofflifllg

65 618 198 677 ‘omnes
212 549 267 678 vel
277 611 318 678 ad
336 612 507 691 Romanos,
522 613 572 678 vel
590 613 630 677 ad
647 611 923 699 Carthaginienses
940 613 1147 691 inclinentur
1157 627 1241 678 oratio.

39 698 207 768 a‘nullius
235 699 368 764 civitatis
394 712 510 764 statum
530 699 768 764 fortunatiorem
793 699 1003 764 beatioremve
1028 699 1103 765 fore.

65 784 125 850 ‘Si
140 783 193 849 alii
207 785 269 850 alio
283 785 409 850 trahant
421 809 480 864 res,
491 809 556 850 non
571 786 654 850 inter
664 785 789 850 Poenos
805 785 1028 873 Romanosque
1039 787 1105 852 bel-

65 871 158 935 ‘lum
180 872 315 937 atrocius
335 872 412 951 fore,
428 895 523 960 quam
545 871 628 936 inter
648 871 732 959 ipsos
755 871 982 959 Syracusanos:
1006 895 1105 959 quum

65 958 174 1022 ‘intra
187 958 313 1023 eosdem
328 981 433 1023 muros
447 981 518 1046 pars
532 971 664 1046 utraque
678 981 751 1023 suos
765 958 931 1035 exercitus,
940 979 996 1022 sua
1009 981 1105 1036 arma,

66 1052 161 1109 ‘suos
182 1044 327 1110 habitura
340 1045 381 1109 sit
394 1044 498 1110 duces.
543 1044 666 1132 Itaque,
682 1057 719 1109 ut
733 1065 841 1109 omnes
858 1043 943 1108 idem
958 1045 1105 1122 sentiant,

66 1140 214 1195 ‘summa
236 1132 267 1195 vi
281 1130 439 1218 agendum
462 1153 546 1197 esse:
577 1145 648 1196 utra
672 1132 802 1196 societas
830 1130 872 1194 sit
894 1130 1010 1208 utilior,
1036 1153 1107 1197 eam

66 1217 186 1302 ‘longe
207 1218 361 1282 minorem
375 1241 411 1282 ac
432 1217 556 1282 levioris
573 1218 725 1282 momenti
746 1216 1008 1282 consultationem
1029 1240 1104 1282 esse.

66 1313 77 1342 ‘
92 1303 159 1368 Sed
171 1318 276 1368 tamen
292 1303 441 1369 Hieronis
472 1304 563 1381 otius,
574 1326 668 1391 quam
682 1303 880 1391 Hieronymi,
891 1304 1108 1369 auctoritatem

67 1399 77 1428 ‘
91 1390 288 1476 sequendam
302 1391 337 1454 in
351 1391 442 1456 sociis
450 1328 611 1478 legendis,
625 1389 677 1455 vel
691 1389 922 1477 quinquaginta
934 1391 1025 1454 annis
1038 1389 1108 1454 feli-

39 1477 171 1546 4‘citer
185 1489 346 1564 expertam
367 1476 535 1542 amicitiam
550 1487 636 1541 nune
656 1477 845 1564 incognitae,
861 1476 1021 1576 quondam
1035 1475 1107 1540 infi-

39 1572 79 1634 5‘
87 1562 165 1640 deli,
177 1563 420 1649 praeferendam
467 1563 544 1628 Esse
566 1564 661 1628 etiam
675 1563 828 1628 momenti
843 1561 962 1650 aliquid
977 1563 1019 1627 ad
1032 1585 1109 1628 con·

68 1649 205 1726 ‘silium
221 1649 308 1735 quod
331 1647 643 1736 Carthaginiensibus
664 1650 711 1714 ita
730 1672 793 1738 pax
814 1650 923 1736 negari
944 1649 1051 1737 possit,
1072 1663 1109 1714 ut

69 1745 160 1799 ‘non
181 1736 292 1823 utique
313 1735 348 1799 in
369 1735 546 1822 praesentia
566 1736 684 1800 bellum
706 1758 779 1800 cum
800 1736 839 1799 iis
859 1749 1003 1822 geratur:
1036 1758 1109 1801 cum

70 1821 246 1886 ‘Romanis
271 1834 376 1886 extem
398 1820 430 1886 lo
456 1833 511 1886 aut
535 1843 655 1908 pacem,
683 1837 738 1887 aut
765 1821 883 1886 bellum
909 1821 1110 1887 habendum’

41 1907 150 1982 6Quo
165 1908 269 1972 minus
290 1909 363 1994 cupi
389 1909 470 1973 ’tatis
492 1931 528 1972 ac
543 1907 640 1973 studii
654 1907 719 1972 visa
740 1921 788 1973 est
809 1909 908 1973 oratio
929 1907 1055 1986 habere,
1071 1931 1109 1973 eo

69 1994 143 2146 plus
158 1995 349 2060 auctoritatis
368 1994 485 2060 habuit
531 1994 704 2060 Adiectum
719 2007 767 2059 est
783 1995 978 2080 praetoribus
996 2017 1033 2059 ac
1053 1994 1110 2059 de·

83 2081 164 2146 actis
185 2093 364 2146 senatorum
379 2081 512 2146 militare
534 2081 629 2145 etiam
651 2080 835 2145 consilium:
862 2079 938 2144 iussi
959 2093 992 2144 et
1013 2080 1110 2145 duces

70 2167 219 2232 ordinum
234 2167 445 2254 praefectique
466 2166 654 2232 auxiliorum
667 2165 761 2230 simul
780 2165 951 2231 consulere.
999 2165 1109 2241 Quum
1119 2185 1172 2233 Pax
1183 2201 1240 2234 eum

70 2277 125 2318 sae
187 2267 256 2318 acta
276 2277 325 2319 res
348 2267 429 2318 esset
451 2252 572 2340 magnis
597 2253 829 2330 certaminibus,
849 2263 1016 2339 postremo,
1035 2251 1110 2339 quia
1119 2249 1244 2324 Romae·

70 2277 241 2405 belliecum
262 2339 414 2405 Romanis
436 2339 568 2426 gerendi
590 2339 670 2403 ratio
691 2337 779 2402 nulla
801 2339 978 2426 apparebat,
998 2319 1230 2426 poeemcsrmtur.

46 2427 142 2496 7fieri
149 2426 298 2578 ddhdcust'
327 2426 473 2513 mittique
503 2448 576 2490 cum
605 2425 644 2490 iis
671 2424 791 2512 legatos
827 2425 867 2490 ad
900 2447 966 2490 rem
996 2425 1111 2490 confir·

72 2535 148 2576 man
221 2561 229 2578 .

117 2598 197 2664 Dies
217 2598 303 2664 haud
324 2599 368 2664 ita
381 2599 472 2664 multi
491 2599 743 2677 intercessenmt,
760 2622 859 2688 quum
880 2621 922 2664 ex
944 2598 1110 2664 Leontinis
1167 2613 1218 2675 29,

71 2685 179 2773 legati,
202 2685 392 2773 praesidium
421 2686 536 2751 finibus
564 2687 628 2750 suis
656 2699 790 2764 orantes,
819 2699 994 2763 venenmt3
1027 2695 1269 2774 quaePraasidiam

72 2772 188 2859 legatio
210 2785 442 2861 peropporttma
457 2773 523 2837 risa
543 2773 585 2837 ad
603 2772 840 2838 multitudinem
860 2773 1055 2838 inconditam
1072 2766 1258 2873 ruffinam

72 2858 299 2924 tumultuosam
335 2859 577 2937 exonerandam,
611 2858 771 2946 ducesque
807 2860 875 2924 eius
911 2859 1109 2946 ablegandos
1172 2831 1259 2873 aarum.

73 2944 122 3009 Hi
145 2958 286 3032 pocrates
310 2958 434 3032 praetor
456 2945 572 3010 ducere
598 2968 636 3010 eo
660 2947 833 3033 transfugas
856 2946 972 3010 iussus:
1011 2944 1112 3010 secuti

73 2968 168 3096 multi
192 3054 233 3096 ex
258 3031 456 3096 mercenariis
481 3031 605 3096 auxiliis
626 3043 775 3117 quattuor
799 3031 898 3096 millia
915 3044 1112 3096 ‚armatorum

72 3118 255 3184 effecenmt
302 3117 345 3182 Et
370 3118 567 3182 mittentibus
595 3129 628 3181 et
653 3117 753 3182 missis
778 3141 816 3182 ea
843 3117 926 3182 laeta
949 3116 1112 3205 expeditio

45 3203 143 3273 stitit
180 3205 265 3270 Nam
287 3217 320 3268 et
342 3202 413 3280 illis,
429 3202 516 3289 quod
537 3203 600 3267 iam
625 3202 680 3268 diu
701 3204 880 3291 cupiebant,
904 3203 1041 3269 novandi
1063 3225 1113 3268 res

109 3399 315 3460 3Boatioramoa]
340 3399 379 3446 Ao
399 3397 527 3448 taram
548 3411 579 3445 ax
646 3395 732 3458 deuo
752 3399 833 3447 minue
853 3398 1005 3460 aptatam]
1033 3398 1113 3448 Recte

73 3461 244 3512 emendatione
266 3461 378 3511 salmasii
400 3461 492 3525 recapit
514 3461 578 3512 Beli·
611 3461 712 3524 exponit
722 3461 827 3512 Crevier.
838 3463 994 3525 cupiditatem
1005 3462 1112 3511 studium

73 3526 127 3576 ker·
610 3525 725 3588 partium,
742 3541 791 3587 quo
810 3541 881 3575 sensu
899 3526 996 3588 saepius
1013 3541 1112 3588 usurpa-

112 3606 127 3649 4
143 3592 218 3640 Narro
238 3591 382 3652 immittas,
401 3591 520 3652 quondam
541 3591 578 3638 ire
610 3593 661 3637 tam
678 3589 787 3638 videmus
802 3605 842 3652 ap.
856 3589 1006 3640 Ciceronem.
1027 3590 1057 3640 cf.
1070 3590 1112 3639 Or.

66 3655 154 3716 fideli]
184 3653 313 3703 Amicitiae
334 3653 579 3717 Carthaginiensium,
611 3654 768 3718 prohiaroq.
777 3659 802 3702 at
811 3654 935 3716 procace„
945 3655 967 3703 8.
995 3655 1029 3702 at
1037 3669 1113 3716 quum

74 3735 143 3768 uuna
152 3721 296 3780 flammatae,
307 3717 366 3780 quio
377 3733 441 3768 nova
450 3718 490 3778 sit,
500 3723 526 3766 et
536 3717 579 3766 diu
610 3718 642 3766 ad
655 3733 757 3780 aequem
768 3719 843 3766 studii
860 3717 959 3780 perinde
976 3717 1113 3781 intelligen-

73 3783 125 3831 iam
143 3797 193 3831 nou
209 3787 323 3844 expertar
342 3783 462 3845 quorrdm
477 3783 579 3844 infideli,
611 3782 669 3829 durn
690 3782 722 3829 sit
743 3783 863 3844 partiam,
883 3782 909 3830 in
932 3782 1114 3845 interpretando

74 3846 135 3908 qnia
144 3847 212 3905 olim,
222 3861 297 3908 quum
308 3851 366 3894 ante
379 3845 512 3894 amicitiam
523 3861 579 3894 eum
611 3844 794 3908 &flagitandae
805 3851 877 3894 erunt
887 3846 934 3895 hae
945 3861 1023 3896 voces.
1040 3847 1097 3898 sm

73 3909 196 3960 Romanis
222 3909 308 3958 initam
333 3908 476 3972 Syracumti
502 3908 579 3958 socios
644 3910 1113 3974 7Mr'ttr'qasoumir's1h.e.0umlto

74 3973 287 4036 Carthaginienses
304 3973 452 4033 habuissent,
466 3989 508 4022 eos
525 3973 578 4022 inli-
610 3972 689 4023 mauis
707 3974 792 4037 legatis
811 3989 827 4022 a
843 3975 963 4024 Marcello
980 3976 1066 4036 missis,
1082 3977 1115 4024 da

74 4038 145 4086 deles
155 4043 285 4087 senoemnt.
302 4037 382 4087 Um.
610 4037 697 4099 quibus
718 4037 743 4086 in
766 4053 819 4100 cap.
839 4039 1001 4100 praecedento
1021 4040 1114 4088 mentio

109 4111 123 4162 5
139 4103 201 4150 Em
218 4103 291 4151 etiam
308 4102 419 4150 moret
438 4101 533 4165 aliquid
547 4102 580 4148 ad
610 4101 729 4151 hemeah
746 4103 827 4152 Canu.

73 4166 214 4224 Mam]
234 4165 274 4213 Ad
284 4163 410 4213 eonsilium
422 4165 580 4228 captandum,
643 4165 658 4213 8
674 4167 740 4214 Nam
750 4173 774 4215 et
784 4166 846 4224 illis]
866 4167 920 4215 ma
931 4167 963 4215 ad
975 4166 1114 4227 proximum

74 4229 103 4276 in
119 4243 148 4277 eo
164 4243 260 4291 quoque
276 4227 368 4290 aliquid
386 4228 505 4276 momenti
520 4243 580 4288 esse,
611 4230 697 4287 missis,
707 4231 733 4276 ba·
743 4230 775 4277 ad
787 4229 902 4277 remotius
914 4231 1063 4278 mittentibus
1079 4244 1114 4278 re-

74 4293 102 4342 id
114 4307 210 4355 quoque
220 4293 301 4340 ‘valere
316 4293 469 4354 aliquantum
483 4293 580 4352 debere,
612 4292 739 4340 ferendum
758 4297 801 4341 est.
824 4291 854 4340 cl'.
872 4307 936 4355 supr.
953 4291 986 4340 iii.
1006 4303 1043 4354 72.
1060 4291 1114 4340 infr.

75 4357 218 4418 quod....
235 4357 315 4406 caat.
613 4371 670 4404 xxx.
685 4369 722 4418 30.
739 4355 845 4405 &raom
