2888 4768
326 156 387 217 184
712 149 825 216 ΤΙΤΙ
855 149 992 216 LIVII

173 295 205 344 U.
217 294 246 345 0·
262 294 337 360 537·‘
348 310 413 352 uon
428 287 618 374 negaverim,
633 311 691 353 cur
708 286 756 352 M.
769 285 899 353 Valerio
919 311 983 352 uou
1003 285 1209 362 diffideretur,
1225 283 1397 358 &temus

170 361 201 409 Α·
218 360 247 410 0·
264 371 318 424 ²¹⁵·
328 381 338 411 ‘
349 374 494 440 similiter
507 388 730 461 provocantem
745 397 832 439 arma
845 374 983 462 capienti
1001 372 1131 440 Gallum
1145 371 1187 436 ad
1201 387 1373 436 certamen.

329 459 630 538 ‘Quemadmodum
641 461 765 549 pedites
779 463 966 549 equitesque
978 475 1131 548 optamus,
1144 471 1180 523 ut
1196 458 1375 534 validiores,

329 550 374 613 tsi
403 548 517 625 minus,
541 562 578 611 ut
606 571 697 636 pares
726 549 809 613 hosti
838 549 1027 624 habeamus3
1058 547 1103 612 ita
1127 545 1205 610 duci
1233 545 1374 610 hostium

328 641 457 736 ‘parem
472 635 694 722 imperatorem
735 658 907 701 uaeramus
956 633 1077 710 Quum,
1092 633 1149 721 qui
1168 645 1220 698 est
1233 654 1375 696 summus

329 728 384 786 ‘m
398 721 524 786 civitate
543 721 619 800 dux,
635 659 915 810 eumlegenmm3
939 735 1046 788 tamen
1060 733 1192 807 repente
1213 718 1328 795 lectus,
1342 718 1375 781 in

329 815 469 873 ‘aunum
483 822 616 886 creatus,
632 808 780 874 adversus
794 821 933 874 veterem
948 831 984 874 ac
999 823 1189 908 perpetuum
1205 806 1377 892 imperato-

329 901 414 960 ‘rem
433 896 674 982 comparabitur,
689 895 785 960 nullis
806 919 912 982 neque
931 909 1089 982 tcmpons,
1105 915 1212 980 neque
1229 893 1312 956 iuris
1329 893 1379 956 iu-

328 982 469 1047 ‘clusum
478 983 640 1069 angustiis,
669 1005 711 1047 uo
721 982 826 1047 minus
834 983 879 1047 ita
887 982 1090 1068 omuiagerat
1098 979 1377 1066 adminismetque,

328 1075 383 1136 ‘ut
405 1084 547 1156 tempora
568 1005 771 1156 posttilabunt
792 1068 884 1134 belli:
915 1069 1007 1134 uobis
1029 1080 1134 1133 autem
1161 1067 1197 1130 in
1221 1079 1379 1154 apparatu

329 1157 360 1219 ‘i
418 1204 427 1233 ,
454 1177 491 1220 ac
518 1168 642 1220 tautum
672 1155 894 1220 inchoantibus
922 1177 981 1233 res,
1008 1177 1110 1220 annus
1137 1153 1378 1254 circumagittu.

328 1179 521 1319 ‘gdbniam
534 1241 642 1329 quales
656 1241 738 1308 viros
753 1265 858 1308 creare
873 1266 928 1308 vos
943 1242 1087 1308 consules
1101 1240 1223 1316 deceat,
1238 1255 1319 1305 saus
1333 1255 1380 1305 est

329 1329 488 1406 ‘dictum3
520 1337 625 1406 r‘estat,
650 1341 687 1393 ut
708 1351 810 1416 pauca
832 1330 872 1394 de
898 1329 946 1405 iis,
972 1329 1008 1392 in
1033 1350 1113 1478 quos
1137 1329 1379 1414 praerogativae

329 1415 434 1480 ‘favor
448 1415 620 1494 inclinavit,
636 1414 749 1480 dicam.
795 1415 843 1480 M.
857 1415 1014 1480 Aemilius
1067 1413 1180 1501 egillus
1194 1413 1318 1478 flamen
1332 1429 1381 1478 est

329 1500 533 1580 ‘Quirinalis
549 1525 645 1590 quem
665 1525 770 1589 neque
790 1503 915 1567 mittere
934 1503 973 1566 ab
993 1503 1097 1579 sacris,
1112 1523 1219 1587 neque
1237 1501 1379 1565 retinere

328 1595 338 1626 ‘
347 1611 522 1674 possumus,
538 1603 653 1652 utnon
669 1588 765 1655 deum
780 1603 835 1654 aut
849 1588 924 1654 belli
940 1588 1119 1653 deseramus
1130 1609 1249 1652 curam.
1301 1586 1381 1653 Ota-

329 1674 438 1740 ‘cilius
453 1675 565 1740 sororis
580 1697 669 1739 meae
681 1675 778 1740 filiam
790 1697 922 1743 uxorem
931 1689 1026 1762 atque
1041 1697 1082 1740 cx
1096 1697 1135 1739 ea
1142 1672 1262 1739 liberos
1271 1673 1378 1739 habet.

329 1760 503 1826 ‘Ceterum
527 1783 592 1825 non
617 1784 655 1826 ea
676 1775 778 1826 vestra
802 1763 836 1827 in
860 1785 911 1826 me
933 1763 1129 1861 maioresque
1152 1783 1242 1825 meos
1264 1762 1381 1826 merita

329 1855 433 1923 ‘sunt‚
449 1861 565 1912 utnon
580 1848 734 1934 potiorem
750 1849 879 1936 privatis
899 1848 1184 1914 necessitudinibus
1200 1849 1382 1935 rempubli-

329 1941 339 1972 ‘
347 1956 417 1999 cam
431 1934 573 2000 babeam.
623 1933 768 2010 Quilibet
781 1948 948 2001 nautamm
963 1948 1188 2021 vectorumque
1203 1935 1381 2021 tranquillo

330 2020 427 2086 ‘mari
447 2022 624 2108 gubernare
646 2035 769 2109 potest:
793 2023 850 2088 ubi
871 2045 963 2088 saeva
979 2035 1048 2087 orta
1069 2033 1241 2108 tempestas
1261 2034 1323 2098 cst,
1345 2046 1382 2086 ac

330 2109 473 2173 ‘turbato
489 2109 567 2174 mari
582 2108 703 2194 rapitur
721 2122 817 2174 vento
831 2110 928 2182 navis,
948 2124 1015 2174 tum
1029 2108 1097 2173 viro
1117 2121 1150 2172 et
1162 2109 1380 2195 gubernatore

329 2202 428 2282 ‘opus
443 2207 498 2260 est.
534 2195 611 2260 Non
626 2195 797 2282 tranquillo
812 2195 883 2261 navi
907 2219 1005 2273 amus,
1015 2195 1072 2260 sed
1086 2196 1149 2258 iam
1165 2194 1294 2282 aliquot
1308 2219 1382 2284 pro-

330 2281 435 2346 ‘cellis
449 2282 603 2347 submersi
614 2305 714 2369 paene
726 2305 842 2348 sumus.
884 2219 1011 2370 ltaque,
1024 2282 1095 2368 quis
1106 2281 1147 2348 ad
1160 2282 1382 2369 gubernacula

330 2367 468 2444 ‘sedeat
484 2391 607 2433 summa
624 2391 699 2434 cura
716 2368 946 2455 providendum
961 2392 998 2434 ac
1038 2367 1274 2434 raecavendum
1292 2371 1382 2435 robis

330 2461 404 2518 ‘est
451 2451 491 2516 Iu
511 2455 632 2519 minore
655 2469 687 2520 te
714 2455 847 2556 experti,
873 2456 912 2520 T.
930 2392 1058 2534 Otaclit,
1083 2478 1116 2520 re
1138 2477 1270 2520 sumus:
1295 2457 1381 2522 baud

330 2547 433 2616 ‘sane,
449 2562 506 2606 cur
519 2539 560 2605 ad
574 2540 692 2606 maiora
707 2542 765 2606 tibi
780 2542 926 2619 fidamus,
935 2541 1119 2607 documenti
1132 2542 1313 2628 quicquam
1329 2543 1382 2608 de·

330 2625 434 2690 ‘disti
482 2625 625 2692 Classem
644 2627 706 2692 hoc
723 2651 818 2706 anno,
837 2629 889 2696 cui
910 2642 946 2694 tu
964 2628 1136 2716 praefuisti,
1152 2628 1253 2694 trium
1271 2652 1381 2696 rerum

331 2719 340 2748 ‘
352 2733 445 2775 causa
456 2713 657 2862 paravimus:
681 2727 718 2778 ut
740 2715 868 2780 Africae
891 2737 977 2780 oraru
1000 2715 1224 2803 popularetur;
1250 2729 1291 2780 ut
1315 2730 1381 2782 tuta

329 2797 442 2876 u‘nobis
475 2797 566 2864 taliae
586 2798 679 2863 litora
698 2815 822 2879 essent3
847 2816 919 2868 ante
934 2803 1042 2868 omnia
1061 2824 1102 2867 ne
1117 2801 1380 2889 supplementum

331 2892 425 2949 ‘cum
448 2885 607 2972 stipendio
632 2901 874 2976 commeatuque
903 2889 944 2954 ab
974 2887 1169 2988 Carthagine
1201 2887 1380 2955 Hannibali

330 2979 619 3059 ‘transportaretur
667 2972 782 3039 Create
794 2974 955 3041 consulem
968 2975 1006 3040 T.
1019 2974 1202 3054 Otac1lium‚
1214 2998 1286 3041 non
1297 2977 1379 3052 dico,

331 3058 377 3122 ‘si
393 3059 499 3124 omnia
513 3059 600 3138 haec,
617 3059 674 3124 scd
688 3061 715 3124 si
734 3061 855 3148 aliquid
874 3084 984 3127 eorum
999 3061 1190 3149 reipublicae
1208 3063 1397 3148 praestititt

331 3153 340 3184 ‘
354 3143 411 3209 Sin
422 3158 539 3223 autem,
555 3160 587 3211 te
602 3146 732 3211 classem
747 3149 922 3226 obtinente,
934 3149 1039 3226 etiam,
1055 3147 1143 3214 velut
1157 3160 1274 3234 pacato
1290 3151 1379 3226 mari,

331 3231 512 3330 ‘quaelibet
528 3231 701 3298 Hannibali
717 3247 786 3298 tuta
799 3247 894 3322 atque
906 3235 1028 3322 integra
1043 3236 1082 3300 ab
1097 3235 1193 3302 domo
1203 3251 1376 3310 venerunt3

331 3327 377 3380 ‘si
392 3341 447 3382 ora
462 3317 571 3384 Italiae
586 3321 729 3386 infestior
746 3321 806 3385 hoc
818 3343 911 3398 anno,
928 3344 1024 3407 quam
1040 3321 1178 3398 Africae,
1193 3321 1274 3387 tuit:
1301 3322 1378 3410 quid

331 3403 454 3469 ‘dicere
469 3420 569 3490 potes,
579 3429 636 3470 cur
647 3421 678 3471 te
692 3407 889 3494 potissimum
905 3407 1020 3472 ducem
1036 3407 1210 3472 Hannibali
1226 3407 1315 3474 hosti
1325 3435 1344 3474 o
1385 3430 1395 3478 t

331 3493 492 3578 ‘ponenti
520 3490 554 3555 Si
577 3493 685 3556 consul
708 3515 800 3571 esses,
823 3493 1010 3558 dictatorem
1032 3493 1205 3559 dicendum
1227 3433 1377 3584 exemplo

331 3576 506 3643 ‘maiorum
536 3593 714 3643 nostrorum
743 3602 959 3645 censeremus:
996 3603 1057 3646 nec
1086 3595 1123 3646 tu
1150 3581 1185 3645 id
1212 3581 1282 3646 ind·
1333 3582 1375 3647 an'

331 3675 467 3752 ‘posses
479 3664 617 3752 aliquem
632 3666 666 3729 in
677 3665 803 3731 civitate
821 3667 967 3732 Romana
981 3666 1144 3732 meliorem
1155 3666 1239 3734 bello
1254 3605 1374 3745 htffited’

331 3759 444 3836 ‘quarn
468 3764 508 3814 te.
542 3751 660 3850 ‘Magis
683 3752 800 3818 nullius
821 3753 963 3831 interest,
986 3777 1082 3840 quam
1105 3767 1168 3832 tua,
1190 3752 1229 3819 Τ.
1246 3753 1373 3830 Otacili,

330 3847 416 3900 ‘nou
431 3837 551 3924 imponi
566 3838 739 3906 cervicibus
754 3840 816 3904 tuis
836 3863 926 3917 onus,
941 3840 1001 3905 sub
1015 3864 1080 3928 quo
1100 3839 1258 3906 concidas.
1305 3841 1373 3927 Ego

363 4053 375 4102 5
393 4041 432 4088 Μ.
449 4039 556 4101 Valeria]
576 4040 689 4104 ciSupr.
702 4040 740 4090 rii.
753 4040 791 4090 26.
868 4043 962 4092 vatibus
980 4044 1072 4106 cepisse
1091 4042 1181 4092 scribit„
1214 4043 1309 4091 Fabius
1324 4058 1371 4090 ora·

360 4103 497 4177 6111un
513 4108 608 4164 emam]
642 4105 732 4154 Noster
750 4111 833 4154 tamen
866 4113 945 4156 torum
957 4107 1290 4156 morehaccomuiaelavat.
1303 4107 1371 4155 Dux.

329 4167 521 4229 snpr.xxrii.41.
534 4167 668 4217 Otacilium
679 4184 762 4230 agrum
774 4170 832 4220 Car·
899 4184 913 4232 7
929 4174 1001 4222 Horti
1017 4173 1154 4233 opponant]
1173 4174 1333 4234 opponamus
1341 4185 1369 4217 ex

329 4231 505 4292 thaginicnsctn
527 4231 705 4293 depopulatum
727 4249 787 4291 csse,
809 4239 834 4282 et
867 4235 979 4284 Salmaaii
1001 4235 1172 4286 emendatione
1193 4235 1286 4298 recepit
1307 4233 1369 4284 Bek-

329 4300 422 4355 scptem
433 4309 507 4344 naves
519 4294 625 4344 Punicas
636 4311 691 4344 cum
708 4296 779 4345 sociis
792 4313 833 4344 na-
866 4297 918 4346 ker.
