2970 4772
364 239 459 306 LIB.
484 237 649 306 XXVIIL
685 237 797 306 CAP.
821 245 873 338 35.
1079 247 1143 309 439

81 384 149 439 ‘ut
171 387 239 453 aut,
259 376 286 440 si
309 376 354 440 ita
376 375 530 455 videatur,
550 375 687 440 reddant
710 375 856 463 spiritum
879 368 916 440 Ρ.
931 374 1083 464 Scipioni,
1102 377 1142 442 ab
1153 391 1188 442 U.
1199 392 1230 442 ο.
1245 375 1301 456 5'46.

49 461 229 528 9‘eodem
247 460 302 526 illo
322 476 508 550 acceptum:
533 475 588 526 ant
607 461 722 526 servati
743 461 866 527 bienni
884 461 1025 527 debitam
1043 464 1141 528 vitam
1151 457 1182 506 A.
1199 457 1229 506 0·
1246 457 1301 508 ²0⁶·

82 556 93 584 ‘
133 569 172 612 ro
198 570 238 612 eo
263 549 297 612 in
365 563 513 636 rpetuum
539 548 724 614 devoveant.
771 546 881 612 Antea
906 549 940 614 in
965 571 1060 613 causa
1085 572 1142 615 sna

83 642 94 672 ‘
106 571 265 698 fiduciam
294 571 364 698 siiie
381 634 487 712 fuisse,
517 634 661 698 nondum
691 646 823 721 experte
851 633 1021 700 clementia
1050 636 1139 700 eius:

82 729 202 784 ‘nunc
231 733 351 798 contra,
378 720 499 786 nullam
524 720 558 784 in
584 743 686 796 causa,
713 741 842 784 omnem
868 720 902 784 in
928 721 1142 787 misericordia

82 806 242 871 ‘victoris
266 829 356 894 spem
381 808 515 893 positam
540 806 677 872 habere.’
721 804 796 870 Mos
817 819 959 874 vetustus
983 820 1051 874 erat
1074 807 1142 874 Ro-

56 893 204 970 1manis,
220 915 293 958 eum
309 916 373 980 quo
388 915 449 958 nec
463 893 601 970 foedere,
617 915 678 957 nec
695 893 805 978 aequis
819 892 941 978 legibus
956 894 1143 980 iungeretur

83 979 241 1056 amicitia,
256 1002 323 1042 non
363 979 427 1044 rius
446 979 580 1066 imperio
600 980 634 1042 in
655 1001 729 1044 eum
750 993 900 1066 tauquam
919 993 1067 1080 pacatum
1082 981 1140 1058 uti,

84 1087 189 1151 quam
204 1065 312 1130 omnia
325 1002 434 1131 divina
447 1065 650 1150 humanaque
665 1064 848 1141 dedidisset,
864 1065 990 1130 obsides
1008 1065 1140 1152 accepti,

84 1173 180 1216 arma
197 1151 355 1238 adempta,
370 1151 527 1238 praesidia
545 1151 676 1216 urbibus
696 1150 844 1237 imposita
861 1151 974 1216 forent.
1023 1151 1139 1239 Scipio,
1150 1165 1258 1242 ignoscit
1269 1168 1292 1216 ei

84 1237 201 1301 multis
223 1239 367 1302 invectus
391 1238 425 1301 in
450 1249 649 1338 praesentem
674 1235 887 1301 Mandonium
912 1230 1254 1326 absentemquertlrm

86 1322 265 1410 Indibilem
290 1323 404 1401 verbis,
436 1323 527 1388 ‘illos
553 1322 684 1409 quidem
714 1322 827 1388 merito
898 1325 974 1390 risse
1000 1325 1141 1426 ipsorum
1149 1293 1240 1356 ΜΟ·

87 1408 290 1486 ‘maleficia’
304 1411 367 1474 ait:
392 1409 549 1475 ‘victuros
569 1431 626 1474 suo
646 1422 742 1496 atque
762 1430 827 1495 pop
861 1432 872 1472 1
888 1408 1028 1476 Romani
1043 1411 1141 1476 bene·

88 1495 196 1560 ‘ficio
243 1497 405 1574 Ceterum,
421 1517 454 1561 se
470 1517 575 1582 neque
591 1517 678 1560 arma
697 1495 735 1558 iis
755 1494 989 1582 adempturum,
1005 1497 1140 1586 (quippe

87 1590 152 1646 ‘ea
171 1581 305 1670 pignora
324 1582 505 1646 timentium
524 1579 730 1647 rebellionem
750 1581 834 1667 esse)
855 1581 912 1646 sed
934 1581 1033 1648 libera
1054 1606 1142 1650 arma

87 1668 304 1755 ‘relinquere,
320 1667 501 1755 solutosque
517 1680 607 1732 metu
620 1668 761 1731 animos:
786 1689 892 1754 neque
913 1691 946 1732 se
965 1669 999 1733 in
1015 1669 1141 1734 obsides

88 1755 271 1831 ‘innoxios
287 1754 344 1818 sed
363 1754 399 1818 in
418 1755 512 1840 ipsos,
533 1753 559 1817 si
579 1752 763 1830 defecerint,
784 1755 994 1820 saeviturum:
1019 1775 1080 1820 nec
1100 1757 1140 1820 ab

89 1841 238 1919 ‘inermi
249 1840 307 1906 sed
322 1840 361 1905 ab
376 1852 496 1904 armato
510 1838 611 1917 hoste,
623 1861 742 1926 poenas
752 1839 978 1926 expetiturum.
1011 1840 1141 1905 Utram-

89 1935 177 2013 ‘que
197 1925 357 1990 fortunam
379 1949 397 1990 e
462 1924 519 1990 rtis
541 1925 724 2013 permittere
748 1947 826 2002 sese,
847 1938 954 1989 unum
975 1926 1139 2012 propitios,

90 2022 156 2077 ‘an
170 2012 275 2090 iratos,
293 1949 595 2078 haberglliomanos
614 2009 766 2076 malleut’
812 2009 862 2075 Ita
881 2010 1028 2076 dimissus
1043 2010 1141 2077 Man-

89 2097 227 2176 donius3
250 2099 387 2186 pecunia
401 2097 622 2163 tantummodo
636 2097 798 2183 imperata,
811 2118 852 2160 ex
867 2119 932 2182 qua
945 2096 1139 2184 stipendium

89 2185 185 2250 militi
199 2184 350 2272 praestari
367 2197 481 2271 posset.
527 2181 544 2247 I
567 2205 611 2260 se,
628 2181 752 2247 Marcio
772 2183 806 2246 in
824 2181 1007 2248 ulteriorem
1023 2183 1141 2272 Hispa·

90 2272 177 2336 niam
221 2272 380 2348 raemisso,
403 2269 511 2336 Silano
536 2205 750 2334 immonem
773 2269 912 2346 remisso,
933 2291 1050 2355 paucos
1072 2293 1140 2336 mo-

90 2371 178 2422 ratus
216 2357 270 2434 ‘es,
286 2357 364 2422 dum
381 2357 567 2442 imperatam
584 2355 753 2442 pecuniam
768 2353 920 2442 Ilergetes
934 2375 1140 2441 pernumera-

91 2456 173 2522 rent,
184 2465 257 2545 epm
269 2437 427 2531 expeditis
438 2440 597 2507 Marcium
611 2441 675 2505 iem
687 2440 996 2530 appropinquantem
1006 2441 1140 2508 Oceano

92 2553 158 2594 asse
184 2545 278 2595 ultur.
704 2559 708 2576 ¹

66 2646 82 2680 α
136 2554 290 2682 nicheam
310 2639 360 2682 res
379 2617 443 2681 iam
463 2628 537 2682 ante
556 2615 597 2681 de
613 2615 782 2682 Masinissa
803 2617 872 2682 aliis
891 2628 987 2704 atque
1010 2616 1079 2682 aliis
1097 2616 1139 2683 de
1196 2617 1246 2679 35.

92 2704 194 2768 causis
208 2703 306 2768 dilata
319 2719 396 2780 erat,
413 2702 501 2790 quod
515 2701 660 2768 Numida
678 2725 752 2768 cum
772 2703 841 2790 ipso
861 2703 973 2791 utique
988 2703 1139 2792 congredi
1246 2746 1249 2755 ·

95 2789 244 2876 Scipione
270 2789 405 2866 volebat,
430 2802 526 2876 atque
555 2789 624 2853 eius
649 2789 762 2854 dextra
787 2789 885 2854 fidem
914 2790 1044 2855 sancire.
1092 2788 1141 2854 Ea

94 2889 161 2940 tum
185 2875 307 2941 itineris
331 2890 396 2940 tam
419 2874 507 2974 longi
531 2895 567 2939 ao
591 2887 656 2938 tam
676 2875 761 2940 devii
784 2897 879 2940 causa
903 2875 1046 2963 Scipioni
1068 2876 1137 2940 fuit.

93 2961 262 3027 Masinissa
283 2983 384 3048 quum
408 2959 552 3026 Gadium
576 2972 667 3038 esset,
692 2962 807 3025 certior
829 2959 998 3024 adventare
1023 2982 1096 3024 eum
1121 2975 1293 3028 antoninianae

94 3047 218 3112 Marcio
232 3047 343 3125 factus,
359 3047 519 3112 causando
532 3046 693 3132 corrumpi
710 3067 810 3132 equos
825 3045 962 3110 inclusos
976 3046 1011 3109 iu
1025 3045 1138 3124 insula,
1148 3041 1299 3102 ⁰²³⁶iPi⁰¹¹i¹

92 3134 322 3221 penuriamque
352 3135 496 3198 omnium
522 3153 627 3197 rerum
656 3143 691 3196 et
717 3130 820 3196 faeere
850 3131 972 3209 ceteris,
997 3145 1031 3196 et
1055 3131 1139 3218 ipsos
1148 3106 1223 3230 {3¹5¹sp

93 3220 218 3298 sentire,
234 3221 275 3286 ad
289 3220 351 3285 hoc
365 3220 506 3305 equitem
524 3239 715 3282 marcescere
730 3216 861 3295 desidia,
878 3215 917 3280 M
978 3239 1052 3282 nem
1068 3239 1140 3306 per-

93 3305 183 3393 pulit,
202 3320 238 3370 ut
252 3327 285 3370 se
301 3305 444 3370 traiicere
459 3306 493 3368 in
508 3304 726 3369 continentem
747 3303 788 3367 ad
807 3239 1048 3390 depopiidndoe
1066 3325 1140 3390 pro·

94 3393 195 3456 nimos
210 3391 384 3479 Hispaniae
402 3411 493 3478 agros
509 3402 679 3477 pateretur.
725 3389 961 3476 Transgressus}
972 3401 1035 3454 tres
1051 3391 1139 3476 prin·

93 3478 178 3566 cipes
190 3477 404 3542 Numidarum
415 3476 598 3565 praemittit,
609 3475 649 3539 ad
662 3487 788 3561 tempus
798 3474 967 3575 locumque
980 3475 1139 3562 colloquio

93 3564 313 3640 statuendum3
338 3563 418 3628 duos
437 3585 495 3650 pro
512 3561 674 3627 obsidibus
691 3561 822 3625 retineri
840 3582 859 3624 a
875 3559 1024 3710 salim
1040 3561 1137 3626 iubet

96 3651 239 3714 Remisso
254 3649 357 3726 tertio,
373 3649 439 3736 qui,
452 3671 518 3734 quo
531 3648 633 3711 iussus
647 3661 724 3724 erat,
739 3646 912 3710 adduceret
966 3646 1139 3725 asinissam,

94 3759 166 3801 cum
191 3736 299 3823 paucis
324 3736 357 3800 in
385 3734 579 3820 colloquium
602 3742 768 3796 venerunt.
815 3730 955 3819 Ceperat
977 3732 1040 3796 iam
1064 3747 1139 3799 anto

95 3821 269 3887 Numidam
283 3843 324 3888 ex
338 3821 423 3886 fama
439 3841 546 3885 rorum
564 3831 723 3906 gestarum
742 3817 907 3884 admiratio
922 3817 1001 3884 viri:
1025 3819 1140 3886 substi-

1191 3183 1241 3218 llm.

125 3991 213 4054 qu's]
232 3990 322 4050 Semel,
339 4005 415 4054 quum
431 3989 488 4038 illos
504 4003 519 4037 a
537 3989 598 4038 Poe·
631 3988 1060 4038 seddedltiet'iRomanorumerant.
1093 3988 1140 4039 Ge·

96 4056 132 4105 nis
140 4055 279 4104 deficientes
290 4055 372 4117 Scipio
379 4054 406 4102 in
417 4053 551 4102 amicitiam
562 4067 599 4101 re·
631 4057 711 4100 tarum
722 4053 753 4100 de
765 4052 870 4100 formula
884 4051 1016 4102 deditionis
1030 4053 1061 4102 cl.
1073 4067 1139 4114 supr.

95 4124 191 4182 ceperat
211 4134 277 4182 supr.
299 4119 374 4167 xxvii.
397 4129 433 4180 17.
455 4116 543 4166 itemm
565 4131 598 4166 sc.
633 4115 673 4166 rii.
685 4129 722 4178 31.

96 4183 213 4248 praesenti
224 4183 249 4231 in
260 4182 394 4232 occasione.
414 4183 495 4231 nass.
665 4181 814 4228 eluctante
832 4181 884 4239 rea]
909 4179 1012 4241 Quippe
1031 4177 1140 4236 Massiva

90 4251 101 4278 ⁵
129 4247 218 4299 actea
285 4246 599 4308 neofoeders,aeoaeqnla
632 4243 713 4293 statiis
733 4241 877 4292 Masinissae
898 4241 965 4291 filius
984 4257 1001 4289 a
1019 4241 1139 4290 Romanis

96 4312 197 4374 balbe]
223 4261 276 4367 ὥ
291 4324 371 4371 aeque
386 4309 449 4357 inter
461 4311 544 4367 scalea
558 4322 599 4356 ne
632 4306 745 4357 remissus
756 4311 814 4357 erat
832 4306 862 4355 el.
874 4319 939 4368 supr.
950 4303 1026 4356 arrii.
1038 4317 1074 4378 rq.

96 4391 141 4440 quo
151 4374 214 4424 inter
225 4375 360 4438 municipio
369 4373 599 4432 annumerabuntur,
