2966 4778
371 173 467 238 LIB.
492 171 624 238 xxm
659 171 770 238 CAP.
796 177 825 238 6.
1069 178 1128 242 127

45 313 157 390 1‘que
173 309 304 392 propter
314 327 369 370 vos
384 329 457 371 cum
475 306 669 372 Samnitibus
679 307 799 372 bellum
814 329 872 396 per
885 320 1014 373 centum
1021 330 1124 409 prope
1141 324 1174 375 U.
1185 326 1245 387 ας
1280 361 1286 374 .

69 399 204 468 ‘annos
220 393 362 456 variante
376 392 503 458 fortuna
523 407 684 472 eventurn,
700 394 874 459 tulerimus.
922 394 1063 460 Adiicrte
1083 396 1125 460 ad
1138 391 1169 441 A.
1185 391 1216 439 ⁰·
1232 386 1288 437 ⁹¹⁶·

70 477 183 553 ‘haec,
199 478 288 564 quod
295 477 408 543 foedus
418 503 557 567 aequum
569 479 695 558 deditis,
706 480 793 568 quod
804 480 890 568 leges
899 493 1025 558 vestras,
1036 482 1125 568 quod

69 562 132 626 ‘ad
159 577 340 628 extremum
364 565 414 651 (id
437 565 525 652 quod
553 579 627 631 ante
656 565 860 632 Cannensem
885 580 970 633 certe
1000 568 1124 633 cladem

69 649 268 714 ‘maximum
290 649 367 737 fuit)
388 652 548 716 civitatem
568 664 707 718 nostram
729 675 863 740 magnae
906 655 966 718 arti
983 654 1124 719 vestrim

44 735 253 814 2‘dedimus,
280 737 647 825 communicavimusque
676 738 847 804 vobiscum
883 677 1008 826 litaque
1037 763 1125 805 com·

69 829 226 885 ‘munem
240 846 296 888 vos
310 823 393 888 hauc
407 823 540 902 cladem,
556 848 639 912 quae
653 837 783 912 accepta
797 839 854 903 est,
870 826 1008 904 credere,
1027 825 1124 892 Carn-

69 907 179 1056 ‘pvani
194 921 330 996 oportet,
345 932 549 976 communem
563 911 697 998 patriam
713 911 865 976 tuendam
886 912 1030 976 arbitrari
1044 935 1121 977 esse.

69 1001 80 1030 ‘
129 1017 174 1058 on
195 1017 269 1059 cum
287 993 428 1061 Samnite
451 1010 507 1062 aut
527 997 662 1062 Etrusco
684 1019 734 1061 res
754 1011 812 1075 est,
828 1009 873 1076 ut,
890 997 1012 1085 quoda
1033 998 1124 1063 nobis

70 1080 235 1146 ‘ablatum
257 1082 306 1159 sit,
322 1082 356 1145 in
378 1080 471 1147 Italis
493 1096 600 1148 tamen
623 1083 792 1170 imperium
814 1098 950 1149 maneat.
996 1083 1124 1149 Poenus

69 1167 260 1244 ‘hostisne
277 1167 403 1236 Africae
442 1169 550 1236 uidem
565 1169 759 1256 indigenam,
775 1170 815 1234 ab
833 1169 953 1234 ultimis
968 1183 1123 1236 terrarum

69 1254 165 1330 ‘oris
179 1253 261 1318 freto
281 1253 402 1319 Oceani
453 1255 630 1343 erculiaque
653 1256 818 1334 columnis,
835 1271 1002 1343 expertem
1020 1256 1124 1322 omnis

70 1339 171 1403 ‘iuris
193 1353 226 1404 et
253 1340 444 1406 conditionis
466 1356 498 1406 et
519 1341 647 1429 linguae
677 1363 776 1429 prope
798 1342 966 1420 humanae,
989 1343 1124 1406 militem

69 1426 200 1490 ‘trabit
247 1425 354 1504 Hunc,
370 1441 484 1490 natura
503 1439 537 1491 et
551 1429 690 1492 moribus
710 1429 865 1493 immitem
881 1428 1057 1514 ferumque,
1073 1429 1123 1491 in-

44 1518 190 1598 3‘super
207 1511 274 1575 dux
296 1513 362 1599 ipse
385 1513 537 1589 efferavit,
558 1513 708 1612 pontibus
731 1537 767 1578 ac
791 1514 926 1578 molibus
948 1537 989 1578 ex
1012 1514 1124 1578 huma-

71 1605 210 1662 ‘norum
225 1619 391 1684 corporum
406 1611 492 1662 strue
507 1597 669 1676 faciendis,
685 1612 727 1676 et,
743 1600 846 1686 (quod
866 1599 1010 1687 proloqui
1027 1601 1125 1665 etiam

43 1683 198 1770 4‘piget)
213 1683 297 1747 vesci
317 1683 465 1748 humanis
482 1685 666 1771 corporibus
683 1684 838 1750 docendo.
885 1685 965 1763 Hos,
986 1685 1124 1750 infandis

71 1778 81 1806 ‘
150 1783 231 1834 tose
256 1769 325 1847 ulis,
338 1793 417 1856 quos
432 1770 519 1834 conti
565 1771 725 1836 ereetiam
740 1771 828 1836 nefas
843 1772 1012 1849 sit,videre
1027 1785 1124 1860 atque

71 1864 81 1892 ‘
135 1857 211 1920 bere
227 1791 381 1933 dominos,
397 1868 486 1920 etex
502 1856 534 1920 A
564 1859 612 1922 'ca
626 1869 659 1921 et
676 1880 694 1922 a
711 1855 905 1945 Carthagine
920 1858 990 1923 iura
1004 1871 1123 1945 petere,

71 1950 127 2006 ‘et
143 1941 269 2006 Italiam
281 1941 496 2006 Numidarum
512 1965 548 2007 ac
558 1942 746 2008 Maurorum
761 1944 827 2031 pati
838 1944 1033 2030 provinciam
1046 1966 1123 2020 esse,

72 2029 147 2093 ‘cui
163 2051 239 2106 non,
255 2028 363 2114 genito
378 2029 473 2094 modo
488 2029 520 2092 in
537 2028 639 2106 Italia,
655 2028 842 2094 detestabile
857 2029 921 2092 sit?
947 2028 1124 2094 Pulchrum

72 2115 164 2191 ‘erit
182 2113 350 2214 Campani,
366 2114 547 2264 prolapsum
562 2114 652 2179 clade
668 2114 815 2179 Romana
836 2115 1005 2201 imperium
1022 2127 1125 2180 vestra

72 2199 170 2278 ‘fide,
186 2215 296 2265 vestus
309 2200 368 2265 riri
392 2223 428 2264 us
449 2213 609 2266 retentum
631 2222 667 2264 ac
690 2213 910 2286 recuperatum
928 2223 1004 2264 esse.
1051 2200 1124 2264 Tri-

45 2303 60 2352 ⁵
72 2287 185 2386 ‘ginta
198 2286 298 2386 millia
314 2286 469 2373 peditum,
486 2300 637 2374 quattuor
650 2287 795 2372 equitum
815 2286 950 2350 arbitror
964 2309 1005 2350 ex
1029 2284 1126 2350 Cam·

71 2383 191 2524 :parua
204 2375 298 2436 scnbr
309 2395 409 2459 posse.
455 2372 524 2438 Iam
536 2372 691 2460 pecuniae
706 2371 824 2436 affatim
840 2384 889 2436 est
898 2371 1124 2523 frumentiffiue.

120 2459 131 2522 i
147 2481 256 2560 parem
271 2458 417 2524 fortunae
432 2473 552 2524 vestrae
568 2458 666 2523 fidem
681 2456 813 2534 habetis,
829 2481 890 2524 nec
914 2457 1046 2524 Hannib

71 2546 206 2610 ‘vicisse
221 2545 346 2622 sentiet,
362 2568 422 2610 nec
438 2545 579 2611 Romani
593 2545 692 2609 victos
707 2545 795 2608 esse.’

117 2631 190 2695 Hac
212 2633 354 2696 oratione
376 2631 513 2696 considis
535 2631 671 2695 dimissis
693 2629 964 2718 redeuntibusque
991 2630 1123 2697 domum
1217 2681 1224 2696 .

72 2719 195 2806 legatis,
211 2740 295 2783 unua
319 2740 360 2782 ex
381 2717 430 2795 iis,
447 2715 561 2782 Vibius
576 2715 710 2794 Virrius,
727 2715 892 2805 ‘Tempus
910 2719 1055 2798 venisse,'
1069 2718 1123 2796 sit,

1092 2481 1125 2523 ΒΘ

107 2971 296 3022 rPeramtrmr
396 2971 486 3030 aanor]
505 2969 546 3020 Sic
556 2975 582 3019 et
613 2987 670 3020 rum
683 2987 812 3034 wrporum
825 2971 1040 3032 struasociandir]
1066 2971 1124 3022 vat.

74 3033 180 3094 inim.
214 3035 336 3084 Samuitea
378 3034 487 3083 annibali
497 3033 583 3083 dicunt
615 3035 685 3083 Max.
700 3035 735 3084 ix.
747 3049 769 3084 a.
781 3040 901 3082 memorat
915 3034 1084 3082 Hannibalem
1099 3035 1125 3083 in

71 3113 99 3146 se
111 3104 270 3160 parcentum
285 3113 451 3162 propeannos
466 3113 522 3146 cum
540 3113 581 3160 po
616 3097 732 3159 Vergello
751 3099 892 3160 corporibus
911 3097 1031 3146 Romanis
1049 3105 1126 3160 ponte

73 3161 135 3223 pulo
152 3163 267 3210 Romano
283 3162 378 3210 bellum
393 3161 500 3224 gessisse.
535 3161 583 3209 Ve·
617 3161 682 3208 facto
696 3161 832 3210 exercitum
847 3159 990 3210 tmduxissc.
1025 3161 1124 3224 Vergel-

71 3226 123 3273 rius
135 3231 217 3274 tumen
229 3231 274 3285 est,
282 3225 348 3288 quod
359 3224 413 3275 infr.
425 3224 493 3273 xxxi.
503 3239 541 3286 31.
552 3226 584 3272 ab
617 3224 656 3272 lus
666 3230 760 3273 torrens
773 3231 818 3284 est,
829 3223 880 3272 aive
895 3223 1033 3274 anniculus
1049 3240 1126 3287 prope

71 3291 154 3350 legato
163 3289 278 3338 Romam
289 3289 388 3348 dicitur,
398 3289 424 3336 id
435 3289 529 3337 bellum
541 3303 585 3350 per
616 3288 724 3346 Cannas,
742 3289 795 3335 solo
816 3286 861 3335 illo
883 3287 1028 3336 cadaverum
1050 3296 1126 3350 ponte

71 3353 511 3477 ffiffipnpppffigffug
523 3367 582 3475 lli
615 3350 901 3474 minmidllibdlllia
922 3416 1062 3476 corporeae
1085 3418 1125 3464 aa

71 3482 342 3541 peractumanno480.
377 3481 467 3541 Itaque
483 3493 582 3541 perno-
614 3478 702 3537 orm]
725 3477 800 3525 Hanc
819 3476 969 3526 calumniam
989 3477 1125 3527 Hannibali

73 3559 129 3592 rem
146 3549 171 3592 et
188 3543 315 3605 maginus
330 3558 407 3592 annos
424 3547 521 3606 gestum
538 3546 582 3590 eat.
614 3539 1125 3615 brutraimponitTarentimquippequad

72 3607 156 3656 cm.
614 3610 739 3653 auctorem
759 3605 832 3653 huius
850 3604 1012 3654 crudelissimi
1031 3605 1125 3654 consilii

106 3685 120 3719 α
137 3672 268 3731 Dedimus]
288 3671 367 3719 Vobis
374 3669 416 3733 qui
427 3670 453 3718 iu
464 3669 583 3718 ditionem
615 3667 1125 3732 HannibalemMoncmacbumfuiaaepro·

72 3740 181 3783 nontam
203 3741 283 3783 vestra
304 3734 388 3782 omnia
409 3747 499 3795 vosque
517 3731 584 3794 ipsos
616 3731 653 3780 dit
668 3731 756 3807 Polyb.
768 3733 801 3781 ix.
818 3746 857 3792 24.
873 3731 912 3781 cui
928 3731 1030 3782 minime
1046 3749 1125 3782 aasen-

72 3797 236 3856 dedidentiag
252 3795 583 3860 aeproindauontamaocii,
615 3807 670 3844 aum
687 3797 761 3844 nusae
775 3811 891 3859 magnum
907 3797 1083 3858 Hannibalem,
1095 3798 1125 3847 si·

72 3876 149 3923 quam
164 3861 267 3909 subiecti
281 3861 385 3924 imperio
399 3866 481 3910 nostro
497 3858 582 3909 baberi
615 3859 768 3908 naumain
778 3860 894 3922 Excerpt
904 3860 1001 3923 naga.
1010 3862 1125 3912 vatican.

73 3924 198 3988 poteratis
232 3925 291 3974 vid,
306 3941 371 3988 supr.
383 3925 423 3974 vii.
438 3937 476 3986 3¹·
510 3924 582 3974 Oete·
617 3933 654 3985 71.
672 3929 697 3972 et
715 3923 865 3987 Porphyrius
881 3925 913 3972 de
929 3924 1084 3974 Abstinentia
1099 3925 1125 3975 ii.

72 4003 128 4037 rum
139 3989 199 4036 olim
210 3988 251 4037 hic
266 3989 326 4038 editi
338 3990 507 4052 praeferebant
517 3988 581 4038 dedi·
615 3987 773 4048 57.scn'bunt
785 3989 916 4038 dilium.
937 3989 1053 4038 Ceterum
1062 4005 1124 4038 mer-

72 4069 134 4102 mru.
168 4052 258 4116 Scripti
272 4055 387 4104 dedinia:
407 4053 472 4102 unde
487 4051 582 4101 Grono·
615 4051 704 4100 cerarii
721 4051 915 4114 Carthaginiena
933 4051 958 4100 in
974 4054 1057 4102 Africa
1074 4054 1125 4101 bel·

74 4118 127 4166 vius
144 4117 286 4166 emendarit
307 4119 399 4168 deditis
433 4117 513 4166 Recte
530 4129 581 4162 om·
614 4113 796 4163 lantesadboc
807 4115 901 4164 facinus
912 4116 1006 4178 delapsi
1017 4122 1082 4164 sunt.

73 4181 140 4230 nino.
157 4182 239 4231 Cass.
272 4183 321 4231 Sed
340 4183 372 4231 de
388 4183 486 4230 loedere
502 4193 582 4240 aequo
647 4191 661 4240 5
677 4180 721 4226 Ea
732 4179 868 4241 (lamponio
880 4181 953 4228 artu
963 4182 1043 4242 porra]
1066 4179 1090 4228 b.
1102 4195 1123 4228 e.

74 4247 103 4293 af.
117 4245 222 4294 Niebhn
234 4244 258 4294 ii.
269 4261 293 4294 n.
308 4259 360 4308 149.
616 4242 657 4290 Ex
676 4241 769 4290 civibus
785 4242 919 4304 Campanis
935 4250 1009 4304 atque
1025 4243 1124 4291 illorum

108 4324 122 4371 3
139 4310 260 4357 Pontibus
275 4325 304 4357 oc
314 4309 415 4357 molibus
425 4321 456 4358 er
465 4308 582 4356 bumano-
616 4304 752 4356 clientibus.
773 4307 804 4355 ct
817 4305 842 4355 N
845 4305 919 4356 iebhr.
932 4305 957 4357 ii.
969 4322 992 4357 n.
1007 4319 1058 4366 145.
