2866 4770
347 215 444 282 LIB.
467 215 581 282 XXX.
615 216 726 284 CAP.
750 225 802 286 30.
1035 225 1098 286 531

47 371 106 413 cus
121 361 310 451 conspectus
324 350 478 452 undique,
491 375 532 416 ne
547 352 627 454 quid
641 353 827 420 insidiarum
843 367 935 433 esset,
946 353 1096 420 delectus
1109 369 1144 421 U.
1155 371 1185 421 c.
1201 383 1257 434 ⁵50·

49 435 226 501 Summotts
247 437 315 524 pari
341 451 443 524 spatio
464 452 601 515 armans,
624 461 698 504 curn
720 440 851 528 singulis
873 441 1099 529 interpretibus
1107 435 1139 485 A.
1155 435 1185 485 ⁰·
1201 449 1256 485 ²⁰²·

47 523 209 610 congressi
231 536 315 600 sunt,
331 546 398 588 non
419 547 494 590 suae
517 525 612 590 modo
635 527 745 592 aetatis
766 528 897 593 maximi
918 527 1025 606 duces,
1041 527 1098 593 sed
1154 503 1206 564 3⁰·

46 610 153 674 omnis
168 623 242 674 ante
257 633 291 675 se
306 610 487 690 memoriae,
503 611 646 677 omnium
668 615 812 700 gentium
834 614 965 680 cuilibet
985 633 1098 702 regum

43 695 314 782 imperatorumve
336 719 436 784 pares.
481 697 659 786 Paullisper
672 699 752 766 alter
770 700 899 766 alterius
913 714 1097 788 conspectu,

44 781 258 848 admiratione
276 796 388 848 mutua
409 806 508 884 prope
523 785 651 850 attoniti
665 786 857 852 conticuere.
903 787 989 852 Tum
1005 786 1098 852 Han·
1106 803 1257 856 Hannibalis

43 869 136 934 nibal
151 869 246 957 prior,
263 869 320 934 ‘Si
334 869 395 935 hoc
410 883 456 934 rte
468 869 534 935 fato
548 869 659 937 datum
674 884 751 951 erat,
766 887 812 951 ut,
825 873 881 961 qui
895 874 1017 961 primus
1031 867 1190 939 beporatio.

45 955 139 1020 ‘lum
160 955 255 1020 intuli
277 978 320 1043 po
344 955 397 1020 ulo
414 955 571 1035 Romano,
610 958 707 1047 nique
722 960 817 1025 toties
831 982 929 1048 prope
944 960 979 1024 in
996 960 1098 1025 mani·-

45 1043 131 1106 ‘bus
142 1042 305 1107 victoriam
320 979 426 1121 latui,
437 1043 464 1107 is
475 1043 557 1108 ultro
626 1067 738 1132 pacem
753 1045 925 1133 petendam
935 1045 1096 1124 venirem3

44 1135 56 1166 ‘
67 1129 171 1194 laetor
193 1141 224 1193 te
245 1128 324 1194 mihi
347 1142 431 1194 sorte
453 1129 652 1217 potissimum
674 1131 794 1209 datum,
817 1155 837 1198 a
858 1155 923 1232 quo
943 1145 1095 1219 peterem.

43 1214 148 1280 ‘Tibi
163 1238 292 1302 quoqne
310 1215 394 1280 inter
414 1215 515 1281 multa
532 1216 660 1304 egregia
678 1240 745 1283 non
769 1218 803 1282 in
823 1218 943 1283 ultrmis
964 1218 1097 1284 laudum

43 1301 134 1366 ‘hoc
147 1301 253 1380 fixerit,
266 1301 491 1380 Hannibalem,
501 1303 554 1368 cni
569 1315 617 1367 tot
630 1304 672 1368 ds
686 1304 839 1369 Romanis
853 1303 987 1370 ducibus
996 1305 1097 1371 victo*

42 1388 150 1452 ‘riam
165 1387 211 1452 dii
227 1387 398 1466 dedissent,
415 1388 473 1452 tibi
493 1389 640 1466 cessisse3
664 1401 762 1478 teque
783 1390 859 1456 huic
877 1391 970 1468 bello,
985 1392 1097 1457 vestris

43 1482 54 1512 ⁶
94 1474 168 1551 rius,
191 1497 287 1562 quarn
309 1474 434 1551 nostris,
457 1474 598 1540 cladibus
621 1476 633 1540 i
673 1477 681 1491 '
727 1478 748 1555 i,
775 1477 874 1542 finem
899 1476 1094 1566 imposuime.

12 1581 30 1616 a
43 1569 55 1600 ‘
66 1497 146 1625 Flos
165 1583 294 1649 quoque
316 1560 489 1626 ludibrium
511 1583 601 1626 casus
623 1498 760 1628 eppirpprst
781 1563 916 1642 fortrma,
933 1577 979 1642 ut,
995 1586 1097 1652 quum

42 1656 159 1736 ‘patre
175 1661 230 1712 tuo
244 1647 373 1712 consule
388 1648 527 1735 ceperim
544 1671 640 1727 arma,
656 1672 730 1714 cum
745 1650 858 1716 eodem
873 1651 1012 1738 primum
1029 1650 1097 1716 Ro-

40 1742 54 1774 ‘
66 1756 165 1798 mano
179 1734 369 1821 imperatore
383 1734 474 1821 signa
483 1734 690 1813 contulerim3
712 1735 754 1801 ad
767 1737 869 1802 filium
884 1737 952 1802 eius
966 1737 1097 1802 inermis

20 1820 114 1886 “ad
134 1843 245 1907 pacem
267 1819 439 1908 petendam
459 1821 595 1886 veniam.
642 1821 811 1910 Optimum
829 1823 961 1911 quidem
982 1823 1095 1901 fuemt,

42 1915 54 1946 ‘
67 1929 141 1972 eam
155 1907 298 1993 patribus
311 1907 427 1972 nostris
441 1922 582 1972 mentem
597 1907 703 1972 datam
718 1909 758 1972 ab
773 1909 835 1973 diis
849 1931 927 1986 esse,
944 1921 980 1974 ut
994 1921 1028 1973 et
1041 1931 1096 1974 vos

10 1993 192 2071 s‘Italiae,
208 2005 242 2058 et
262 2015 321 2058 noa
342 1993 468 2058 Aliicae
491 1993 625 2080 imperio
644 1994 786 2059 contenti
809 2017 965 2060 essemus:
989 2017 1096 2083 neque

41 2080 159 2146 ‘enim
180 2101 222 2144 ns
236 2079 325 2144 vobis
340 2079 471 2167 quidem
488 2078 597 2145 Sicilia
610 2103 646 2144 ac
663 2079 810 2146 Sardinia
823 2081 897 2146 satis
912 2081 1011 2168 digna
1023 2103 1097 2169 pre-

41 2175 54 2208 ‘
68 2167 117 2231 tia
130 2180 205 2231 sunt
243 2188 279 2231 ro
295 2179 342 2231 tot
356 2165 516 2244 classibus,
532 2178 581 2231 tot
594 2166 795 2245 exercitibus,
811 2179 860 2232 tot
879 2179 944 2232 tam
961 2168 1097 2267 egregiis

41 2263 54 2294 ‘
66 2253 191 2318 amissis
212 2189 355 2318 ducibus.
403 2251 468 2317 Sed
490 2253 661 2340 praeterita
683 2253 783 2355 magis
808 2253 999 2340 reprehendr
1024 2276 1098 2341 pos·

41 2350 155 2417 ‘sunt
171 2361 267 2426 quarn
282 2338 404 2426 corrigi.
450 2338 502 2404 Ita
521 2339 625 2404 aliena
639 2339 859 2426 appetivimus,
875 2352 913 2404 ut
925 2340 967 2404 de
982 2341 1097 2406 nostris

40 2425 302 2504 ‘dimicaremua
317 2448 377 2490 nec
399 2425 434 2489 in
456 2424 550 2490 Italia
570 2425 673 2490 solum
694 2426 783 2491 robis
804 2426 933 2504 bellum,
949 2427 1041 2492 nobis
1061 2427 1097 2490 in

38 2523 54 2555 ‘
68 2511 181 2578 Africa
195 2523 294 2577 esset:
319 2510 375 2576 sed
390 2525 423 2578 et
435 2533 492 2576 vos
505 2511 541 2575 in
554 2512 654 2599 portis
667 2513 778 2578 vestris
792 2534 892 2600 prope
914 2535 951 2578 ac
973 2513 1097 2578 moeni-

40 2610 53 2641 ‘
66 2601 130 2665 bus
143 2597 233 2686 signa
247 2619 398 2686 armaque
412 2597 552 2663 hostium
565 2597 698 2676 vidistis,
713 2611 747 2664 et
767 2621 826 2664 nos
843 2599 884 2664 ab
901 2597 1095 2688 Cartbagine

39 2685 231 2752 ‘fremitum
246 2697 419 2750 castrorum
436 2683 655 2750 Romanorum
672 2685 869 2751 exaudimus.
917 2685 1016 2762 Quod
1037 2687 1098 2774 igi-

39 2783 124 2838 ‘tnr
142 2793 200 2836 nos
222 2771 359 2836 maxime
374 2771 637 2848 abominaremur,
653 2793 709 2837 ros
723 2785 797 2837 ante
813 2773 920 2837 omnia
935 2773 1095 2859 optaretis,

40 2861 105 2924 ‘in
120 2857 248 2924 meliore
263 2871 367 2923 vestra
380 2857 508 2923 fortuna
522 2856 563 2921 de
581 2879 659 2944 pace
682 2858 803 2944 agitur:
831 2859 953 2958 egimus
967 2859 1000 2934 ii,
1016 2881 1097 2945 quo·

39 2957 142 3010 ‘rum
164 2957 198 3010 et
218 2944 357 3009 maxime
378 2944 511 3009 interest
531 2965 642 3030 pacem
665 2966 742 3020 esse,
762 2954 795 3008 et
809 2965 866 3029 qm
880 2943 1096 3031 quodcunque

39 3045 54 3074 ‘
66 3031 237 3119 egerimus,
253 3044 358 3096 ratum
373 3030 515 3095 civitates
532 3041 657 3094 nostrae
676 3028 841 3094 habiturae
856 3029 928 3093 sint
975 3027 1096 3094 Animo

38 3129 54 3162 ⁶
66 3129 194 3184 tantum
212 3117 304 3183 nobis
322 3139 402 3205 opus
423 3128 472 3181 est
490 3137 557 3181 non
579 3115 768 3185 abhorrente
783 3137 802 3180 a
816 3113 933 3202 quietis
947 3114 1094 3180 consiliis

39 3215 55 3247 ‘
70 3203 172 3280 Quod
193 3203 234 3268 ad
256 3224 308 3268 me
331 3203 455 3280 attinet,
472 3203 534 3267 iam
557 3215 643 3268 aetas
657 3224 765 3268 senem
787 3202 822 3266 in
842 3202 976 3289 patriam
991 3223 1097 3266 rerer·

40 3303 55 3334 ⁶
66 3303 203 3369 tentem,
218 3289 305 3356 unde
327 3312 408 3378 puer
428 3289 587 3390 profectus
604 3311 684 3365 sum,
700 3289 763 3354 iam
778 3287 946 3365 secundae,
962 3287 1024 3352 iam
1040 3287 1097 3352 ad·

37 3389 55 3422 ⁴
66 3399 177 3443 versae
199 3399 260 3454 res,
282 3377 328 3442 ita
348 3375 544 3454 erudrernnt,
567 3388 604 3440 ut
625 3375 779 3441 rationem
801 3375 902 3462 sequi,
918 3396 1014 3461 quam
1033 3373 1097 3439 for·

40 3477 191 3541 ‘tunam,
218 3462 336 3528 malim.
390 3462 496 3527 Tuam
519 3475 552 3527 et
577 3461 822 3528 adolescentiam
847 3473 881 3526 et
909 3475 1096 3548 perpetuam

40 3563 55 3593 ‘
66 3549 263 3627 felicitatem,
279 3548 432 3614 ferociora
447 3561 590 3636 utraque,
606 3570 702 3635 quam
719 3548 834 3635 quietis
851 3569 931 3634 opus
951 3559 998 3612 est
1019 3569 1097 3612 conm

5 3647 54 3718 4‘
67 3635 157 3713 siliis,
173 3649 291 3700 metuo.
338 3633 414 3700 Non
431 3648 550 3702 temere
567 3635 690 3700 incerta
702 3656 831 3698 casuum
847 3655 881 3697 re
906 3645 983 3710 utut,
999 3655 1097 3720 quem

37 3722 196 3787 ‘fortuna
210 3743 377 3810 nunquam
391 3721 526 3809 decepit
568 3720 666 3797 Quod
680 3741 740 3808 ego
753 3719 853 3784 fisiad
909 3719 1096 3798 emmenum,

37 3807 112 3874 ‘ad
129 3808 267 3885 Cannas,
282 3808 317 3872 id
334 3821 371 3873 tu
392 3806 489 3872 bodie
509 3830 551 3872 es
597 3806 742 3872 Vixdum
763 3805 891 3871 militari
913 3817 1015 3870 aetate
1036 3806 1098 3870 im-

37 3907 53 3940 ‘
67 3894 159 3984 perio
181 3908 323 3983 accepto,
346 3893 454 3959 omnia
476 3894 681 3959 audacissime
707 3892 915 3981 incipientem
941 3915 1099 3981 nusquam

38 3980 183 4046 ‘fefellit
203 3981 339 4046 fortuna
386 3979 491 4045 Patris
512 3993 545 4045 et
565 3981 670 4068 patrui
691 3992 875 4068 persecutus
897 3991 1042 4058 mortem,
1058 3981 1098 4046 ab

79 4188 94 4222 s
113 4173 168 4223 Hae
192 4189 287 4238 qssoqua
313 4173 446 4222 ludibrium
472 4172 556 4232 emus]
625 4173 743 4235 3Nequs
752 4173 818 4222 sas'm
828 4187 860 4220 ne
870 4171 1053 4246 vobisquidem]
1067 4171 1098 4221 cl'.

38 4239 127 4290 Hunc
142 4252 239 4299 quoque
254 4237 376 4286 ludicrum
392 4251 475 4285 casum
491 4236 559 4284 uelut
592 4235 663 4298 supr.
675 4235 761 4285 xxxix.
776 4251 812 4284 rs.
829 4235 883 4283 infr.
895 4249 963 4282 xxxr.
975 4235 1014 4294 38.

31 4305 131 4418 {5⁰be
147 4302 246 4352 senuna
263 4300 368 4350 edidisse
385 4299 460 4348 rideri
476 4305 557 4362 queat.
623 4317 639 4361 4
655 4301 713 4349 Non
724 4301 824 4360 usam]
843 4297 902 4348 Nou
913 4297 994 4358 saoile,
1005 4312 1067 4349 raro.

818 4429 925 4487 nsm2
