2950 4774
343 165 439 234 LlB.
462 165 574 234 XXV.
607 167 719 236 OAP.
743 172 794 237 37.
1029 173 1095 240 273

56 295 122 361 valli
142 297 324 380 obiicerent,
342 301 474 370 clitellas
498 303 631 391 illigatas
653 305 811 382 oneribus,
826 303 914 370 velut
932 315 1090 372 struentes
1100 323 1133 373 U.
1144 323 1175 375 c.
1191 337 1245 386 540·

53 383 90 447 ad
108 383 305 452 altitudinem
325 388 458 468 solitam,
474 389 731 468 circumdabant3
754 391 882 456 cumulo
896 392 1089 458 sarcinarum
1098 387 1128 438 Α·
1145 389 1175 439 ⁰·
1191 403 1245 438 ²¹²·

53 471 147 536 omnis
190 475 293 540 eneris
313 477 448 554 obiecto,
469 477 525 542 ubi
547 477 589 542 ad
611 477 806 544 moliendum
829 476 963 544 clitellae
979 479 1089 545 defue-

52 571 124 622 rant.
168 495 284 626 i'unioi
310 563 468 629 exercitus
492 577 660 651 postquam
685 563 851 643 advenere,
871 566 907 630 in
929 565 1163 656 tumulumnuna
1173 595 1213 642 ag-

53 643 174 729 quidem
197 647 343 735 perfacile
369 673 484 736 agmen
508 673 655 716 erexere:
686 651 872 718 munitionis
892 675 967 718 vero
992 645 1237 758 faciesprffltmu‘

52 753 125 796 nova
138 733 242 820 primo
257 758 310 800 eos
324 736 412 801 velut
426 737 577 802 miraculo
593 737 732 824 quodam
746 739 860 816 tenuit,
875 761 975 826 quum
989 738 1087 806 duces
1118 723 1182 760 σω

52 818 123 882 undi
145 843 186 886 ue
201 821 456 901 vociferarentur,
473 823 586 900 ‘Quid
605 825 749 890 starent?
774 838 807 890 et
826 847 892 890 non
914 823 1087 890 ludibrium

53 843 152 984 ‘illud
169 907 223 972 vix
237 908 362 974 feminis
381 911 526 996 puerisve
549 910 708 976 morandis
722 911 796 976 satis
810 911 959 989 validum,
974 912 1088 977 distra-

53 989 178 1058 ‘herent
197 993 458 1083 diriperentque?
504 995 645 1086 Captum
665 997 789 1062 hostem
809 998 919 1076 teneri,
935 997 1087 1065 latentem

53 1083 135 1164 ‘post
148 1081 306 1147 sarcinas!
342 1081 433 1148 Haec
445 1083 652 1172 contemptim
663 1082 760 1150 duces
771 1084 984 1171 increpabant.
1023 1083 1088 1150 Ce-

53 1175 155 1244 terum,
176 1190 283 1255 neque
309 1169 473 1248 uandlire,
494 1193 599 1257 neque
623 1168 727 1235 moliri
752 1193 849 1236 onera
871 1171 1004 1250 obiecta,
1027 1194 1087 1237 nec

52 1252 173 1318 caedere
184 1255 315 1355 stipatas
323 1255 463 1334 clitellas,
473 1257 611 1344 ipsisque
621 1257 749 1322 obrutas
759 1257 897 1334 sarcinis,
907 1256 998 1322 facile
1010 1272 1085 1324 erat.

36 1335 188 1406 rTardatis
203 1341 260 1406 drn
275 1365 375 1429 quum
389 1344 517 1408 amolita
531 1344 655 1408 obiecta
669 1366 767 1408 onera
786 1344 912 1408 armatis
926 1343 1088 1410 dedissent

53 1423 133 1504 viam,
148 1427 355 1516 pluribusque
376 1428 462 1494 idem
482 1429 623 1518 partibus
640 1430 740 1507 fieret,
756 1443 849 1518 capta
866 1429 928 1494 iam
944 1430 1086 1519 undique

52 1523 141 1578 casua
165 1526 277 1580 erant:
308 1515 402 1602 pauci
428 1516 467 1582 ab
493 1516 610 1594 multis,
636 1515 836 1604 perculsique
861 1540 882 1581 a
906 1518 1086 1596 victoribus,

52 1599 155 1683 posim
169 1600 393 1670 caedebantur.
438 1603 561 1690 Magna
574 1625 645 1689 pars
660 1617 766 1668 tamen
781 1603 927 1696 militnm,
938 1627 1038 1692 quum
1053 1605 1087 1669 in

71 1706 100 1748 ro
120 1687 236 1774 inques
255 1687 422 1776 relirgisset
443 1689 545 1768 silvas,
562 1690 597 1754 in
616 1703 718 1754 casua
737 1689 774 1755 P.
790 1689 842 1756 Sci
865 1691 955 1768 ionis,
971 1691 1087 1792 quibus

53 1705 245 1840 llonteius
259 1774 381 1864 legatus
394 1789 548 1864 praeerat,
606 1775 779 1863 rfngerunt.
827 1712 889 1842 dir.
905 1775 1086 1865 Scipionem
1095 1793 1237 1869 cascipio

53 1856 97 1922 alii
116 1861 149 1924 in
171 1861 297 1927 tumulo
312 1863 414 1949 primo
428 1864 551 1951 impetu
588 1863 704 1929 ostium
718 1885 845 1928 caesum
861 1862 1008 1954 tradunt:
1033 1864 1244 1932 alii⁰⁰⁰l⁸¹¹b⁰ffi

53 1964 115 2010 cum
128 1949 240 2034 paucis
254 1949 289 2012 in
303 1949 514 2038 propinquam
525 1949 633 2014 castris
645 1949 755 2014 turrim
771 1949 952 2036 perfugisse.
991 1929 1232 2036 Hancfflw

53 2029 109 2116 igni
122 2034 360 2114 circumdatam,
377 2049 472 2124 atque
488 2037 533 2102 ita
547 2035 666 2101 exustis
680 2034 809 2114 foribus,
825 2059 903 2123 quas
917 2035 1005 2100 nulla
1020 2059 1088 2100 mo-

53 2114 95 2182 liri
114 2134 289 2207 potuenmt
307 2123 349 2201 vi,
367 2137 510 2210 captam;
537 2144 710 2208 omnesque
733 2123 819 2188 intus
844 2144 917 2187 cum
938 2123 1006 2209 ipso
1028 2123 1088 2187 im-

36 2219 182 2289 speratore
212 2208 338 2274 occisos.
384 2209 483 2274 Anno
503 2223 626 2286 octavo,
647 2222 815 2296 postquam
838 2209 873 2272 in
899 2206 1087 2296 Hispaniam

53 2307 178 2373 venerat,
197 2293 261 2360 Cn.
277 2294 329 2360 Sci
351 2295 393 2372 io,
410 2295 657 2383 undetrigesimo
672 2295 723 2360 die
739 2307 810 2382 post
823 2294 926 2360 fratris
943 2310 1087 2372 mortem,

54 2393 93 2443 est
104 2380 296 2446 interfectus
330 2318 454 2447 ltuctns
468 2405 509 2446 ex
524 2395 624 2454 morte
635 2403 746 2446 eornm
761 2405 827 2446 non
839 2380 961 2446 Romae
977 2382 1086 2459 maior,

55 2485 137 2550 qnam
155 2491 217 2555 per
239 2481 337 2534 totam
358 2467 556 2568 Hispaniam,
571 2467 640 2534 luit.
689 2467 779 2544 Quin
801 2467 887 2555 apud
910 2468 994 2532 cives
1016 2491 1089 2556 par·

54 2562 108 2616 tarn
125 2554 246 2620 doloris
271 2568 305 2620 et
326 2569 483 2620 exercitus
508 2555 622 2634 amissi,
644 2569 677 2620 et
700 2555 836 2620 alienata
860 2555 1031 2641 provincia,
1055 2569 1088 2622 et

54 2639 167 2722 publica
188 2641 336 2707 trahebat
352 2642 466 2708 clades.
513 2639 686 2729 Hispaniae
701 2641 785 2728 ipsos
798 2641 949 2729 lugebant
963 2641 1088 2707 deside-

55 2725 217 2816 nbautque
232 2727 349 2793 duces':
376 2727 522 2794 Cnaoum
537 2741 644 2794 tamen
659 2729 767 2816 magis,
783 2751 848 2815 quo
863 2728 982 2794 diutius
997 2751 1088 2817 prae-

38 2809 143 2879 rfuerat
170 2815 222 2893 iis,
250 2815 397 2902 priorque
427 2829 460 2880 et
484 2814 623 2880 favorem
649 2827 865 2902 occupaverat,
892 2826 926 2880 et
950 2815 1088 2902 speciem

55 2895 179 2968 imtitiae
196 2902 488 3002 temperantiaeque
505 2901 669 2966 Romanae
684 2901 804 2988 primus
819 2900 959 2966 dederat.

92 2986 199 3062 Quum
209 2988 332 3055 deletus
341 3001 497 3054 exercitus
505 2987 699 3074 amissaeque
709 2985 883 3074 Hispaniae
895 2987 1087 3065 viderentur,
1145 2992 1196 3056 37.

56 3069 94 3134 vir
106 3097 186 3140 unus
197 3097 249 3140 res
262 3074 400 3162 perditas
411 3075 556 3140 restitnit.
602 3073 680 3138 Erat
693 3073 727 3136 in
742 3074 884 3138 exercitu
896 3073 934 3138 L.
948 3073 1088 3139 Marcius
1097 3077 1126 3126 L.
1138 3078 1246 3152 Marcius

59 3155 178 3245 Septimi
196 3161 291 3240 filius,
311 3185 409 3249 eques
428 3161 601 3238 Romanus,
621 3159 757 3248 impiger
775 3159 907 3236 invenie,
926 3160 1087 3248 animique
1096 3143 1246 3257 ssffim

58 3255 84 3306 et
99 3246 218 3335 ingenii
238 3247 409 3337 aliquanto,
426 3270 521 3336 quam
566 3270 601 3312 ro
615 3247 751 3322 fortuna,
767 3247 801 3310 in
819 3269 883 3334 qua
902 3259 970 3310 erat
985 3260 1087 3325 natus,

59 3331 176 3400 maone.
225 3335 280 3400 Ad
307 3357 462 3400 summam
491 3335 525 3398 in
549 3333 631 3399 olem
660 3347 831 3398 accesserat
856 3331 917 3398 Cn.
933 3331 1089 3422 Scipionis

59 3413 227 3508 disciplina:
252 3423 310 3487 sub
322 3444 390 3508 qua
404 3443 461 3508 per
475 3434 522 3486 tot
537 3443 636 3486 annos
650 3442 760 3484 omnes
774 3419 905 3484 militiae
917 3432 998 3486 artes
1012 3419 1089 3486 edo·

85 3685 216 3734 tanrilla
233 3685 324 3734 obicem
342 3699 417 3732 onera
435 3685 548 3744 amatia]
583 3683 623 3732 hic
640 3682 800 3746 coarguimus,
816 3681 904 3732 babet:
922 3685 1029 3732 [nectos
1041 3699 1088 3746 par

59 3744 152 3795 Anum
166 3747 208 3796 hic
224 3749 472 3810 passiveusurpatur3
488 3763 550 3797 amo
583 3755 633 3797 octo
654 3763 732 3796 annos
752 3749 840 3796 milites
859 3763 931 3796 mos:
962 3753 990 3795 ut
1012 3747 1089 3810 possis

59 3807 91 3854 dli
112 3817 160 3873 opt.
181 3825 234 3861 uss.
255 3817 330 3873 atqua
357 3813 413 3861 edd.
437 3811 551 3860 nonnulli
583 3811 699 3874 suspicari
716 3825 819 3860 errorem
835 3811 909 3860 drissa
925 3811 1001 3874 ipsius
1015 3811 1088 3862 Livii.

59 3884 109 3929 prae
122 3891 146 3923 se
159 3877 249 3926 sanant.
276 3878 375 3925 Obiecta
385 3893 460 3926 unna
471 3893 550 3926 amc-
582 3876 664 3926 Caua.

60 3937 327 4007 &Bellerosuspeota
337 3947 401 3990 sunt.
614 3941 913 4004 4Pricrqusetsavorsm
920 3949 1088 4004 amputarat,

87 4007 185 4062 sarano
197 4006 291 4064 muco]
319 4005 368 4054 Sed
379 4003 550 4066 hicestsepti-
583 4005 871 4066 etrpecs'em...prt'mus
882 4005 993 4065 dederafl
1012 4007 1089 4054 Prior

60 4075 106 4113 uta
115 4082 191 4118 annas
200 4070 232 4118 ab
242 4067 312 4117 initio
322 4069 394 4117 huius
405 4068 470 4118 belli.
498 4067 550 4116 Pn'-
583 4068 1088 4130 resertnradfratrem;pn'masadomnes.

61 4139 95 4174 ¹11⁰
104 4137 182 4180 autern
197 4133 256 4182 belli
268 4133 425 4182 Hannibaliei
436 4147 500 4181 anno
511 4148 551 4180 va·
584 4131 681 4180 Primus
690 4132 756 4180 eninr
767 4131 877 4180 omnium
887 4132 1054 4182 Romanorum
1064 4133 1089 4179 in

61 4200 120 4242 neat
129 4197 175 4246 Cu.
186 4189 306 4260 Scipio'in
319 4196 472 4260 Hispaniam.
492 4196 550 4246 Vid.
585 4194 731 4270 Hispaniam
748 4211 804 4246 cum
820 4195 923 4256 imperio
940 4205 964 4244 et
981 4194 1089 4243 exercitu

60 4267 117 4326 tupr.
127 4259 176 4309 xxi.
187 4275 224 4323 32.
257 4261 353 4310 Tamen
369 4261 431 4310 infra
444 4261 553 4310 Marciru
586 4265 651 4310 vemt
662 4259 709 4310 Gn.
721 4259 811 4322 Scipio.
827 4259 913 4308 Srooa.

62 4332 82 4365 n
95 4323 197 4374 amnone
212 4325 318 4376 eundern
332 4341 469 4386 numerum,
479 4339 552 4386 quem

98 4403 167 4452 Vola.
183 4409 217 4453 11.
896 4405 917 4448 'l'
