2888 4768
359 237 454 305 LIB.
479 238 608 304 XXIV.
643 239 753 305 CAP.
777 247 828 306 34.
1051 246 1111 306 211

73 377 264 442 inventorac
276 374 471 440 machinator
478 375 661 441 bellicorum
672 389 898 442 tormentorum
907 399 1038 466 operum
1062 401 1112 453 ne,
1127 391 1158 439 υ,
1170 389 1199 438 0.
1215 390 1269 450 53⁸-

49 463 188 550 squibus
207 485 255 539 ea,
274 485 356 549 quae
378 462 483 527 hostes
503 463 624 546 ingenti
646 463 729 528 mole
751 480 891 563 agerent,
906 463 973 552 ipse
995 401 1152 550 pellent·
1170 455 1199 502 ⁰·
1216 469 1269 514 ²¹⁴·

72 562 235 614 momento
255 549 479 614 ludificaretur.
536 548 668 613 Murum
693 573 751 650 per
771 549 952 638 inaequales
981 550 1112 615 ductum

71 635 178 713 colles,
192 636 358 724 (pleraque
373 635 437 701 alta
449 649 483 700 et
499 635 639 701 difficilia
652 636 750 713 adrtu,
766 638 930 701 summissa
946 637 1112 725 quaedam,

71 736 105 788 et
142 746 201 788 uae
214 721 318 810 planis
326 721 457 787 vallibus
467 721 547 787 adiri
562 723 704 810 possent)
714 736 751 788 ut
765 724 880 810 cuique
892 737 1001 824 aptum
1010 725 1111 788 visum

71 745 219 888 adimo,
235 809 280 875 ita
293 809 381 873 omni
400 832 516 896 genere
539 821 767 874 tormentorum
786 810 944 875 instrunt
989 810 1112 876 Achra-

69 895 166 960 dinae
187 918 323 973 murum,
369 897 411 973 ui,
434 911 470 960 ut
491 908 564 960 ante
585 895 707 961 dictum
732 909 789 973 est,
812 897 890 960 meri
912 896 1048 973 alluitur,
1070 918 1112 962 ex

70 920 754 1132 quinqueremibusqlvlarcellusoppugnabat
800 982 851 1046 Ex
860 984 972 1048 ceteris
980 984 1112 1048 navibus

45 1070 223 1156 9sagittarii
236 1069 486 1156 funditoresque,
501 1081 535 1133 et
548 1092 586 1133 ve
599 1070 659 1134 ites
677 1069 783 1146 etiam,
799 1091 933 1156 quorum
949 1069 1047 1134 telum
1063 1069 1112 1132 in·

71 1156 177 1222 babile
195 1156 236 1222 ad
258 1156 483 1221 remittendum
506 1156 660 1242 imperitis
681 1170 737 1233 est,
752 1155 806 1219 vix
851 1177 1021 1242 nemquam
1043 1157 1110 1221 sine

70 1243 201 1307 vulnere
223 1242 393 1309 consistere
415 1243 449 1306 in
471 1264 562 1308 muro
583 1243 792 1331 patiebantur.
828 1180 894 1320 lii,
915 1243 991 1330 quia
1011 1243 1112 1330 spatio

48 1328 240 1394 missilibus
255 1352 335 1418 opus
354 1341 411 1405 est,
425 1328 536 1417 procul
551 1351 642 1394 muro
663 1331 813 1395 tenebant
829 1351 932 1394 naves.
977 1329 1111 1394 Iunctae

44 1415 152 1481 saliae
164 1417 258 1482 binae
273 1414 314 1481 ad
353 1415 583 1504 uinqneremes,
596 1415 733 1503 demptis
747 1415 947 1480 interioribus
961 1416 1065 1494 remis,
1076 1428 1112 1480 ut

70 1503 153 1567 letus
174 1502 265 1569 lateri
286 1525 349 1603 app
362 1502 504 1579 'caretun
523 1524 623 1590 quum
644 1502 799 1568 exteriore
820 1502 931 1567 ordine
953 1524 1111 1567 remorum

69 1589 161 1654 velut
169 1613 232 1654 una
245 1612 334 1653 navis
348 1602 525 1676 agerentur,
538 1603 638 1652 turres
648 1589 863 1655 contabulatas
877 1588 1112 1654 machinamen-

70 1692 167 1762 taque
182 1676 242 1742 alia
254 1674 434 1764 quatiendis
448 1675 546 1740 muris
559 1675 733 1761 portabant
780 1675 942 1740 Adversus
956 1675 1042 1740 hunc
1057 1697 1112 1740 na-

69 1762 172 1827 valem
184 1775 368 1851 apparatum
385 1760 593 1826 Archimedes
604 1762 707 1826 variae
719 1786 750 1826 m
814 1762 945 1827 itudinis
956 1775 1113 1827 tormenta

69 1851 105 1914 in
121 1850 217 1914 muris
235 1848 397 1936 disposuit.
443 1847 482 1912 In
503 1870 564 1925 eas,
580 1871 662 1934 quae
684 1871 760 1935 proc
808 1863 907 1926 erant,
922 1872 1018 1914 nares
1037 1871 1113 1914 saxa

69 1936 194 2023 ingenti
222 1934 363 2024 pondere
392 1934 575 2000 emittebat:
613 1935 774 2022 propiores
802 1934 979 2013 levioribus,
1009 1957 1111 2021 eoque

69 2023 172 2110 magis
185 2022 311 2098 crebris,
323 2022 452 2108 petebat
462 2021 550 2086 telis:
574 2035 742 2108 postremo,
755 2036 791 2086 ut
801 2023 850 2086 sui
861 2021 989 2087 vulnere
1001 2021 1112 2086 intacti

43 2109 136 2178 stela
150 2108 184 2172 in
201 2107 325 2173 hostem
339 2108 349 2171 i
413 2119 528 2183 rerent,
541 2129 666 2172 murum
681 2108 721 2172 ab
735 2108 801 2172 imo
815 2108 857 2172 ad
871 2129 1029 2172 summum
1044 2129 1110 2172 cre-

69 2195 135 2260 bris
164 2194 352 2260 cubitalibus
404 2217 438 2259 re
464 2194 548 2258 cavis
574 2193 714 2280 aperuit3
752 2217 810 2281 per
831 2217 913 2281 quae
939 2217 1015 2258 cava
1039 2217 1112 2280 pars

69 2409 168 2457 medes:
186 2409 228 2456 sed
243 2407 389 2464 matheseos,
399 2419 472 2468 quam
491 2419 576 2467 puram
608 2408 674 2452 corto
687 2407 763 2452 motu.
781 2403 860 2453 cuv.
893 2405 1009 2454 Getemm
1025 2405 1056 2454 de
1074 2421 1112 2454 vc·

71 2477 167 2520 vocant
211 2471 281 2528 Quin
303 2477 329 2519 et
352 2485 440 2533 parum
461 2470 576 2518 decomm
609 2467 691 2516 litibus
702 2469 810 2516 noudum
821 2467 1053 2532 institutiscisupr.
1061 2470 1112 2521 xxi.

69 2535 131 2584 artis
149 2551 206 2584 strae
223 2535 334 2598 dignitati
351 2536 456 2592 rebatur,
471 2548 526 2581 eam
544 2533 575 2581 sd
609 2543 647 2594 55.

70 2614 245 2661 rescorporeas
252 2604 403 2647 convertere:
419 2596 577 2646 etmachines
643 2611 653 2645 r
672 2599 776 2646 locutu
786 2599 851 2646 alias
865 2599 936 2646 iim
948 2599 982 2645 ad
995 2600 1112 2673 quinque-

69 2664 136 2723 illas,
155 2679 215 2725 quas
234 2662 318 2712 Livius
338 2661 445 2710 maxime
466 2662 576 2719 miretur,
607 2664 695 2722 m]
716 2661 841 2724 Polybius,
855 2660 902 2711 viii.
920 2673 942 2724 5.
958 2662 1041 2710 scribit
1057 2668 1113 2710 octo

68 2730 184 2778 inventor
193 2727 246 2790 ipse
256 2727 323 2775 haud
336 2725 417 2788 magni
428 2726 541 2784 faciebat,
551 2731 577 2773 et
608 2725 793 2788 quinqueremes
814 2725 887 2774 fuisse
910 2725 983 2774 simul
1010 2725 1113 2786 iunctas,

69 2808 117 2856 pro
133 2793 239 2853 quodam
257 2791 403 2840 lasdvientis
422 2789 577 2838 Geometrise
609 2788 678 2838 binas
699 2795 724 2838 et
745 2790 821 2839 binas.
857 2791 924 2840 Plut.
946 2791 970 2838 in
994 2791 1113 2840 Marcello

69 2856 249 2906 lusubabebat.
272 2853 576 2904 videntissimus.
609 2854 713 2902 eundem
739 2869 866 2903 nnmerum
893 2861 948 2902 octo
969 2855 1112 2917 quinquere

68 2923 154 2970 carr.
610 2917 685 2965 mium
708 2917 788 2968 habet.
827 2919 889 2968 Inde
910 2919 1022 2981 Sigonius
1047 2925 1113 2968 recte

104 2986 119 3034 8
133 2986 232 3035 Parisoi
241 2985 369 3042 mmmm]
389 2981 523 3030 Lerissima
532 2980 576 3029 im·
610 2981 708 3029 coniicit
724 2982 867 3044 legendum:
885 2984 983 3032 imino
998 2985 1063 3032 alios
1078 2985 1112 3031 bi-

69 3049 193 3113 pnlsione,
207 3063 281 3111 parvo
297 3046 432 3104 molimine,
444 3045 524 3094 facile.
546 3045 576 3093 cf.
609 3061 657 3117 nce
678 3046 711 3092 od
730 3053 781 3094 octo
801 3049 999 3109 munqtmesues:
1024 3045 1049 3095 id
1067 3055 1112 3098 est.

68 3129 137 3176 supr.
149 3113 199 3162 xxi.
211 3127 249 3175 43,
267 3113 347 3162 cmv.
609 3109 673 3156 alise
689 3109 874 3169 quinqueremes
891 3109 922 3157 sd
941 3117 1005 3166 octo,
1021 3111 1052 3159 sd
1068 3126 1111 3158 nn·

104 3192 120 3242 9
136 3179 223 3227 Velitcs
234 3213 241 3226 .
253 3212 259 3225 .
271 3212 296 3225 ..
426 3175 513 3233 uliam]
532 3172 577 3221 Le·
610 3185 703 3220 merum
718 3179 777 3231 octo,
788 3173 895 3229 iunctae,
905 3172 976 3222 binae
992 3180 1017 3221 et
1033 3175 1112 3224 binae.

70 3241 109 3290 vis
124 3247 262 3290 armaturae
276 3239 310 3288 mi
323 3240 375 3296 tes,
385 3251 488 3300 quornm
499 3238 577 3286 telum
609 3236 689 3285 cmv.
723 3236 821 3298 sigonio
840 3241 937 3284 auctore
953 3245 1003 3286 octo
1019 3237 1044 3284 in
1061 3245 1111 3286 tex-

68 3305 192 3354 eiusmodi
211 3311 256 3364 est,
275 3309 302 3352 ut
323 3301 414 3352 remitti
435 3317 483 3350 non
503 3299 577 3364 possit
609 3305 662 3349 tum
673 3300 765 3361 recepit
777 3299 883 3348 Beklrer.

67 3371 104 3419 ab
117 3368 244 3431 imperitis.
277 3367 365 3430 Polyb.
379 3366 408 3414 vi.
421 3378 458 3414 as.
469 3365 532 3414 illud
542 3370 577 3414 te
643 3365 830 3413 sluteriors'bus
839 3366 923 3424 mie]
936 3364 1022 3412 Remis
1029 3380 1112 3414 eorum

68 3435 124 3483 lum
143 3433 243 3481 omuino
261 3429 351 3480 remitti
370 3444 439 3492 posse
456 3435 537 3492 neget,
552 3434 577 3478 ct
610 3429 713 3476 laterum
724 3443 787 3489 quae
801 3429 832 3477 ad
848 3441 899 3476 sese
909 3433 996 3476 mutuo
1005 3429 1112 3491 applica-

68 3497 255 3546 catuamaffert.
271 3493 578 3556 “Ferrum,”inquit,“teli
609 3493 704 3540 bantur.
737 3493 853 3541 Esus-ior
865 3493 924 3540 ordo
940 3507 1060 3540 remorum
1077 3501 1113 3542 est

69 3561 181 3611 velitaris
197 3561 258 3610 adso
274 3564 433 3609 extenuatum
449 3564 495 3617 est,
511 3563 536 3605 et
552 3557 577 3605 in
609 3555 682 3618 isqui
692 3556 798 3604 altemm
809 3555 879 3605 navis
890 3557 963 3616 latus,
974 3557 1037 3616 quod
1055 3557 1113 3606 libe

68 3625 151 3674 sciam
167 3626 322 3688 productum,
338 3629 365 3672 ut
381 3621 515 3671 necessario
530 3627 577 3670 sta·
610 3635 663 3669 rum
674 3619 863 3682 relinquebatur,
870 3620 1010 3668 instruebat
1027 3621 1107 3671 cm.

68 3690 117 3738 tim
129 3687 577 3752 apnmonetuinfleststmnecpos
646 3685 774 3746 30rebris
794 3685 940 3734 munitius
954 3685 1012 3746 fers
1032 3687 1110 3747 cocu]

68 3753 122 3802 sint
133 3754 214 3802 hostes
224 3755 386 3814 retorquere.'¹
403 3752 478 3808 Quod
488 3749 578 3799 sieius-
610 3749 707 3799 Crebris
722 3749 888 3808 foraminibus,
902 3763 1004 3810 qnorum
1022 3749 1112 3812 magni-

68 3817 140 3866 modi
159 3824 205 3876 est,
222 3817 330 3879 profecto
348 3816 411 3864 illud
429 3815 507 3863 telum
529 3829 578 3862 non
610 3813 738 3872 tudo,sive
749 3814 868 3862 dimeter
883 3819 945 3862 esset
962 3811 1032 3861 unius
1048 3815 1113 3864 cubi-

68 3880 192 3944 imperitis
204 3885 309 3938 tantum,
319 3881 362 3928 sed
378 3885 403 3928 et
418 3879 501 3941 peritis
510 3878 578 3927 inhe-
610 3877 641 3926 ti:
660 3892 705 3939 per
713 3892 776 3939 quae
785 3877 904 3927 foramina
913 3878 955 3926 alii
967 3876 1058 3940 sagittis
1069 3915 1075 3928 .
1088 3916 1094 3928 .
1107 3917 1113 3929 .

68 3945 177 3994 bilefuit
187 3946 219 3994 sd
230 3945 410 3993 remittendum.
435 3942 539 4006 Lipsius,
547 3943 579 3990 dc
611 3942 726 3992 Ceterum
742 3941 804 3990 haec
820 3957 888 3998 cava
902 3943 921 3990 si
937 3943 1056 3991 credimus
1067 3945 1114 3992 Po·

68 4010 129 4059 Mil.
148 4010 222 4059 Rom.
239 4009 273 4058 iii.
289 4023 308 4057 r.
325 4007 460 4084 stupicatur
477 4011 521 4056 aut
537 4021 577 4054 ro·
610 4005 676 4082 lybio
687 4005 735 4054 viii.
747 4005 771 4066 6,
788 4006 918 4080 quem'bic
934 4007 1005 4055 vertit
1023 4007 1114 4082 Livius,

68 4071 578 4196 sttffirtdffltlttut
610 4085 682 4183 lll’
692 4069 1116 4197 utstlffliti.⁰ststt

69 4207 109 4262 ut,
119 4202 165 4250 nisi
176 4201 230 4264 quis
240 4201 316 4250 otiose
327 4215 467 4248 mucronem
478 4198 579 4260 refingat
611 4199 675 4248 enim
698 4199 771 4247 habet
794 4199 881 4260 pedem
903 4213 980 4247 unum
1002 4203 1027 4245 et
1045 4197 1115 4246 dimi-

69 4273 98 4315 et
109 4267 196 4328 erigat,
206 4272 278 4329 neget
290 4265 374 4314 Livius
388 4262 478 4312 remitti
495 4277 580 4326 posse3
612 4261 695 4311 dium:
715 4263 812 4323 palmus
822 4269 936 4323 quattuor
949 4266 1045 4308 tantum
1057 4262 1127 4323 digi-¹

68 4337 118 4380 aut
129 4329 243 4391 denique·
252 4330 306 4378 ideo
322 4329 396 4378 etiam
411 4328 529 4388 imperitis
546 4325 581 4374 in·
613 4333 658 4383 tos,
678 4332 703 4374 et
721 4331 758 4373 est
776 4331 845 4372 sexta
863 4341 918 4387 pars
934 4323 1018 4372 cubiti.
1035 4325 1116 4372 Canu.

69 4394 167 4450 babile,
185 4393 242 4454 quis
258 4401 356 4442 amento
376 4391 540 4448 emittebatur,
557 4395 582 4438 ct
614 4389 662 4438 Sed
673 4390 752 4436 forsan
765 4389 889 4450 utriusque
900 4387 1005 4434 namatio
1015 4387 1050 4434 its
1061 4401 1115 4434 con-

905 4454 957 4511 1³2
