3002 4798
352 259 393 318 38
737 253 850 319 ΤΙΤΙ
880 251 1017 319 LIVII

189 404 223 453 U.
236 403 265 454 c.
278 418 333 466 ⁵34·
354 395 454 537 ’Ἡιαε
482 387 560 452 dum
586 401 746 475 superant,
773 389 948 476 comparari
976 411 1060 452 nova
1089 388 1209 474 possint
1235 386 1399 474 praesidia.

188 469 219 517 Α·
237 470 266 519 ⁰·
279 471 334 518 ²¹⁸·
355 483 364 511 ‘
412 474 441 536 ic
457 487 505 537 est
519 474 719 549 obstandum,
736 474 861 551 milites,
877 474 966 538 velut
980 474 1005 538 si
1024 487 1098 538 ante
1115 473 1262 537 Romana
1276 473 1402 537 moenia

355 569 562 660 ‘pugnemus
610 559 839 646 Unusquisque
861 583 894 624 se
910 582 976 624 nou
998 582 1111 646 corpus
1130 581 1234 635 suum,
1250 559 1307 622 sed
1326 581 1402 622 con-

355 654 483 732 ‘1ugem
512 668 549 709 ac
583 644 698 710 liberos
731 668 842 732 parvos
877 647 971 710 annis
999 659 1164 733 protegere
1193 657 1303 732 putet:
1342 667 1403 708 nec

354 731 563 796 ‘domesticas
583 731 684 796 solum
707 732 805 817 agitet
827 753 926 808 curas,
942 732 998 796 sed
1019 730 1196 795 identidem
1211 732 1274 794 hoc
1296 731 1403 794 animo

354 826 511 904 ‘reputet
528 828 649 882 nostras
663 839 749 881 nunc
765 818 881 880 intueri
896 839 1008 881 manus
1022 830 1166 881 senatum
1181 814 1401 903 populumque

355 911 365 941 ‘
377 901 577 967 Romanum:
602 903 704 989 qualis
714 917 821 966 nostra
832 903 879 966 vis
887 903 1049 988 virtusque
1062 903 1166 978 fuerit,
1176 901 1272 966 talem
1285 900 1401 965 deinde

355 989 534 1053 ‘fortunam
546 989 629 1052 illius
644 990 776 1053 urbisac
793 989 931 1052 Romani
946 988 989 1050 im
1032 989 1070 1052 rii
1081 988 1168 1052 fore?

238 1073 291 1132 42·
398 1073 489 1139 Haec
515 1075 601 1175 apud
631 1074 793 1138 Romanos
817 1074 936 1138 consul
1019 1073 1155 1150 annibal,
1180 1073 1275 1136 rebus
1276 1072 1425 1222 a(priona

192 1153 321 1229 Hannibal
354 1182 451 1246 quam
465 1162 578 1237 verbra,
593 1159 806 1224 adhortandos
821 1159 937 1224 milites
953 1172 1048 1236 ratus,
1066 1159 1262 1223 circumdato
1333 1181 1404 1245 spe-

189 1220 340 1342 ffilss'
355 1245 514 1310 ctaculum
545 1247 696 1322 exercitu,
724 1247 863 1332 captivos
893 1259 1059 1311 montanos
1088 1246 1211 1310 vinctos
1236 1245 1271 1306 in
1297 1245 1405 1310 medio
1483 1289 1484 1332 t

191 1344 228 1392 sn
239 1344 329 1394 mitiss
354 1332 482 1411 statuit;
505 1332 662 1418 armisque
675 1330 806 1395 Gallicis
817 1344 890 1396 ante
906 1353 1016 1396 eorum
1027 1330 1125 1418 pedes
1136 1329 1294 1417 proiectis,
1307 1331 1404 1395 inter-
1483 1343 1484 1408 t

190 1407 308 1460 tonatur.
353 1439 464 1504 rogare
475 1419 682 1504 interpretem
696 1417 795 1494 iussit,
806 1419 924 1504 ecquis,
937 1419 963 1481 si
978 1416 1111 1481 vinculis
1126 1417 1291 1492 levaretur,
1303 1439 1404 1481 arma-

354 1526 418 1590 que
428 1517 460 1568 et
470 1527 589 1590 equum
601 1505 701 1567 victor
710 1504 876 1590 acciperet,
886 1503 1046 1567 decertare
1056 1503 1138 1567 ferro
1147 1500 1265 1566 vellet?
1290 1501 1403 1576 Quum

354 1589 396 1653 ad
417 1612 518 1654 unum
544 1611 654 1653 omnes
668 1589 786 1652 ferrum
805 1610 1010 1676 pugnamque
1033 1601 1209 1676 poscerent,
1225 1600 1259 1651 et
1280 1587 1425 1653 deiectat
1482 1531 1484 1678 l

353 1676 389 1738 in
403 1675 438 1738 id
453 1697 518 1740 sors
532 1675 623 1752 osset,
635 1698 668 1739 se
681 1675 816 1761 quisque
831 1697 905 1738 eum
920 1675 1058 1761 optabat,
1071 1696 1167 1774 quem
1182 1675 1310 1737 fortuna
1320 1675 1356 1738 in
1371 1675 1404 1740 id

355 1773 516 1826 certamen
529 1761 657 1847 legeret
704 1760 752 1825 Ut
766 1762 919 1847 cuiusque
935 1783 1001 1825 sors
1015 1760 1185 1836 exciderat,
1196 1759 1308 1836 alacer,
1321 1760 1405 1825 inter

354 1847 548 1932 gratulantes
603 1845 679 1910 udio
699 1847 869 1924 exsultans,
885 1869 959 1912 cum
973 1847 1023 1910 sui
1045 1847 1140 1910 moris
1156 1845 1303 1931 tripudiis
1317 1867 1405 1912 arma

354 1933 470 2018 raptim
479 1933 567 2021 capie
590 1946 631 1997 at
677 1931 744 1996 Ubi
753 1954 828 1996 vero
839 1933 1036 2009 dimicarent,
1048 1932 1209 1996 ishabitus
1224 1931 1425 2006 animorumo

353 2040 419 2081 non
431 2019 514 2083 inter
525 2018 667 2083 eiusdem
679 2018 774 2082 modo
786 2019 977 2083 conditionis
990 2018 1135 2082 homines
1146 2029 1222 2093 erat,
1235 2017 1292 2081 scd
1307 2019 1404 2082 etiam

353 2103 437 2169 iuter
460 2118 639 2192 spectantes
661 2104 766 2191 vulgo,
791 2119 828 2168 ut
853 2127 920 2168 non
946 2105 1143 2168 vincentium
1169 2104 1277 2190 magis,
1306 2127 1404 2191 quam

353 2190 435 2256 bene
451 2192 663 2267 morientium,
679 2191 805 2255 fortuna
819 2190 1008 2254 laudaretur.

237 2269 290 2329 43·
314 2351 320 2362 ‚
399 2277 509 2351 Quum
533 2279 578 2342 sic
604 2275 644 2340 ali
669 2287 725 2341 uot
748 2277 895 2364 spectatis
920 2276 1048 2363 paribus
1072 2276 1199 2340 affectos
1222 2275 1423 2354 dimisimetr

190 2351 253 2402 Eius
260 2357 344 2401 ⁰¹⁸²¹⁰·
354 2363 506 2427 concione
527 2363 601 2426 inde
625 2300 784 2438 advocata,
804 2363 848 2426 ita
868 2362 953 2448 apud
976 2385 1030 2426 eos
1044 2362 1168 2426 locutus
1191 2362 1308 2425 fertur:
1334 2361 1403 2440 ‘Si,
1482 2383 1483 2396 ¹

354 2453 365 2482 ‘
376 2471 472 2534 quem
502 2449 642 2510 animum
673 2448 707 2510 in
740 2445 860 2512 alienae
890 2449 981 2512 sortis
1010 2447 1157 2535 exemplo
1190 2446 1299 2533 paullo
1328 2461 1403 2513 ante

355 2533 537 2610 ‘habuistis
568 2531 706 2595 eundem
741 2556 815 2596 mox
844 2535 878 2597 in
913 2533 1108 2598 aestimanda
1141 2533 1268 2598 fortuna
1299 2549 1404 2598 vestra

355 2617 557 2694 ‘habueritis
566 2617 709 2694 vicimus,
719 2617 848 2684 milites:
869 2621 1068 2705 nequeenim
1078 2618 1292 2706 spectaculum
1305 2620 1404 2684 modo

355 2703 465 2780 ‘illud,
481 2703 538 2767 sed
560 2703 716 2790 quaedam
730 2704 828 2769 veluti
851 2706 955 2791 imago
970 2719 1090 2769 vestrae
1113 2704 1304 2770 conditionis
1324 2721 1401 2770 erat

355 2797 365 2828 ‘
377 2789 427 2853 Ac
437 2790 553 2866 nescio,
566 2812 607 2852 an
618 2789 736 2853 maiora
746 2791 872 2854 vincula
880 2791 1077 2877 maioresque
1093 2790 1294 2855 necessitates
1302 2792 1402 2868 vobis,

355 2885 472 2962 ‘quam
505 2897 542 2939 ca
565 2875 636 2938 tivis
664 2877 784 2952 vestris,
814 2877 941 2940 fortuna
978 2876 1231 2941 circumdederit.
1276 2875 1404 2942 Dextra

355 2962 526 3048 ‘laevaque
542 2897 606 3025 ino
621 2961 720 3025 maria
734 2961 896 3039 claudunt,
906 2962 1036 3039 nnllam,
1048 2985 1090 3026 ne
1105 2962 1147 3026 ad
1161 2961 1314 3048 effugium
1330 2965 1404 3050 qui-
1481 2999 1482 3040 i

355 3047 583 3125 ‘dem,navem
594 3046 801 3111 habentibus:
826 3063 936 3112 contra
947 3047 1054 3112 Padus
1065 3049 1175 3125 amnis,
1185 3049 1285 3112 maior
1294 3047 1423 3113 Padusa

355 3139 366 3170 ‘
376 3156 412 3197 ac
424 3131 591 3196 violentior
603 3132 780 3208 Rhodan03
803 3135 844 3198 ab
858 3149 947 3222 tergo
958 3133 1057 3220 Alpes
1128 3146 1192 3211 ent,
1204 3134 1259 3196 vix
1270 3134 1403 3222 integris

356 3217 464 3283 ‘vobis
479 3241 515 3282 ao
526 3219 705 3310 vigentibus
717 3220 873 3284 transitus.
920 3219 985 3284 Hic
994 3157 1187 3284 vincdiium
1196 3232 1251 3284 aut
1262 3221 1403 3286 morien-

355 3305 463 3382 ‘dum,
476 3304 601 3382 milites,
614 3321 670 3383 est,
682 3306 737 3370 ubi
752 3306 890 3406 primum
905 3304 987 3369 hosti
997 3307 1182 3370 occurristis
1229 3304 1272 3370 Et
1287 3307 1402 3371 eadem
1480 3319 1481 3340 ³

355 3392 510 3468 ‘fortuna
534 3414 615 3478 quae
641 3405 860 3456 necessitatem
884 3391 1050 3478 pugnandi
1078 3392 1237 3478 imposuit,
1259 3394 1402 3478 praemia

354 3485 365 3516 ‘
375 3477 463 3543 vobis
483 3501 521 3542 ea
534 3479 704 3542 victoribus
722 3478 880 3566 proponit,
896 3479 1011 3565 quibus
1026 3477 1179 3566 ampliora
1195 3478 1340 3543 homines
1358 3502 1400 3543 ne

387 3735 499 3794 7Rcbas
515 3734 600 3795 prim]
626 3733 749 3794 Exemplo
767 3733 859 3782 scilicet
894 3735 990 3783 Poenos
998 3735 1114 3784 usitatum
1125 3736 1198 3785 fuisse
1209 3737 1281 3784 docet
1292 3735 1399 3785 emus.

353 3797 501 3845 fortitudinis
511 3801 569 3844 ante
580 3796 687 3846 miiitum
696 3797 859 3847 oculosedito.
892 3799 923 3847 ad
935 3799 1002 3848 Suet.
1014 3801 1077 3862 Aug.
1092 3813 1127 3862 13.
1141 3801 1206 3848 Rur.

355 3860 438 3908 Dosa.
450 3859 480 3908 ci.
493 3860 548 3908 Pol.
560 3859 593 3908 iii.
605 3857 644 3910 62.
927 3877 936 3910 1
956 3865 1037 3922 Quam
1047 3866 1082 3912 stc
1097 3863 1190 3926 aliquot
1203 3865 1317 3926 spectatis
1329 3866 1399 3926 porl-

386 3923 401 3971 8
417 3925 519 3972 Detecto
531 3960 537 3972 .
550 3959 555 3970 .
568 3959 574 3971 .
585 3925 649 3982 sors]
669 3923 701 3974 In
715 3937 800 3971 urnam
818 3939 861 3973 ssu
894 3927 951 3985 bus]
969 3927 1062 3977 Contra
1073 3928 1128 3976 Pol.
1139 3927 1172 3976 iii.
1185 3926 1400 3976 natumnatum

353 3983 459 4034 sitellam
472 3987 590 4046 coniecta,
602 4001 650 4048 qus
662 3993 755 4036 venata
765 3989 860 4037 excide·
894 3989 1030 4048 dimicasse,
1045 4005 1147 4052 quornm
1166 3991 1270 4038 alterum
1291 3989 1400 4052 perlisse,

353 4049 413 4098 bant
423 4051 529 4098 tabellae
540 4051 643 4098 sortibus
652 4051 789 4112 inscriptae.
889 4054 993 4102 alterum
1005 4055 1158 4115 superstitem
1169 4054 1242 4102 fuisse
1253 4053 1343 4103 scribit

385 4129 401 4176 9
417 4115 444 4162 Is
454 4115 552 4162 babitus
563 4115 711 4179 animorum]
726 4115 766 4163 lta
776 4115 858 4163 affecti
923 4131 936 4164 a
954 4119 1046 4166 Contra
1063 4111 1149 4166 Padus
1162 4117 1306 4177 omnis]·1n
1323 4117 1399 4179 pluri-

353 4182 409 4225 sunt
420 4177 496 4226 animi
508 4193 557 4225 non
568 4178 641 4226 modo
650 4177 788 4238 (lulianam,
795 4181 858 4228 siaa·
890 4181 935 4228 bus
951 4181 1020 4229 codd.
1037 4179 1103 4230 'eirca
1118 4181 1230 4238 occurrit,
1245 4182 1288 4230 sed
1304 4188 1400 4240 contro,

352 4241 405 4288 dom
428 4241 522 4289 scilicet
543 4243 694 4302 conditionis,
715 4243 757 4290 sed
782 4243 857 4291 etiarn
890 4245 954 4306 quod
973 4245 994 4294 1.
1011 4245 1149 4294 Gronovius
1167 4245 1283 4308 reposuit,
1300 4251 1399 4294 tantum

354 4303 501 4354 Poenorum,
536 4305 612 4353 Hunc
634 4321 726 4354 morem
749 4307 859 4368 captivos
890 4323 939 4356 non
951 4323 1035 4357 omncs
1046 4309 1149 4357 editores
1160 4310 1263 4357 malunt.

352 4369 471 4430 perperis
480 4369 611 4419 certamine
620 4369 782 4432 componendi
791 4371 858 4432 apud
