<?xml version="1.0" encoding="UTF-8"?>
<!DOCTYPE html PUBLIC "-//W3C//DTD XHTML 1.0 Transitional//EN"
    "http://www.w3.org/TR/xhtml1/DTD/xhtml1-transitional.dtd">
<html xmlns="http://www.w3.org/1999/xhtml" xml:lang="en" lang="en">
 <head>
  <title>
</title>
<meta http-equiv="Content-Type" content="text/html;charset=utf-8" />
  <meta name='ocr-system' content='tesseract 3.04.00' />
  <meta name='ocr-capabilities' content='ocr_page ocr_carea ocr_par ocr_line ocrx_word'/>
</head>
<body>
  <div class='ocr_page' id='page_1' title='image "./tliviipatavinih00kreygoog_0412.png"; bbox 0 0 2878 4772; ppageno 0'>
   <div class='ocr_carea' id='block_1_1' title="bbox 172 629 930 734">
    <p class='ocr_par' dir='ltr' id='par_1_1' title="bbox 172 629 930 734">
     <span class='ocr_line' id='line_1_1' title="bbox 172 629 930 734; baseline 0.009 -9"><span class='ocrx_word' id='word_1_1' title='bbox 172 629 233 726; x_wconf 87' lang='grc' dir='ltr'><strong>Τ.</strong></span> <span class='ocrx_word' id='word_1_2' title='bbox 278 629 489 728; x_wconf 89' lang='lat' dir='ltr'>LIVII</span> <span class='ocrx_word' id='word_1_3' title='bbox 535 632 930 734; x_wconf 86' lang='lat' dir='ltr'><strong>PATAVINI</strong></span> 
     </span>
    </p>
   </div>
   <div class='ocr_carea' id='block_1_2' title="bbox 290 853 818 1005">
    <p class='ocr_par' dir='ltr' id='par_1_2' title="bbox 290 853 818 1005">
     <span class='ocr_line' id='line_1_2' title="bbox 290 853 818 1005; baseline 0.008 -4"><span class='ocrx_word' id='word_1_4' title='bbox 290 919 370 1002; x_wconf 93' lang='lat' dir='ltr'><strong>LI</strong></span> <span class='ocrx_word' id='word_1_5' title='bbox 391 919 430 1002; x_wconf 92' lang='lat' dir='ltr'>B</span> <span class='ocrx_word' id='word_1_6' title='bbox 452 919 490 1002; x_wconf 87' lang='lat' dir='ltr'><strong>E</strong></span> <span class='ocrx_word' id='word_1_7' title='bbox 511 919 551 1002; x_wconf 90' lang='lat' dir='ltr'><strong>R</strong></span> <span class='ocrx_word' id='word_1_8' title='bbox 600 853 818 1005; x_wconf 87' lang='lat' dir='ltr'><strong>XXVIlI.</strong></span> 
     </span>
    </p>
   </div>
   <div class='ocr_carea' id='block_1_3' title="bbox 453 1202 649 1244">
    <p class='ocr_par' dir='ltr' id='par_1_3' title="bbox 453 1202 649 1244">
     <span class='ocr_line' id='line_1_3' title="bbox 453 1202 649 1244; baseline -0.01 0"><span class='ocrx_word' id='word_1_9' title='bbox 453 1202 649 1244; x_wconf 67' lang='lat' dir='ltr'><strong>—o—</strong></span> 
     </span>
    </p>
   </div>
   <div class='ocr_carea' id='block_1_4' title="bbox 30 1433 1232 1624">
    <p class='ocr_par' dir='ltr' id='par_1_4' title="bbox 30 1433 1232 1624">
     <span class='ocr_line' id='line_1_4' title="bbox 30 1433 1232 1624; baseline 0.007 -126"><span class='ocrx_word' id='word_1_10' title='bbox 30 1433 222 1624; x_wconf 81' lang='lat' dir='ltr'>QUUM</span> <span class='ocrx_word' id='word_1_11' title='bbox 237 1435 371 1500; x_wconf 89' lang='lat' dir='ltr'><strong>transitu</strong></span> <span class='ocrx_word' id='word_1_12' title='bbox 387 1435 605 1517; x_wconf 82' lang='lat' dir='ltr'><strong>Hasdrubalis,</strong></span> <span class='ocrx_word' id='word_1_13' title='bbox 618 1452 773 1526; x_wconf 92' lang='lat' dir='ltr'><strong>quantum</strong></span> <span class='ocrx_word' id='word_1_14' title='bbox 788 1439 823 1504; x_wconf 92' lang='lat' dir='ltr'><strong>in</strong></span> <span class='ocrx_word' id='word_1_15' title='bbox 838 1439 963 1505; x_wconf 88' lang='lat' dir='ltr'><strong>Italiam</strong></span> <span class='ocrx_word' id='word_1_16' title='bbox 977 1441 1075 1507; x_wconf 89' lang='lat' dir='ltr'><strong>decli-</strong></span> <span class='ocrx_word' id='word_1_17' title='bbox 1088 1457 1119 1508; x_wconf 84' lang='lat' dir='ltr'><strong>U.</strong></span> <span class='ocrx_word' id='word_1_18' title='bbox 1131 1456 1161 1507; x_wconf 77' lang='lat'><strong>0.</strong></span> <span class='ocrx_word' id='word_1_19' title='bbox 1177 1469 1232 1520; x_wconf 83' lang='lat'><strong>⁵45·</strong></span> 
     </span>
    </p>
   </div>
   <div class='ocr_carea' id='block_1_5' title="bbox 15 1521 1236 3926">
    <p class='ocr_par' dir='ltr' id='par_1_5' title="bbox 20 1521 1236 2641">
     <span class='ocr_line' id='line_1_5' title="bbox 132 1521 1233 1612; baseline 0.009 -27"><span class='ocrx_word' id='word_1_20' title='bbox 132 1534 263 1586; x_wconf 82' lang='lat' dir='ltr'><strong>navarat</strong></span> <span class='ocrx_word' id='word_1_21' title='bbox 280 1521 367 1600; x_wconf 91' lang='lat' dir='ltr'><strong>belli,</strong></span> <span class='ocrx_word' id='word_1_22' title='bbox 389 1535 513 1587; x_wconf 88' lang='lat' dir='ltr'><strong>tantum</strong></span> <span class='ocrx_word' id='word_1_23' title='bbox 533 1525 653 1590; x_wconf 87' lang='lat' dir='ltr'><strong>levatae</strong></span> <span class='ocrx_word' id='word_1_24' title='bbox 674 1525 849 1612; x_wconf 79' lang='lat' dir='ltr'>Hispaniae</span> <span class='ocrx_word' id='word_1_25' title='bbox 870 1523 1114 1606; x_wconf 63' lang='lat' dir='ltr'><strong>viderentuml·</strong></span> <span class='ocrx_word' id='word_1_26' title='bbox 1131 1522 1161 1570; x_wconf 83' lang='lat'><strong>0.</strong></span> <span class='ocrx_word' id='word_1_27' title='bbox 1174 1533 1233 1596; x_wconf 75' lang='lat'><strong>,²⁰7-</strong></span> 
     </span>
     <span class='ocr_line' id='line_1_6' title="bbox 24 1585 1236 1698; baseline 0.007 -29"><span class='ocrx_word' id='word_1_28' title='bbox 24 1623 173 1674; x_wconf 87' lang='lat' dir='ltr'><strong>renatum</strong></span> <span class='ocrx_word' id='word_1_29' title='bbox 196 1606 241 1672; x_wconf 93' lang='lat' dir='ltr'><strong>ibi</strong></span> <span class='ocrx_word' id='word_1_30' title='bbox 264 1608 368 1673; x_wconf 91' lang='lat' dir='ltr'><strong>subito</strong></span> <span class='ocrx_word' id='word_1_31' title='bbox 416 1631 450 1672; x_wconf 93' lang='lat' dir='ltr'><strong>ar</strong></span> <span class='ocrx_word' id='word_1_32' title='bbox 474 1609 571 1696; x_wconf 83' lang='lat' dir='ltr'>priori</span> <span class='ocrx_word' id='word_1_33' title='bbox 596 1610 715 1676; x_wconf 90' lang='lat' dir='ltr'><strong>bellum</strong></span> <span class='ocrx_word' id='word_1_34' title='bbox 739 1624 795 1677; x_wconf 81' lang='lat' dir='ltr'><strong>est.</strong></span> <span class='ocrx_word' id='word_1_35' title='bbox 841 1611 903 1676; x_wconf 91' lang='lat' dir='ltr'><strong>His</strong></span> <span class='ocrx_word' id='word_1_36' title='bbox 926 1614 1013 1678; x_wconf 88' lang='lat' dir='ltr'><strong>anias</strong></span> <span class='ocrx_word' id='word_1_37' title='bbox 1037 1585 1236 1698; x_wconf 44' lang='lat' dir='ltr'><strong>&amp;pianum-</strong></span> 
     </span>
     <span class='ocr_line' id='line_1_7' title="bbox 25 1631 1073 1785; baseline 0.006 -28"><span class='ocrx_word' id='word_1_38' title='bbox 25 1704 216 1782; x_wconf 81' lang='lat' dir='ltr'><strong>tempestate</strong></span> <span class='ocrx_word' id='word_1_39' title='bbox 242 1693 287 1758; x_wconf 88' lang='lat' dir='ltr'><strong>sic</strong></span> <span class='ocrx_word' id='word_1_40' title='bbox 313 1631 472 1759; x_wconf 76' lang='lat' dir='ltr'><strong>habebant</strong></span> <span class='ocrx_word' id='word_1_41' title='bbox 497 1695 634 1762; x_wconf 92' lang='lat' dir='ltr'><strong>Romani</strong></span> <span class='ocrx_word' id='word_1_42' title='bbox 660 1697 836 1785; x_wconf 89' lang='lat' dir='ltr'><strong>Poenique.</strong></span> <span class='ocrx_word' id='word_1_43' title='bbox 918 1698 1073 1779; x_wconf 78' lang='lat' dir='ltr'><strong>asdrubal,</strong></span> 
     </span>
     <span class='ocr_line' id='line_1_8' title="bbox 27 1777 1072 1870; baseline 0.007 -27"><span class='ocrx_word' id='word_1_44' title='bbox 27 1777 182 1867; x_wconf 82' lang='lat' dir='ltr'><strong>Gisgonis</strong></span> <span class='ocrx_word' id='word_1_45' title='bbox 197 1779 290 1857; x_wconf 86' lang='lat' dir='ltr'><strong>filius,</strong></span> <span class='ocrx_word' id='word_1_46' title='bbox 304 1778 345 1843; x_wconf 94' lang='lat' dir='ltr'><strong>ad</strong></span> <span class='ocrx_word' id='word_1_47' title='bbox 358 1778 523 1845; x_wconf 87' lang='lat' dir='ltr'><strong>Oceanum</strong></span> <span class='ocrx_word' id='word_1_48' title='bbox 539 1783 667 1868; x_wconf 88' lang='lat' dir='ltr'><strong>penitus</strong></span> <span class='ocrx_word' id='word_1_49' title='bbox 681 1783 852 1870; x_wconf 83' lang='lat' dir='ltr'><strong>Gadesque</strong></span> <span class='ocrx_word' id='word_1_50' title='bbox 867 1799 1072 1850; x_wconf 81' lang='lat' dir='ltr'><strong>concesserat.</strong></span> 
     </span>
     <span class='ocr_line' id='line_1_9' title="bbox 25 1864 1074 1955; baseline 0.005 -26"><span class='ocrx_word' id='word_1_51' title='bbox 25 1864 141 1931; x_wconf 86' lang='lat' dir='ltr'><strong>Nostri</strong></span> <span class='ocrx_word' id='word_1_52' title='bbox 155 1865 250 1929; x_wconf 88' lang='lat' dir='ltr'><strong>maris</strong></span> <span class='ocrx_word' id='word_1_53' title='bbox 265 1887 319 1930; x_wconf 92' lang='lat' dir='ltr'><strong>ora</strong></span> <span class='ocrx_word' id='word_1_54' title='bbox 330 1866 496 1952; x_wconf 90' lang='lat' dir='ltr'><strong>omnisque</strong></span> <span class='ocrx_word' id='word_1_55' title='bbox 509 1866 606 1931; x_wconf 91' lang='lat' dir='ltr'><strong>ferme</strong></span> <span class='ocrx_word' id='word_1_56' title='bbox 619 1867 784 1955; x_wconf 88' lang='lat' dir='ltr'><strong>Hispania,</strong></span> <span class='ocrx_word' id='word_1_57' title='bbox 796 1892 860 1955; x_wconf 89' lang='lat' dir='ltr'><strong>qua</strong></span> <span class='ocrx_word' id='word_1_58' title='bbox 873 1869 907 1933; x_wconf 90' lang='lat' dir='ltr'><strong>in</strong></span> <span class='ocrx_word' id='word_1_59' title='bbox 919 1871 1074 1935; x_wconf 87' lang='lat' dir='ltr'><strong>orientem</strong></span> 
     </span>
     <span class='ocr_line' id='line_1_10' title="bbox 22 1950 1074 2042; baseline 0.005 -28"><span class='ocrx_word' id='word_1_60' title='bbox 22 1952 139 2039; x_wconf 80' lang='lat' dir='ltr'><strong>vergit,</strong></span> <span class='ocrx_word' id='word_1_61' title='bbox 157 1950 314 2038; x_wconf 86' lang='lat' dir='ltr'><strong>Scipionis</strong></span> <span class='ocrx_word' id='word_1_62' title='bbox 333 1974 370 2016; x_wconf 88' lang='lat' dir='ltr'><strong>ac</strong></span> <span class='ocrx_word' id='word_1_63' title='bbox 390 1951 555 2016; x_wconf 83' lang='lat' dir='ltr'><strong>Romanae</strong></span> <span class='ocrx_word' id='word_1_64' title='bbox 571 1953 700 2017; x_wconf 88' lang='lat' dir='ltr'><strong>ditionis</strong></span> <span class='ocrx_word' id='word_1_65' title='bbox 719 1967 794 2018; x_wconf 84' lang='lat' dir='ltr'><strong>erat.</strong></span> <span class='ocrx_word' id='word_1_66' title='bbox 841 1953 954 2019; x_wconf 87' lang='lat' dir='ltr'><strong>Novus</strong></span> <span class='ocrx_word' id='word_1_67' title='bbox 973 1957 1074 2042; x_wconf 91' lang='lat' dir='ltr'><strong>impe-</strong></span> 
     </span>
     <span class='ocr_line' id='line_1_11' title="bbox 21 2036 1074 2112; baseline 0.002 -10"><span class='ocrx_word' id='word_1_68' title='bbox 21 2051 113 2102; x_wconf 91' lang='lat' dir='ltr'><strong>rator</strong></span> <span class='ocrx_word' id='word_1_69' title='bbox 127 2037 256 2112; x_wconf 88' lang='lat' dir='ltr'><strong>Hanno,</strong></span> <span class='ocrx_word' id='word_1_70' title='bbox 272 2036 307 2100; x_wconf 92' lang='lat' dir='ltr'><strong>in</strong></span> <span class='ocrx_word' id='word_1_71' title='bbox 326 2036 432 2101; x_wconf 91' lang='lat' dir='ltr'><strong>locum</strong></span> <span class='ocrx_word' id='word_1_72' title='bbox 448 2037 577 2102; x_wconf 87' lang='lat' dir='ltr'><strong>Barcini</strong></span> <span class='ocrx_word' id='word_1_73' title='bbox 594 2037 801 2103; x_wconf 83' lang='lat' dir='ltr'><strong>Hasdrubalis</strong></span> <span class='ocrx_word' id='word_1_74' title='bbox 822 2062 905 2104; x_wconf 87' lang='lat' dir='ltr'><strong>novo</strong></span> <span class='ocrx_word' id='word_1_75' title='bbox 925 2063 998 2104; x_wconf 86' lang='lat' dir='ltr'><strong>curn</strong></span> <span class='ocrx_word' id='word_1_76' title='bbox 1017 2064 1074 2104; x_wconf 84' lang='lat' dir='ltr'><strong>ex-</strong></span> 
     </span>
     <span class='ocr_line' id='line_1_12' title="bbox 21 2122 1074 2223; baseline 0.003 -35"><span class='ocrx_word' id='word_1_77' title='bbox 21 2125 129 2189; x_wconf 89' lang='lat' dir='ltr'><strong>ercitu</strong></span> <span class='ocrx_word' id='word_1_78' title='bbox 143 2145 184 2187; x_wconf 85' lang='lat' dir='ltr'><strong>ex</strong></span> <span class='ocrx_word' id='word_1_79' title='bbox 197 2122 307 2187; x_wconf 84' lang='lat' dir='ltr'><strong>Africa</strong></span> <span class='ocrx_word' id='word_1_80' title='bbox 322 2135 540 2222; x_wconf 77' lang='lat' dir='ltr'><strong>transgressus,</strong></span> <span class='ocrx_word' id='word_1_81' title='bbox 557 2122 755 2223; x_wconf 83' lang='lat' dir='ltr'><strong>Magonique</strong></span> <span class='ocrx_word' id='word_1_82' title='bbox 771 2125 907 2202; x_wconf 89' lang='lat' dir='ltr'><strong>iunctus,</strong></span> <span class='ocrx_word' id='word_1_83' title='bbox 924 2148 1023 2212; x_wconf 92' lang='lat' dir='ltr'><strong>quum</strong></span> <span class='ocrx_word' id='word_1_84' title='bbox 1039 2127 1074 2191; x_wconf 90' lang='lat' dir='ltr'><strong>in</strong></span> 
     </span>
     <span class='ocr_line' id='line_1_13' title="bbox 26 2208 1073 2298; baseline 0.001 -24"><span class='ocrx_word' id='word_1_85' title='bbox 26 2209 216 2285; x_wconf 87' lang='lat' dir='ltr'><strong>Celtiberia,</strong></span> <span class='ocrx_word' id='word_1_86' title='bbox 231 2231 313 2295; x_wconf 90' lang='lat' dir='ltr'><strong>quae</strong></span> <span class='ocrx_word' id='word_1_87' title='bbox 334 2208 441 2272; x_wconf 81' lang='lat' dir='ltr'><strong>media</strong></span> <span class='ocrx_word' id='word_1_88' title='bbox 455 2208 617 2274; x_wconf 89' lang='lat' dir='ltr'><strong>interduo</strong></span> <span class='ocrx_word' id='word_1_89' title='bbox 633 2232 731 2274; x_wconf 91' lang='lat' dir='ltr'><strong>mana</strong></span> <span class='ocrx_word' id='word_1_90' title='bbox 745 2223 801 2287; x_wconf 90' lang='lat' dir='ltr'><strong>est,</strong></span> <span class='ocrx_word' id='word_1_91' title='bbox 817 2210 906 2275; x_wconf 89' lang='lat' dir='ltr'><strong>brevi</strong></span> <span class='ocrx_word' id='word_1_92' title='bbox 921 2233 1073 2298; x_wconf 85' lang='lat' dir='ltr'><strong>magnum</strong></span> 
     </span>
     <span class='ocr_line' id='line_1_14' title="bbox 20 2293 1175 2372; baseline 0 -14"><span class='ocrx_word' id='word_1_93' title='bbox 20 2295 194 2360; x_wconf 89' lang='lat' dir='ltr'><strong>hominum</strong></span> <span class='ocrx_word' id='word_1_94' title='bbox 208 2315 378 2359; x_wconf 89' lang='lat' dir='ltr'><strong>numerum</strong></span> <span class='ocrx_word' id='word_1_95' title='bbox 393 2306 562 2372; x_wconf 86' lang='lat' dir='ltr'><strong>armasset3</strong></span> <span class='ocrx_word' id='word_1_96' title='bbox 589 2293 640 2360; x_wconf 89' lang='lat' dir='ltr'><strong>Sci</strong></span> <span class='ocrx_word' id='word_1_97' title='bbox 665 2296 695 2360; x_wconf 92' lang='lat' dir='ltr'><strong>io</strong></span> <span class='ocrx_word' id='word_1_98' title='bbox 710 2295 857 2360; x_wconf 86' lang='lat' dir='ltr'><strong>adversus</strong></span> <span class='ocrx_word' id='word_1_99' title='bbox 872 2320 945 2361; x_wconf 92' lang='lat' dir='ltr'><strong>eum</strong></span> <span class='ocrx_word' id='word_1_100' title='bbox 960 2295 1008 2362; x_wconf 92' lang='lat' dir='ltr'><strong>M.</strong></span> <span class='ocrx_word' id='word_1_101' title='bbox 1024 2297 1175 2363; x_wconf 80' lang='lat' dir='ltr'><strong>Si-contra</strong></span> 
     </span>
     <span class='ocr_line' id='line_1_15' title="bbox 20 2319 1228 2470; baseline 0.002 -26"><span class='ocrx_word' id='word_1_102' title='bbox 20 2380 137 2444; x_wconf 90' lang='lat' dir='ltr'><strong>lanum</strong></span> <span class='ocrx_word' id='word_1_103' title='bbox 156 2387 230 2444; x_wconf 87' lang='lat' dir='ltr'><strong>cum</strong></span> <span class='ocrx_word' id='word_1_104' title='bbox 250 2379 363 2444; x_wconf 90' lang='lat' dir='ltr'><strong>decem</strong></span> <span class='ocrx_word' id='word_1_105' title='bbox 384 2379 472 2445; x_wconf 93' lang='lat' dir='ltr'><strong>haud</strong></span> <span class='ocrx_word' id='word_1_106' title='bbox 493 2380 565 2466; x_wconf 87' lang='lat' dir='ltr'><strong>plus</strong></span> <span class='ocrx_word' id='word_1_107' title='bbox 587 2319 724 2446; x_wconf 80' lang='lat' dir='ltr'><strong>millibus</strong></span> <span class='ocrx_word' id='word_1_108' title='bbox 745 2381 892 2460; x_wconf 91' lang='lat' dir='ltr'><strong>militum,</strong></span> <span class='ocrx_word' id='word_1_109' title='bbox 914 2383 1074 2470; x_wconf 89' lang='lat' dir='ltr'><strong>equitibus</strong></span> <span class='ocrx_word' id='word_1_110' title='bbox 1082 2373 1164 2448; x_wconf 48' lang='lat'><strong>¹¹9³&amp;</strong></span> <span class='ocrx_word' id='word_1_111' title='bbox 1173 2371 1228 2422; x_wconf 52' lang='lat'>¹²¹¹*</span> 
     </span>
     <span class='ocr_line' id='line_1_16' title="bbox 22 2437 1232 2562; baseline 0.002 -32"><span class='ocrx_word' id='word_1_112' title='bbox 22 2467 108 2553; x_wconf 92' lang='lat' dir='ltr'><strong>quin</strong></span> <span class='ocrx_word' id='word_1_113' title='bbox 131 2466 221 2543; x_wconf 91' lang='lat' dir='ltr'><strong>entis,</strong></span> <span class='ocrx_word' id='word_1_114' title='bbox 237 2465 331 2530; x_wconf 87' lang='lat' dir='ltr'><strong>misit.</strong></span> <span class='ocrx_word' id='word_1_115' title='bbox 380 2463 515 2543; x_wconf 76' lang='lat' dir='ltr'><strong>Silanua</strong></span> <span class='ocrx_word' id='word_1_116' title='bbox 531 2467 657 2553; x_wconf 90' lang='lat' dir='ltr'><strong>quantis</strong></span> <span class='ocrx_word' id='word_1_117' title='bbox 675 2468 821 2532; x_wconf 86' lang='lat' dir='ltr'><strong>maximis</strong></span> <span class='ocrx_word' id='word_1_118' title='bbox 835 2469 938 2555; x_wconf 90' lang='lat' dir='ltr'><strong>potuit</strong></span> <span class='ocrx_word' id='word_1_119' title='bbox 953 2437 1232 2562; x_wconf 55' lang='lat' dir='ltr'><strong>itineri-{lsslssfflm</strong></span> 
     </span>
     <span class='ocr_line' id='line_1_17' title="bbox 20 2489 1074 2641; baseline 0.004 -25"><span class='ocrx_word' id='word_1_120' title='bbox 20 2553 97 2630; x_wconf 91' lang='lat' dir='ltr'><strong>bus,</strong></span> <span class='ocrx_word' id='word_1_121' title='bbox 109 2489 346 2638; x_wconf 58' lang='lat' dir='ltr'><strong>limpediebant</strong></span> <span class='ocrx_word' id='word_1_122' title='bbox 359 2564 467 2617; x_wconf 85' lang='lat' dir='ltr'><strong>autem</strong></span> <span class='ocrx_word' id='word_1_123' title='bbox 482 2564 515 2617; x_wconf 91' lang='lat' dir='ltr'><strong>et</strong></span> <span class='ocrx_word' id='word_1_124' title='bbox 530 2554 711 2641; x_wconf 88' lang='lat' dir='ltr'><strong>asperitates</strong></span> <span class='ocrx_word' id='word_1_125' title='bbox 722 2554 853 2631; x_wconf 87' lang='lat' dir='ltr'><strong>viarum,</strong></span> <span class='ocrx_word' id='word_1_126' title='bbox 866 2567 899 2618; x_wconf 92' lang='lat' dir='ltr'><strong>et</strong></span> <span class='ocrx_word' id='word_1_127' title='bbox 910 2557 1074 2641; x_wconf 81' lang='lat' dir='ltr'><strong>angustiae</strong></span> 
     </span>
    </p>

    <p class='ocr_par' dir='ltr' id='par_1_6' title="bbox 21 2636 1075 2726">
     <span class='ocr_line' id='line_1_18' title="bbox 21 2636 1075 2726; baseline 0.004 -24"><span class='ocrx_word' id='word_1_128' title='bbox 21 2637 158 2702; x_wconf 88' lang='lat' dir='ltr'><strong>saltibus</strong></span> <span class='ocrx_word' id='word_1_129' title='bbox 169 2637 294 2714; x_wconf 85' lang='lat' dir='ltr'><strong>crebris,</strong></span> <span class='ocrx_word' id='word_1_130' title='bbox 308 2649 345 2702; x_wconf 89' lang='lat' dir='ltr'><strong>ut</strong></span> <span class='ocrx_word' id='word_1_131' title='bbox 355 2636 506 2725; x_wconf 87' lang='lat' dir='ltr'><strong>pleraque</strong></span> <span class='ocrx_word' id='word_1_132' title='bbox 519 2638 693 2726; x_wconf 87' lang='lat' dir='ltr'><strong>Hispaniae</strong></span> <span class='ocrx_word' id='word_1_133' title='bbox 705 2652 788 2718; x_wconf 91' lang='lat' dir='ltr'><strong>sunt,</strong></span> <span class='ocrx_word' id='word_1_134' title='bbox 800 2638 956 2726; x_wconf 87' lang='lat' dir='ltr'><strong>inclusae)</strong></span> <span class='ocrx_word' id='word_1_135' title='bbox 968 2657 1075 2706; x_wconf 90' lang='lat' dir='ltr'><strong>tamen</strong></span> 
     </span>
    </p>

    <p class='ocr_par' dir='ltr' id='par_1_7' title="bbox 19 2721 1075 2815">
     <span class='ocr_line' id='line_1_19' title="bbox 19 2721 1075 2815; baseline 0.003 -26"><span class='ocrx_word' id='word_1_136' title='bbox 19 2747 94 2789; x_wconf 90' lang='lat' dir='ltr'><strong>non</strong></span> <span class='ocrx_word' id='word_1_137' title='bbox 109 2721 211 2788; x_wconf 86' lang='lat' dir='ltr'><strong>solum</strong></span> <span class='ocrx_word' id='word_1_138' title='bbox 226 2722 366 2799; x_wconf 76' lang='lat' dir='ltr'><strong>nuntiae,</strong></span> <span class='ocrx_word' id='word_1_139' title='bbox 379 2723 543 2789; x_wconf 89' lang='lat' dir='ltr'><strong>sedetiam</strong></span> <span class='ocrx_word' id='word_1_140' title='bbox 554 2725 668 2790; x_wconf 87' lang='lat' dir='ltr'><strong>famam</strong></span> <span class='ocrx_word' id='word_1_141' title='bbox 681 2725 835 2791; x_wconf 87' lang='lat' dir='ltr'><strong>adventus</strong></span> <span class='ocrx_word' id='word_1_142' title='bbox 849 2727 898 2790; x_wconf 87' lang='lat' dir='ltr'><strong>sui</strong></span> <span class='ocrx_word' id='word_1_143' title='bbox 936 2749 1075 2815; x_wconf 80' lang='lat' dir='ltr'><strong>raegres·</strong></span> 
     </span>
    </p>

    <p class='ocr_par' dir='ltr' id='par_1_8' title="bbox 19 2807 1075 2995">
     <span class='ocr_line' id='line_1_20' title="bbox 20 2807 1075 2898; baseline 0.002 -24"><span class='ocrx_word' id='word_1_144' title='bbox 20 2833 90 2888; x_wconf 89' lang='lat' dir='ltr'><strong>sus,</strong></span> <span class='ocrx_word' id='word_1_145' title='bbox 110 2809 243 2874; x_wconf 84' lang='lat' dir='ltr'><strong>ducibus</strong></span> <span class='ocrx_word' id='word_1_146' title='bbox 265 2808 410 2873; x_wconf 91' lang='lat' dir='ltr'><strong>indidem</strong></span> <span class='ocrx_word' id='word_1_147' title='bbox 431 2833 473 2874; x_wconf 89' lang='lat' dir='ltr'><strong>ex</strong></span> <span class='ocrx_word' id='word_1_148' title='bbox 495 2807 668 2875; x_wconf 85' lang='lat' dir='ltr'><strong>Celtiberia</strong></span> <span class='ocrx_word' id='word_1_149' title='bbox 690 2812 866 2898; x_wconf 84' lang='lat' dir='ltr'><strong>transfugis,</strong></span> <span class='ocrx_word' id='word_1_150' title='bbox 950 2813 1075 2878; x_wconf 85' lang='lat' dir='ltr'><strong>hostem</strong></span> 
     </span>
     <span class='ocr_line' id='line_1_21' title="bbox 19 2893 1075 2995; baseline 0 -35"><span class='ocrx_word' id='word_1_151' title='bbox 19 2895 182 2984; x_wconf 85' lang='lat' dir='ltr'><strong>pervenit.</strong></span> <span class='ocrx_word' id='word_1_152' title='bbox 227 2893 346 2959; x_wconf 90' lang='lat' dir='ltr'><strong>Iisdem</strong></span> <span class='ocrx_word' id='word_1_153' title='bbox 363 2895 543 2960; x_wconf 91' lang='lat' dir='ltr'><strong>auctoribus</strong></span> <span class='ocrx_word' id='word_1_154' title='bbox 561 2910 759 2995; x_wconf 88' lang='lat' dir='ltr'><strong>compertum</strong></span> <span class='ocrx_word' id='word_1_155' title='bbox 774 2911 830 2972; x_wconf 83' lang='lat' dir='ltr'><strong>est,</strong></span> <span class='ocrx_word' id='word_1_156' title='bbox 848 2919 948 2982; x_wconf 91' lang='lat' dir='ltr'><strong>quum</strong></span> <span class='ocrx_word' id='word_1_157' title='bbox 962 2897 1075 2962; x_wconf 90' lang='lat' dir='ltr'><strong>decem</strong></span> 
     </span>
    </p>

    <p class='ocr_par' dir='ltr' id='par_1_9' title="bbox 19 2978 1075 3067">
     <span class='ocr_line' id='line_1_22' title="bbox 19 2978 1075 3067; baseline -0.002 -20"><span class='ocrx_word' id='word_1_158' title='bbox 19 2981 155 3047; x_wconf 89' lang='lat' dir='ltr'><strong>circiter</strong></span> <span class='ocrx_word' id='word_1_159' title='bbox 169 2978 267 3044; x_wconf 90' lang='lat' dir='ltr'><strong>millia</strong></span> <span class='ocrx_word' id='word_1_160' title='bbox 281 2981 320 3044; x_wconf 89' lang='lat' dir='ltr'><strong>ab</strong></span> <span class='ocrx_word' id='word_1_161' title='bbox 334 2980 426 3045; x_wconf 91' lang='lat' dir='ltr'><strong>hoste</strong></span> <span class='ocrx_word' id='word_1_162' title='bbox 442 2981 596 3057; x_wconf 90' lang='lat' dir='ltr'><strong>abessent,</strong></span> <span class='ocrx_word' id='word_1_163' title='bbox 607 2981 684 3045; x_wconf 76' lang='lat' dir='ltr'><strong>bina</strong></span> <span class='ocrx_word' id='word_1_164' title='bbox 698 2995 798 3045; x_wconf 88' lang='lat' dir='ltr'><strong>castra</strong></span> <span class='ocrx_word' id='word_1_165' title='bbox 813 2981 897 3045; x_wconf 88' lang='lat' dir='ltr'><strong>circa</strong></span> <span class='ocrx_word' id='word_1_166' title='bbox 907 2982 999 3058; x_wconf 90' lang='lat' dir='ltr'><strong>viam,</strong></span> <span class='ocrx_word' id='word_1_167' title='bbox 1012 3004 1075 3067; x_wconf 90' lang='lat' dir='ltr'><strong>qua</strong></span> 
     </span>
    </p>

    <p class='ocr_par' dir='ltr' id='par_1_10' title="bbox 17 3064 1233 3423">
     <span class='ocr_line' id='line_1_23' title="bbox 18 3064 1233 3152; baseline -0.001 -19"><span class='ocrx_word' id='word_1_168' title='bbox 18 3069 121 3144; x_wconf 90' lang='lat' dir='ltr'><strong>irent,</strong></span> <span class='ocrx_word' id='word_1_169' title='bbox 154 3087 241 3130; x_wconf 85' lang='lat' dir='ltr'><strong>esse:</strong></span> <span class='ocrx_word' id='word_1_170' title='bbox 275 3064 364 3130; x_wconf 89' lang='lat' dir='ltr'><strong>laeva</strong></span> <span class='ocrx_word' id='word_1_171' title='bbox 396 3064 584 3142; x_wconf 88' lang='lat' dir='ltr'><strong>Celtiberos,</strong></span> <span class='ocrx_word' id='word_1_172' title='bbox 615 3087 734 3129; x_wconf 85' lang='lat' dir='ltr'><strong>novum</strong></span> <span class='ocrx_word' id='word_1_173' title='bbox 765 3067 950 3141; x_wconf 85' lang='lat' dir='ltr'><strong>exercitum,</strong></span> <span class='ocrx_word' id='word_1_174' title='bbox 981 3083 1233 3152; x_wconf 73' lang='lat' dir='ltr'><strong>supracntncal-</strong></span> 
     </span>
     <span class='ocr_line' id='line_1_24' title="bbox 18 3145 1215 3228; baseline -0.004 -8"><span class='ocrx_word' id='word_1_175' title='bbox 18 3175 145 3220; x_wconf 85' lang='lat' dir='ltr'><strong>novem</strong></span> <span class='ocrx_word' id='word_1_176' title='bbox 160 3150 258 3215; x_wconf 90' lang='lat' dir='ltr'><strong>millia</strong></span> <span class='ocrx_word' id='word_1_177' title='bbox 271 3151 447 3228; x_wconf 92' lang='lat' dir='ltr'><strong>homiuum,</strong></span> <span class='ocrx_word' id='word_1_178' title='bbox 460 3150 573 3215; x_wconf 81' lang='lat' dir='ltr'><strong>dextra</strong></span> <span class='ocrx_word' id='word_1_179' title='bbox 583 3149 706 3214; x_wconf 90' lang='lat' dir='ltr'><strong>Punica</strong></span> <span class='ocrx_word' id='word_1_180' title='bbox 720 3162 827 3215; x_wconf 90' lang='lat' dir='ltr'><strong>tenere</strong></span> <span class='ocrx_word' id='word_1_181' title='bbox 843 3163 951 3214; x_wconf 88' lang='lat' dir='ltr'><strong>castra</strong></span> <span class='ocrx_word' id='word_1_182' title='bbox 985 3149 1074 3216; x_wconf 89' lang='lat' dir='ltr'><strong>Haec</strong></span> <span class='ocrx_word' id='word_1_183' title='bbox 1082 3145 1215 3195; x_wconf 74' lang='lat' dir='ltr'><strong>abarorum</strong></span> 
     </span>
     <span class='ocr_line' id='line_1_25' title="bbox 17 3210 1214 3323; baseline -0.003 -17"><span class='ocrx_word' id='word_1_184' title='bbox 17 3238 226 3314; x_wconf 88' lang='lat' dir='ltr'><strong>stationibus,</strong></span> <span class='ocrx_word' id='word_1_185' title='bbox 253 3235 378 3323; x_wconf 79' lang='lat' dir='ltr'><strong>vigiliis,</strong></span> <span class='ocrx_word' id='word_1_186' title='bbox 407 3238 494 3302; x_wconf 90' lang='lat' dir='ltr'><strong>omni</strong></span> <span class='ocrx_word' id='word_1_187' title='bbox 520 3235 602 3300; x_wconf 92' lang='lat' dir='ltr'><strong>iusta</strong></span> <span class='ocrx_word' id='word_1_188' title='bbox 626 3235 754 3300; x_wconf 91' lang='lat' dir='ltr'><strong>militari</strong></span> <span class='ocrx_word' id='word_1_189' title='bbox 778 3235 921 3300; x_wconf 89' lang='lat' dir='ltr'><strong>custodia</strong></span> <span class='ocrx_word' id='word_1_190' title='bbox 950 3248 1018 3301; x_wconf 89' lang='lat' dir='ltr'><strong>tuta</strong></span> <span class='ocrx_word' id='word_1_191' title='bbox 1043 3210 1214 3323; x_wconf 45' lang='lat' dir='ltr'><strong>affinem</strong></span> 
     </span>
     <span class='ocr_line' id='line_1_26' title="bbox 17 3321 1076 3423; baseline -0.003 -33"><span class='ocrx_word' id='word_1_192' title='bbox 17 3328 120 3390; x_wconf 89' lang='lat' dir='ltr'><strong>firma</strong></span> <span class='ocrx_word' id='word_1_193' title='bbox 141 3345 229 3388; x_wconf 87' lang='lat' dir='ltr'><strong>esse:</strong></span> <span class='ocrx_word' id='word_1_194' title='bbox 257 3323 312 3387; x_wconf 92' lang='lat' dir='ltr'><strong>illa</strong></span> <span class='ocrx_word' id='word_1_195' title='bbox 333 3321 430 3386; x_wconf 86' lang='lat' dir='ltr'><strong>altera</strong></span> <span class='ocrx_word' id='word_1_196' title='bbox 451 3321 554 3386; x_wconf 89' lang='lat' dir='ltr'><strong>soluta</strong></span> <span class='ocrx_word' id='word_1_197' title='bbox 574 3321 792 3423; x_wconf 83' lang='lat' dir='ltr'><strong>neglectaque,</strong></span> <span class='ocrx_word' id='word_1_198' title='bbox 815 3333 851 3386; x_wconf 91' lang='lat' dir='ltr'><strong>ut</strong></span> <span class='ocrx_word' id='word_1_199' title='bbox 872 3321 1076 3387; x_wconf 91' lang='lat' dir='ltr'><strong>barbarorum</strong></span> 
     </span>
    </p>

    <p class='ocr_par' dir='ltr' id='par_1_11' title="bbox 15 3407 1173 3926">
     <span class='ocr_line' id='line_1_27' title="bbox 19 3407 1073 3494; baseline -0.005 -18"><span class='ocrx_word' id='word_1_200' title='bbox 19 3425 58 3476; x_wconf 92' lang='lat' dir='ltr'><strong>et</strong></span> <span class='ocrx_word' id='word_1_201' title='bbox 77 3411 226 3486; x_wconf 90' lang='lat' dir='ltr'><strong>tironum,</strong></span> <span class='ocrx_word' id='word_1_202' title='bbox 242 3421 274 3473; x_wconf 90' lang='lat' dir='ltr'><strong>et</strong></span> <span class='ocrx_word' id='word_1_203' title='bbox 290 3408 395 3471; x_wconf 86' lang='lat' dir='ltr'><strong>minus</strong></span> <span class='ocrx_word' id='word_1_204' title='bbox 415 3407 606 3484; x_wconf 89' lang='lat' dir='ltr'><strong>timentium,</strong></span> <span class='ocrx_word' id='word_1_205' title='bbox 622 3408 710 3494; x_wconf 93' lang='lat' dir='ltr'><strong>quod</strong></span> <span class='ocrx_word' id='word_1_206' title='bbox 729 3431 763 3473; x_wconf 88' lang='lat' dir='ltr'><strong>m</strong></span> <span class='ocrx_word' id='word_1_207' title='bbox 783 3431 839 3473; x_wconf 91' lang='lat' dir='ltr'><strong>sua</strong></span> <span class='ocrx_word' id='word_1_208' title='bbox 859 3422 941 3474; x_wconf 87' lang='lat' dir='ltr'><strong>terra</strong></span> <span class='ocrx_word' id='word_1_209' title='bbox 960 3420 1073 3473; x_wconf 89' lang='lat' dir='ltr'><strong>essent.</strong></span> 
     </span>
     <span class='ocr_line' id='line_1_28' title="bbox 18 3491 1076 3584; baseline -0.004 -22"><span class='ocrx_word' id='word_1_210' title='bbox 18 3497 79 3562; x_wconf 88' lang='lat' dir='ltr'><strong>Ea</strong></span> <span class='ocrx_word' id='word_1_211' title='bbox 92 3495 180 3584; x_wconf 88' lang='lat' dir='ltr'><strong>prius</strong></span> <span class='ocrx_word' id='word_1_212' title='bbox 195 3491 409 3581; x_wconf 80' lang='lat' dir='ltr'><strong>aggredienda</strong></span> <span class='ocrx_word' id='word_1_213' title='bbox 422 3505 507 3557; x_wconf 87' lang='lat' dir='ltr'><strong>ratus</strong></span> <span class='ocrx_word' id='word_1_214' title='bbox 525 3491 659 3571; x_wconf 89' lang='lat' dir='ltr'><strong>Silanus,</strong></span> <span class='ocrx_word' id='word_1_215' title='bbox 672 3494 762 3580; x_wconf 86' lang='lat' dir='ltr'><strong>signa</strong></span> <span class='ocrx_word' id='word_1_216' title='bbox 772 3516 868 3581; x_wconf 92' lang='lat' dir='ltr'><strong>quam</strong></span> <span class='ocrx_word' id='word_1_217' title='bbox 883 3495 1019 3558; x_wconf 80' lang='lat' dir='ltr'><strong>maxime</strong></span> <span class='ocrx_word' id='word_1_218' title='bbox 1035 3493 1076 3558; x_wconf 92' lang='lat' dir='ltr'><strong>ad</strong></span> 
     </span>
     <span class='ocr_line' id='line_1_29' title="bbox 17 3578 1077 3656; baseline -0.006 -8"><span class='ocrx_word' id='word_1_219' title='bbox 17 3584 151 3648; x_wconf 88' lang='lat' dir='ltr'><strong>laevam</strong></span> <span class='ocrx_word' id='word_1_220' title='bbox 172 3581 303 3646; x_wconf 90' lang='lat' dir='ltr'><strong>iubebat</strong></span> <span class='ocrx_word' id='word_1_221' title='bbox 321 3579 406 3656; x_wconf 84' lang='lat' dir='ltr'><strong>ferri,</strong></span> <span class='ocrx_word' id='word_1_222' title='bbox 421 3579 570 3644; x_wconf 89' lang='lat' dir='ltr'><strong>necunde</strong></span> <span class='ocrx_word' id='word_1_223' title='bbox 590 3580 629 3643; x_wconf 92' lang='lat' dir='ltr'><strong>ab</strong></span> <span class='ocrx_word' id='word_1_224' title='bbox 649 3579 835 3643; x_wconf 90' lang='lat' dir='ltr'><strong>stationibus</strong></span> <span class='ocrx_word' id='word_1_225' title='bbox 850 3578 980 3644; x_wconf 90' lang='lat' dir='ltr'><strong>Punicis</strong></span> <span class='ocrx_word' id='word_1_226' title='bbox 1000 3602 1077 3644; x_wconf 90' lang='lat' dir='ltr'><strong>con·</strong></span> 
     </span>
     <span class='ocr_line' id='line_1_30' title="bbox 16 3663 1076 3758; baseline -0.005 -23"><span class='ocrx_word' id='word_1_227' title='bbox 16 3669 211 3758; x_wconf 90' lang='lat' dir='ltr'><strong>spiceretur.</strong></span> <span class='ocrx_word' id='word_1_228' title='bbox 257 3665 341 3753; x_wconf 91' lang='lat' dir='ltr'><strong>Ipse,</strong></span> <span class='ocrx_word' id='word_1_229' title='bbox 360 3665 536 3752; x_wconf 87' lang='lat' dir='ltr'><strong>praemissis</strong></span> <span class='ocrx_word' id='word_1_230' title='bbox 558 3663 813 3752; x_wconf 84' lang='lat' dir='ltr'><strong>speculatoribus,</strong></span> <span class='ocrx_word' id='word_1_231' title='bbox 833 3665 929 3730; x_wconf 88' lang='lat' dir='ltr'><strong>citato</strong></span> <span class='ocrx_word' id='word_1_232' title='bbox 1023 3665 1076 3730; x_wconf 86' lang='lat' dir='ltr'><strong>ine</strong></span> 
     </span>
     <span class='ocr_line' id='line_1_31' title="bbox 16 3749 1173 3840; baseline -0.006 -19"><span class='ocrx_word' id='word_1_233' title='bbox 16 3755 70 3822; x_wconf 88' lang='lat' dir='ltr'><strong>ad</strong></span> <span class='ocrx_word' id='word_1_234' title='bbox 91 3753 215 3818; x_wconf 88' lang='lat' dir='ltr'><strong>hostem</strong></span> <span class='ocrx_word' id='word_1_235' title='bbox 235 3752 347 3840; x_wconf 80' lang='lat' dir='ltr'><strong>pergit.</strong></span> <span class='ocrx_word' id='word_1_236' title='bbox 394 3751 472 3816; x_wconf 87' lang='lat' dir='ltr'><strong>Tria</strong></span> <span class='ocrx_word' id='word_1_237' title='bbox 491 3749 590 3815; x_wconf 90' lang='lat' dir='ltr'><strong>millia</strong></span> <span class='ocrx_word' id='word_1_238' title='bbox 603 3750 702 3814; x_wconf 89' lang='lat' dir='ltr'><strong>ferme</strong></span> <span class='ocrx_word' id='word_1_239' title='bbox 723 3750 839 3828; x_wconf 90' lang='lat' dir='ltr'><strong>aberat,</strong></span> <span class='ocrx_word' id='word_1_240' title='bbox 855 3773 955 3837; x_wconf 93' lang='lat' dir='ltr'><strong>quum</strong></span> <span class='ocrx_word' id='word_1_241' title='bbox 998 3750 1076 3816; x_wconf 91' lang='lat' dir='ltr'><strong>aud·</strong></span> <span class='ocrx_word' id='word_1_242' title='bbox 1164 3797 1173 3814; x_wconf 94' lang='lat'><strong>.</strong></span> 
     </span>
     <span class='ocr_line' id='line_1_32' title="bbox 15 3833 1077 3926; baseline -0.003 -21"><span class='ocrx_word' id='word_1_243' title='bbox 15 3841 108 3908; x_wconf 92' lang='lat' dir='ltr'><strong>dum</strong></span> <span class='ocrx_word' id='word_1_244' title='bbox 125 3839 294 3926; x_wconf 87' lang='lat' dir='ltr'><strong>quisquam</strong></span> <span class='ocrx_word' id='word_1_245' title='bbox 307 3837 448 3902; x_wconf 88' lang='lat' dir='ltr'><strong>hostium</strong></span> <span class='ocrx_word' id='word_1_246' title='bbox 462 3847 609 3901; x_wconf 83' lang='lat' dir='ltr'><strong>senserat</strong></span> <span class='ocrx_word' id='word_1_247' title='bbox 646 3833 841 3922; x_wconf 81' lang='lat' dir='ltr'><strong>Confragosa</strong></span> <span class='ocrx_word' id='word_1_248' title='bbox 854 3835 924 3901; x_wconf 90' lang='lat' dir='ltr'><strong>loca</strong></span> <span class='ocrx_word' id='word_1_249' title='bbox 937 3847 969 3902; x_wconf 91' lang='lat' dir='ltr'><strong>et</strong></span> <span class='ocrx_word' id='word_1_250' title='bbox 985 3836 1077 3902; x_wconf 88' lang='lat' dir='ltr'><strong>obsiti</strong></span> 
     </span>
    </p>
   </div>
   <div class='ocr_carea' id='block_1_6' title="bbox 15 3920 1079 4012">
    <p class='ocr_par' dir='ltr' id='par_1_12' title="bbox 15 3920 1079 4012">
     <span class='ocr_line' id='line_1_33' title="bbox 15 3920 1079 4012; baseline -0.004 -20"><span class='ocrx_word' id='word_1_251' title='bbox 15 3923 175 4012; x_wconf 74' lang='lat' dir='ltr'><strong>virgultis</strong></span> <span class='ocrx_word' id='word_1_252' title='bbox 199 3924 348 4011; x_wconf 78' lang='lat' dir='ltr'><strong>tegebant</strong></span> <span class='ocrx_word' id='word_1_253' title='bbox 369 3921 474 3988; x_wconf 86' lang='lat' dir='ltr'><strong>colles.</strong></span> <span class='ocrx_word' id='word_1_254' title='bbox 520 3920 570 3986; x_wconf 94' lang='lat' dir='ltr'><strong>Ibi</strong></span> <span class='ocrx_word' id='word_1_255' title='bbox 594 3923 628 3986; x_wconf 90' lang='lat' dir='ltr'><strong>in</strong></span> <span class='ocrx_word' id='word_1_256' title='bbox 652 3945 729 3988; x_wconf 84' lang='lat' dir='ltr'><strong>cava</strong></span> <span class='ocrx_word' id='word_1_257' title='bbox 751 3921 842 4000; x_wconf 87' lang='lat' dir='ltr'><strong>valle,</strong></span> <span class='ocrx_word' id='word_1_258' title='bbox 865 3935 960 4010; x_wconf 89' lang='lat' dir='ltr'><strong>atque</strong></span> <span class='ocrx_word' id='word_1_259' title='bbox 983 3924 1024 3988; x_wconf 94' lang='lat' dir='ltr'><strong>ob</strong></span> <span class='ocrx_word' id='word_1_260' title='bbox 1044 3923 1079 3987; x_wconf 93' lang='lat' dir='ltr'><strong>id</strong></span> 
     </span>
    </p>
   </div>
   <div class='ocr_carea' id='block_1_7' title="bbox 14 4127 1082 4384">
    <p class='ocr_par' dir='ltr' id='par_1_13' title="bbox 14 4127 1082 4384">
     <span class='ocr_line' id='line_1_34' title="bbox 62 4127 1081 4192; baseline -0.008 -7"><span class='ocrx_word' id='word_1_261' title='bbox 62 4129 543 4192; x_wconf 71' lang='lat' dir='ltr'><strong>rlaterduomarta1sc.1baricumet</strong></span> <span class='ocrx_word' id='word_1_262' title='bbox 575 4129 676 4192; x_wconf 85' lang='lat' dir='ltr'><strong>ponitur</strong></span> <span class='ocrx_word' id='word_1_263' title='bbox 696 4143 741 4191; x_wconf 86' lang='lat' dir='ltr'><strong>pro</strong></span> <span class='ocrx_word' id='word_1_264' title='bbox 762 4131 950 4180; x_wconf 68' lang='lat' dir='ltr'><strong>tamencum.</strong></span> <span class='ocrx_word' id='word_1_265' title='bbox 975 4129 1006 4176; x_wconf 80' lang='lat' dir='ltr'><strong>cl.</strong></span> <span class='ocrx_word' id='word_1_266' title='bbox 1025 4127 1081 4177; x_wconf 79' lang='lat' dir='ltr'><strong>infr.</strong></span> 
     </span>
     <span class='ocr_line' id='line_1_35' title="bbox 19 4191 1062 4256; baseline -0.012 -5"><span class='ocrx_word' id='word_1_267' title='bbox 19 4195 220 4254; x_wconf 84' lang='lat' dir='ltr'><strong>Cantabricum.</strong></span> <span class='ocrx_word' id='word_1_268' title='bbox 574 4191 651 4242; x_wconf 81' lang='lat' dir='ltr'><strong>xxxii.</strong></span> <span class='ocrx_word' id='word_1_269' title='bbox 664 4204 686 4256; x_wconf 83' lang='lat'><strong>5.</strong></span> <span class='ocrx_word' id='word_1_270' title='bbox 704 4193 785 4243; x_wconf 71' lang='lat' dir='ltr'><strong>Gerr.</strong></span> <span class='ocrx_word' id='word_1_271' title='bbox 1060 4225 1062 4232; x_wconf 86' lang='lat'><strong>.</strong></span> 
     </span>
     <span class='ocr_line' id='line_1_36' title="bbox 60 4253 1080 4320; baseline -0.01 -10"><span class='ocrx_word' id='word_1_272' title='bbox 60 4277 79 4310; x_wconf 75' lang='lat' dir='ltr'><strong>a</strong></span> <span class='ocrx_word' id='word_1_273' title='bbox 100 4262 202 4310; x_wconf 78' lang='lat' dir='ltr'><strong>Punica</strong></span> <span class='ocrx_word' id='word_1_274' title='bbox 229 4267 312 4310; x_wconf 74' lang='lat' dir='ltr'><strong>tersere</strong></span> <span class='ocrx_word' id='word_1_275' title='bbox 337 4260 432 4318; x_wconf 78' lang='lat' dir='ltr'><strong>castra]</strong></span> <span class='ocrx_word' id='word_1_276' title='bbox 467 4257 544 4320; x_wconf 80' lang='lat' dir='ltr'><strong>Apud</strong></span> <span class='ocrx_word' id='word_1_277' title='bbox 609 4257 719 4319; x_wconf 76' lang='lat' dir='ltr'><strong>30bn&#39;ts&#39;</strong></span> <span class='ocrx_word' id='word_1_278' title='bbox 738 4257 852 4318; x_wconf 64' lang='lat' dir='ltr'><strong>simultis</strong></span> <span class='ocrx_word' id='word_1_279' title='bbox 870 4255 982 4316; x_wconf 74' lang='lat' dir='ltr'><strong>tepebant</strong></span> <span class='ocrx_word' id='word_1_280' title='bbox 998 4253 1080 4314; x_wconf 80' lang='lat' dir='ltr'><strong>colles]</strong></span> 
     </span>
     <span class='ocr_line' id='line_1_37' title="bbox 14 4315 1082 4384; baseline -0.015 -6"><span class='ocrx_word' id='word_1_281' title='bbox 14 4331 145 4380; x_wconf 84' lang='lat' dir='ltr'><strong>nostrum</strong></span> <span class='ocrx_word' id='word_1_282' title='bbox 171 4323 295 4372; x_wconf 84' lang='lat' dir='ltr'><strong>interdum</strong></span> <span class='ocrx_word' id='word_1_283' title='bbox 323 4329 406 4374; x_wconf 72' lang='lat' dir='ltr'><strong>rem</strong></span> <span class='ocrx_word' id='word_1_284' title='bbox 432 4321 545 4371; x_wconf 79' lang='lat' dir='ltr'><strong>absolute</strong></span> <span class='ocrx_word' id='word_1_285' title='bbox 578 4321 700 4384; x_wconf 68' lang='lat' dir='ltr'><strong>repebant</strong></span> <span class='ocrx_word' id='word_1_286' title='bbox 717 4333 762 4382; x_wconf 86' lang='lat' dir='ltr'><strong>pro</strong></span> <span class='ocrx_word' id='word_1_287' title='bbox 779 4319 844 4381; x_wconf 73' lang='lat' dir='ltr'><strong>vulg.</strong></span> <span class='ocrx_word' id='word_1_288' title='bbox 860 4317 974 4367; x_wconf 77' lang='lat' dir='ltr'><strong>tenebant</strong></span> <span class='ocrx_word' id='word_1_289' title='bbox 991 4315 1082 4376; x_wconf 82' lang='lat' dir='ltr'><strong>Kreys-</strong></span> 
     </span>
    </p>
   </div>
   <div class='ocr_carea' id='block_1_8' title="bbox 76 4378 911 4451">
    <p class='ocr_par' dir='ltr' id='par_1_14' title="bbox 76 4378 911 4451">
     <span class='ocr_line' id='line_1_38' title="bbox 76 4378 911 4451; baseline 0.001 -1"><span class='ocrx_word' id='word_1_290' title='bbox 76 4406 154 4451; x_wconf 73' lang='lat' dir='ltr'><strong>vor..</strong></span> <span class='ocrx_word' id='word_1_291' title='bbox 170 4405 206 4450; x_wconf 82' lang='lat' dir='ltr'><strong>n</strong></span> <span class='ocrx_word' id='word_1_292' title='bbox 279 4407 281 4414; x_wconf 93' lang='lat'>·</span> <span class='ocrx_word' id='word_1_293' title='bbox 850 4378 911 4441; x_wconf 77' lang='lat' dir='ltr'><strong>vd</strong></span> 
     </span>
    </p>
   </div>
   <div class='ocr_carea' id='block_1_9' title="bbox 0 0 1444 4772">
    <p class='ocr_par' dir='ltr' id='par_1_15' title="bbox 0 0 1444 4772">
     <span class='ocr_line' id='line_1_39' title="bbox 0 0 1444 4772; baseline 0 4"><span class='ocrx_word' id='word_1_294' title='bbox 0 0 1444 4772; x_wconf 95' lang='lat' dir='ltr'><strong> </strong></span> 
     </span>
    </p>
   </div>
  </div>
 </body>
</html>
