2866 4770
324 211 420 278 LIB.
445 207 577 278 XXIX.
611 209 722 276 CAP.
746 214 798 276 26.
1025 212 1088 278 487

22 361 185 436 toresque
207 359 240 414 et
257 349 398 436 magistri
415 348 544 414 navium
564 359 598 413 et
617 348 684 413 bini
704 347 820 413 milites
839 348 875 412 in
891 348 995 413 forum
1012 371 1089 414 con·
1099 367 1132 419 U.
1144 369 1174 420 c.
1190 370 1246 432 548.

22 437 185 502 venirent
207 435 248 500 ad
270 435 402 523 imperia
423 433 615 523 accipienda.
661 433 836 536 Postquam
859 448 1086 513 convenerunt,
1096 434 1128 485 A.
1145 434 1175 484 ⁰·
1191 448 1245 494 ²04·

21 523 176 623 primum
200 523 239 587 ab
258 522 296 586 iis
311 521 474 608 quaesivit,
490 521 516 584 si
538 543 652 608 aquam
673 521 854 586 hominibus
873 521 1087 610 iumentisque

21 631 55 672 ur
81 608 232 674 totidem
254 609 332 685 dies,
348 622 428 695 quot
447 608 651 684 frumentum,
670 607 901 694 imposuissent
948 607 1015 672 Ubi
1037 631 1088 672 re-

21 695 247 782 sponderunt,
278 717 394 781 aquam
423 694 547 758 dierum
601 694 720 779 uinque
753 707 787 758 et
838 693 1023 782 uadraginta
1053 694 1088 758 in

20 781 169 846 navibus
198 804 286 857 esse3
320 794 388 845 turn
414 779 515 844 edixit
544 717 706 855 militibus,
734 793 770 843 ut
799 717 960 844 silentium
986 780 1087 867 quieti

20 868 136 932 nautis
157 868 230 931 sine
249 867 420 931 certamine
438 865 480 930 ad
500 865 674 930 ministeria
692 865 896 952 exsequenda
914 867 997 930 bene
1012 866 1087 931 obe-

20 953 160 1018 dientes
176 967 382 1040 praestarent.
431 951 516 1016 Cum
531 951 644 1037 viginti
659 953 797 1016 rostratis
812 975 845 1016 se
861 975 897 1016 ac
912 951 950 1016 L.
966 951 1017 1016 Sci
1042 953 1088 1016 io·
1097 966 1164 1040 ordo
1175 967 1235 1015 clas

20 1063 102 1104 nem
119 1039 165 1104 ab
183 1039 297 1104 dextro
312 1061 422 1114 cornu,
437 1037 572 1114 laevum,
590 1037 723 1102 totidem
737 1051 893 1115 rostratas,
905 1051 938 1103 et
955 1037 994 1102 C.
1036 1045 1135 1103 αεὶ-51*

19 1126 107 1190 lium
124 1125 328 1212 praefectum
344 1125 449 1189 classis
463 1146 536 1187 cum
553 1123 601 1186 M.
613 1123 727 1190 Porcio
745 1123 869 1188 Catone
884 1125 1047 1224 (quaestor
1061 1124 1088 1188 is

20 1225 97 1276 tum
113 1210 206 1298 erat)
221 1211 371 1276 onerariis
386 1211 527 1274 futurum
542 1209 708 1296 praesidio.
751 1209 892 1273 Lumina
905 1232 940 1272 nr
954 1209 1088 1274 navibus

20 1299 160 1385 singula
188 1310 347 1373 rostratae,
375 1296 451 1360 bina
475 1294 637 1359 onerariae
663 1294 837 1359 haberent:
872 1295 907 1358 in
932 1296 1089 1382 praetoria

21 1407 110 1448 nave
127 1384 258 1470 insigne
272 1396 465 1448 nocturnum
480 1381 576 1445 trium
591 1380 747 1445 luminum
763 1380 838 1445 fore.
886 1380 1037 1468 Emporia
1051 1393 1088 1447 ut

20 1481 195 1558 peterent,
210 1468 475 1556 gubernatoribus
489 1467 599 1532 edixit
646 1465 868 1531 Fertilissimus
883 1490 967 1554 ager,
983 1490 1087 1555 eoque

23 1556 206 1622 abundans
220 1555 363 1619 omnium
379 1553 470 1641 copia
484 1575 589 1618 reruni
605 1565 652 1616 est
666 1553 763 1638 regio,
780 1564 813 1617 et
826 1553 969 1618 imbelles
984 1551 1088 1640 (quod

23 1642 160 1730 plerum
189 1664 228 1705 ue
250 1642 284 1705 in
307 1641 397 1704 uberi
419 1662 494 1727 agro
516 1637 639 1724 evenit)
657 1638 781 1703 barbari
804 1651 897 1705 sunt:
925 1640 1087 1727 priusque,

51 1751 132 1792 uam
151 1665 349 1814 (larthagine
370 1725 599 1802 subveniretur,
618 1725 755 1812 opprimi
775 1725 965 1790 videbantur
985 1749 1086 1814 posse.

26 1753 73 1878 lis
98 1813 202 1878 editis
223 1813 372 1898 imperiis,
393 1812 496 1875 redire
520 1811 560 1876 ad
583 1833 680 1874 naves
702 1811 798 1875 iussit
823 1825 856 1876 et
878 1825 1004 1900 postero
1023 1812 1087 1890 die,

27 1900 101 1965 deis
117 1901 206 1964 bene
223 1898 413 1974 iuvantibus,
428 1897 519 1982 signo
533 1896 608 1960 dato
625 1896 744 1960 solvere
760 1919 864 1962 naves.

75 1984 211 2050 Multae
231 1983 343 2048 classes
359 1983 522 2047 Romanae
542 2004 561 2046 e
584 1980 691 2046 Sicilia
711 1994 742 2045 at
767 2005 806 2046 ue
827 1983 896 2069 ipso
917 1983 972 2048 illo
994 1996 1087 2071 portu
1144 1988 1197 2051 26.

27 2073 201 2159 profectae
225 2083 324 2133 erant.
372 2067 526 2132 Ceterum
551 2090 617 2131 non
643 2090 682 2131 eo
707 2005 791 2132 bello
815 2069 928 2146 solum,
953 2069 1029 2156 (nec
1054 2070 1089 2134 id
1097 2073 1188 2148 leis
1200 2071 1247 2122 ⁸01-

31 2159 178 2232 mirum3
234 2155 397 2220 raedetum
422 2155 509 2218 enim
535 2153 755 2218 tantummodo
778 2153 950 2256 pleraeque
977 2155 1089 2222 classes
1098 2141 1140 2186 Ἧι·

30 2241 158 2330 ierant)
173 2179 233 2306 sed
245 2264 286 2305 ne
303 2241 406 2328 priore
421 2240 562 2326 quidem,
578 2238 643 2303 ulla
656 2239 808 2326 profectro
824 2253 904 2306 tanti
918 2241 1090 2329 spectaculi

31 2330 118 2406 fuit3
140 2350 324 2416 quanquam
340 2327 367 2391 si
382 2325 601 2412 magnitudine
616 2326 721 2390 classis
736 2327 963 2406 aestimaretur,
974 2341 1008 2393 et
1021 2328 1090 2393 bini

15 2416 187 2480 tconsules
207 2437 281 2478 cum
304 2413 388 2478 binis
411 2412 602 2476 exercitibus
622 2424 696 2476 ante
718 2413 914 2490 traiecerant,
934 2427 967 2481 et
989 2437 1088 2516 prope

34 2503 176 2566 totidem
199 2511 349 2564 rostratae
371 2499 407 2563 in
428 2498 490 2562 illis
513 2497 661 2562 classibus
680 2498 816 2577 fuerant,
839 2513 918 2590 quot
940 2502 1090 2566 onerariis

37 2587 150 2674 Scipio
176 2600 242 2651 tum
267 2585 450 2650 traiiciebat.
496 2583 592 2662 Nam,
608 2598 733 2670 praeter
752 2585 962 2675 quadragInta
980 2587 1091 2676 longas

36 2696 147 2750 naves,
188 2672 299 2736 uadrin
323 2671 406 2736 entis
423 2670 521 2736 ferme
542 2671 693 2736 onerariis
712 2673 885 2739 exercitum
908 2675 1089 2740 transvexit.

15 2759 105 2826 tSed
122 2773 158 2826 et
165 2695 292 2823 bellum
301 2695 400 2835 bello,
417 2757 592 2823 secundum
608 2757 723 2844 priore,
735 2771 771 2823 ut
786 2760 922 2825 atrocius
937 2761 1092 2826 Romanis

36 2845 214 2921 videretur,
239 2867 338 2930 quum
361 2843 450 2930 quod
472 2844 507 2907 in
531 2842 624 2907 Italia
646 2843 830 2922 bellabatur,
856 2859 924 2910 tum
946 2847 1092 2933 ingentes

38 2945 162 3020 strages
177 2943 225 2995 tot
238 2930 447 3008 exercituum,
463 2929 557 2994 simul
571 2929 670 2994 caesis
684 2928 828 3008 ducibus,
845 2931 1035 2998 effecerant:
1059 2943 1093 2997 et

75 3133 229 3194 aMays'strt'
249 3130 364 3194 malam]
393 3129 553 3192 Intelligendi
585 3134 630 3188 est,
645 3130 711 3190 quod
726 3129 827 3190 quidem
845 3145 921 3178 cornu
937 3129 1040 3179 totidem
1056 3145 1093 3178 m-

42 3193 160 3244 aidentur
176 3194 292 3256 magittri
311 3195 362 3244 sive
381 3193 496 3256 praelecti
515 3209 551 3242 so
585 3193 823 3242 stratashabitunrm
835 3199 894 3242 erat.
912 3193 994 3244 (ἔην,

44 3257 137 3306 ciomm
155 3259 290 3316 navalium,
303 3260 334 3306 de
348 3257 435 3320 quibus
451 3257 553 3305 mentio·
619 3259 770 3319 5Emport'a
792 3265 821 3306 at
841 3259 965 3320 peterent]
995 3255 1094 3310 Atriam

44 3335 101 3368 nem
113 3323 174 3370 tacit
185 3321 270 3372 livius
279 3323 333 3370 infr.
345 3321 405 3370 xliii.
417 3323 440 3370 8.
457 3321 538 3369 (ἷκεν.
587 3319 710 3393 regionem
736 3323 856 3383 Emporia
882 3326 969 3369 neutro
997 3335 1095 3383 genere,

78 3399 91 3444 3
113 3389 147 3435 Ut
157 3387 293 3447 silentiam]
313 3385 351 3434 Ut
361 3385 437 3446 quieti
448 3400 478 3432 ac
489 3386 551 3433 bene
585 3383 722 3445 Hispaniae
737 3386 823 3432 urbem
834 3387 965 3447 Emporias
975 3385 1094 3435 feminino

46 3449 188 3498 obedientes
214 3449 263 3497 suis
289 3449 401 3508 ducibus,
427 3447 551 3496 silentium
584 3447 727 3496 dicimonet
740 3447 835 3498 Duker.

47 3518 198 3572 praestarent
208 3510 289 3561 nautis
304 3514 335 3560 ad
350 3512 485 3560 ministeria
495 3527 553 3559 nau·
619 3509 635 3558 6
651 3513 733 3574 Prope
743 3514 838 3561 totidem
849 3513 980 3570 rostratae]
999 3511 1093 3562 aaa

47 3575 96 3623 tica
121 3577 285 3638 exsequenda,
312 3576 461 3624 abstinentes
488 3575 554 3622 omni
586 3575 658 3636 galus
669 3580 694 3622 et
703 3575 732 3624 L.
741 3576 850 3623 Manlius
858 3576 970 3623 consules
980 3575 1096 3624 trecentis

49 3640 181 3688 certamine
197 3641 312 3688 adversus
328 3655 378 3700 eos,
392 3640 434 3688 sed
451 3639 557 3686 sinentes
589 3637 688 3699 triginta
697 3639 805 3686 rostratis
815 3638 918 3687 naribus
928 3653 942 3687 s
954 3637 1038 3687 Sicilia
1047 3639 1094 3687 aol-

49 3717 90 3749 eos
106 3703 158 3752 sine
175 3705 284 3752 tumultu
303 3704 328 3754 id
348 3719 419 3768 agere
437 3703 503 3765 quod
519 3701 557 3750 sui
590 3709 685 3760 verunt,
696 3707 757 3750 teste
769 3703 856 3764 Polyb.
866 3703 882 3751 i.
894 3717 932 3764 25.
956 3702 1027 3750 Aliae
1036 3717 1094 3763 quo-

49 3765 121 3814 officii
133 3774 202 3818 esset,
220 3769 301 3818 Cnar.
589 3781 638 3828 que
646 3766 734 3813 classes
741 3767 868 3816 Romanae
876 3766 919 3814 illo
928 3766 994 3814 bello
1002 3781 1095 3829 parem,

84 3845 99 3888 4
116 3833 177 3880 Cum
192 3833 280 3894 violati
296 3833 420 3892 rostrato]
439 3831 471 3880 Se
485 3845 515 3880 ac
527 3829 556 3878 L.
590 3829 720 3878 autetiam
736 3829 852 3878 maiorem
867 3845 996 3879 numerum
1013 3831 1095 3893 longa·

53 3891 193 3954 Scipionem
209 3897 240 3944 ab
255 3896 341 3944 dextm
359 3911 435 3943 cornu
452 3909 507 3942 cum
526 3893 558 3940 vi·
591 3893 755 3942 rumnaviurn
766 3893 912 3945 habuerunt.
929 3895 1009 3944 eam.

54 3957 114 4016 giuti
130 3960 257 4018 rostratis3
276 3959 305 4008 C.
321 3959 434 4007 Laelium
452 3959 558 4019 praelec-
625 3967 638 4018 7
654 3958 703 4006 Sed
717 3965 741 4006 et
757 3959 844 4007 bellam
860 3959 932 4020 bello]
955 3959 1003 4007 Sed
1019 3965 1045 4007 et
1061 3973 1096 4007 se-

55 4025 108 4067 tum
123 4023 206 4070 classis
219 4028 244 4072 et
258 4023 295 4072 M.
308 4021 422 4070 Porcium
438 4022 558 4070 Catonem
592 4021 700 4070 cundum
715 4021 807 4068 bellum
823 4021 902 4086 priore
916 4023 983 4072 bello
992 4023 1098 4071 atrocius

56 4097 111 4131 cum
129 4085 212 4149 riglnti
229 4101 326 4159 quoque
342 4085 450 4134 rostratis
465 4085 560 4132 futuros
592 4084 713 4134 Romanis
724 4085 858 4145 videbatur,
868 4092 922 4134 tum
934 4085 992 4148 quia
1006 4085 1031 4134 in
1046 4087 1096 4136 Ita·

55 4150 169 4197 onerariis
190 4149 317 4212 praesidio.
357 4149 429 4196 Haec
451 4153 503 4196 erat
524 4146 559 4195 di·
592 4147 626 4198 lia
637 4149 846 4208 bellabatru,tum
858 4150 916 4211 quia
926 4155 963 4198 tot
977 4149 1098 4197 exercitus

56 4217 121 4259 recta
131 4229 160 4262 ac
171 4213 276 4288 simplex
289 4212 404 4274 loquendi
415 4213 499 4260 torma
525 4211 560 4260 At
592 4211 655 4260 caesi
667 4227 724 4260 cum
732 4213 836 4262 ducibus
846 4213 946 4276 ipsisab
956 4211 1098 4266 Hannibale

57 4276 143 4324 maluit
171 4276 256 4326 Linus
283 4275 374 4325 variare
406 4274 558 4324 orationem:
592 4276 696 4326 fuerant.
714 4277 795 4328 Cast.

57 4338 151 4389 laevem
172 4356 256 4402 cornu,
275 4341 371 4391 totidem
389 4346 516 4400 rostratas,
534 4339 559 4388 id
