2970 4772
257 213 262 222 '
361 219 426 278 438
745 213 859 279 ΤΙΤΙ
887 211 1023 280 LIVII

200 359 246 410 'tt
257 361 288 410 e.
304 359 359 424 546.
367 350 472 413 omnis
490 349 650 436 equitatus
669 350 702 412 iu
720 351 821 414 aciem
836 348 1010 414 descendit
1059 347 1159 424 Quod
1178 344 1341 432 reliquum
1362 367 1424 432 pe·

194 426 242 474 A·
260 425 289 474 ⁰·
306 425 361 476 ²⁰⁶·
368 435 471 500 ditum
484 449 563 514 erat,
578 436 709 522 obliquo
723 437 958 501 constituerunt
971 433 1060 500 colle.
1096 432 1148 498 Sci
1172 434 1213 510 io,
1225 455 1283 519 pro
1297 455 1335 496 se
1346 454 1422 496 m

354 523 428 587 loci
443 544 483 586 an
529 523 603 586 stias
617 535 712 599 ratus,
728 534 762 587 et
798 523 864 588 uod
880 522 914 585 in
932 535 1000 586 arto
1013 543 1123 608 pugna
1190 541 1286 584 mano
1299 519 1422 605 aptior,

258 657 260 662 -
367 629 462 695 quam
484 545 633 696 llispano
659 608 761 685 militi,
818 621 890 673 tura
915 607 1091 683 videbatur,
1113 618 1147 671 et
1168 603 1255 692 quod
1276 605 1312 669 in
1339 627 1421 667 eum
1470 627 1472 710 q

367 695 473 761 locum
487 694 630 760 detracta
643 694 782 760 hostium
796 695 879 759 acies
893 708 985 771 essct,
1000 693 1056 781 qui
1076 715 1142 757 non
1162 713 1291 756 omnem
1304 689 1422 754 multi-
1471 717 1472 774 q

368 779 514 845 tudinem
536 803 647 845 eorum
667 793 803 868 caperet,
824 803 907 845 novo
930 779 1026 844 etiam
1050 777 1182 843 consilio
1206 777 1323 843 adiecit
1347 777 1422 840 ani-

368 888 477 932 mum:
500 867 642 954 equitem
664 889 725 931 nec
746 889 780 930 se
800 889 890 954 posse
910 864 1105 931 circumdare
1125 864 1274 929 cornibus
1292 864 1328 927 in
1350 875 1421 926 tam

368 966 503 1040 angusto
531 953 652 1030 satio;
690 964 723 1017 et
751 952 844 1032 hosti,
874 973 972 1040 quern
1000 973 1073 1016 cum
1103 951 1210 1038 pedite
1239 949 1420 1026 eduxisset,

357 1039 514 1104 inutilem
547 1061 609 1104 ore.
656 1037 768 1125 Itaque
788 1039 923 1126 imperat
937 1037 1058 1116 Laelio,
1073 1051 1111 1102 ut
1129 1059 1188 1124 per
1206 1035 1301 1101 colles
1315 1057 1419 1122 quam

368 1124 580 1190 occultissimo
616 1125 731 1190 itinere
766 1124 982 1190 circumducat
1021 1123 1155 1212 equites,
1324 1135 1417 1208 tque,

368 1225 524 1311 quantum
535 1211 642 1312 possit,
654 1223 834 1298 equestrem
848 1234 868 1275 a
881 1209 1019 1297 pedestri
1034 1231 1183 1297 pugnam.
1236 1229 1291 1296 pse
1306 1208 1421 1273 omnia

367 1317 458 1385 signa
471 1297 615 1384 peditum
630 1297 664 1361 in
679 1298 785 1362 hostes
799 1297 912 1362 vertit:
936 1309 1087 1383 quattuor
1100 1295 1246 1360 cohortes
1260 1294 1295 1360 in
1308 1293 1418 1358 fronte

367 1385 486 1460 statuit,
510 1384 586 1484 quia
608 1382 702 1448 latius
724 1383 864 1470 pandere
890 1383 990 1448 aciem
1016 1405 1083 1446 non
1107 1393 1240 1469 poterat
1287 1379 1419 1445 Moram

367 1469 532 1555 pugnandi
550 1469 669 1535 nullam
684 1469 770 1548 fecit,
787 1483 822 1534 ut
839 1470 850 1532 i
926 1468 1097 1534 certamine
1112 1479 1269 1532 averteret
1282 1467 1322 1532 ab
1337 1489 1420 1531 con-

367 1569 478 1640 spectu
493 1557 725 1620 transeuntium
742 1577 800 1642 per
814 1555 909 1620 coles
924 1555 1079 1642 equitum.
1125 1553 1244 1640 Neque
1261 1566 1336 1618 aute
1355 1553 1419 1616 cir-

367 1640 554 1706 cumductos
575 1663 710 1718 sensere,
734 1663 831 1728 quam
853 1641 1026 1706 tumultum
1048 1663 1066 1704 e
1089 1641 1203 1705 uestris
1224 1661 1354 1740 pugnae
1376 1639 1418 1702 ab

368 1740 456 1814 tergo
468 1748 626 1814 accepere.
662 1724 712 1791 Ita
723 1727 789 1792 duo
803 1727 1045 1815 proelia-erant:
1062 1663 1145 1792 duae
1159 1725 1306 1814 pedrtum
1320 1725 1418 1802 acies,

368 1813 432 1878 duo
447 1813 607 1901 equitatus
621 1835 680 1901 per
693 1813 926 1900 longitudinem
941 1814 1055 1901 campi,
1071 1814 1147 1901 quia
1163 1812 1289 1878 misceri
1303 1833 1346 1877 ex
1360 1835 1419 1899 ge-

368 1922 444 1965 nere
463 1913 599 1986 unoque
619 1899 775 1987 proelium
796 1901 960 1987 angrrstiae
979 1923 1046 1964 non
1065 1900 1277 1987 patiebantur,
1292 1921 1415 1986 pugna·
1471 1945 1472 1948 ,

367 1986 452 2051 baut.
500 1984 545 2049 Hi
626 2009 717 2051 orum
736 2009 837 2072 quum
859 2008 964 2073 neque
984 1985 1084 2074 pedes
1102 1985 1214 2073 equiti,
1235 2007 1297 2050 nec
1315 2007 1418 2071 eques
1471 2013 1472 2100 p

367 2071 469 2158 pediti
483 2073 558 2136 auxi
571 2073 603 2137 io
618 2086 709 2150 esset,
721 2071 819 2160 pedes
833 2071 952 2136 fiducia
965 2071 1082 2159 equitis
1096 2087 1215 2136 temere
1231 2072 1418 2136 commissus

368 2181 480 2245 campo
492 2158 686 2236 caederetur,
697 2181 795 2246 eques
804 2159 1037 2223 circumventus
1048 2181 1108 2222 uec
1119 2157 1261 2245 peditem
1271 2156 1441 2234 afrontat

367 2245 445 2330 (iam
470 2245 556 2308 enim
581 2258 695 2310 stratae
719 2245 880 2331 pedestres
906 2245 1016 2331 copiae
1042 2244 1148 2328 eraut)
1175 2265 1235 2308 nec
1261 2243 1302 2308 ab
1325 2257 1416 2330 tergo

366 2353 385 2395 e
410 2330 509 2395 uitem
529 2331 707 2408 sustineret,
724 2343 758 2395 et
776 2330 846 2417 ipsi,
862 2353 962 2417 quum
983 2331 1039 2395 diu
1059 2331 1093 2394 iu
1113 2331 1223 2395 orbern
1241 2351 1310 2394 sese
1329 2343 1416 2394 stau-

211 2425 352 2500 Vincuntur
368 2353 452 2482 tibus
471 2417 562 2502 equis
582 2417 806 2498 defendissent,
823 2416 863 2481 ad
884 2439 985 2481 unum
1004 2439 1114 2481 omnes
1133 2417 1217 2480 caesi
1236 2430 1331 2481 sunt:
1356 2437 1416 2480 nec

212 2489 325 2550 Hispani.
367 2503 537 2589 quisquam
557 2503 702 2588 peditum
722 2502 930 2590 equitumque
950 2503 1114 2590 superfuit,
1130 2503 1186 2589 qui
1207 2501 1240 2566 in
1256 2501 1338 2568 valle
1356 2524 1416 2590 pu·

367 2601 552 2673 gnaverunt
598 2588 708 2653 Tertia
736 2611 817 2675 pars,
847 2611 929 2675 quae
959 2589 992 2653 in
1022 2588 1101 2654 colle
1128 2589 1169 2652 nd
1198 2587 1415 2675 spectaculum

368 2672 468 2758 magis
491 2685 605 2747 tutum,
620 2695 718 2759 quam
741 2674 783 2738 ad
806 2689 927 2762 partem
951 2697 994 2761 pu
1040 2697 1077 2739 ae
1100 2674 1337 2760 capemendam,
1352 2689 1415 2738 ste·

368 2771 458 2836 terat,
473 2770 506 2822 et
521 2758 626 2822 locum
641 2772 674 2823 et
689 2770 814 2846 tempus
832 2761 873 2824 nd
886 2761 996 2847 fugien
1021 2783 1076 2824 um
1091 2759 1210 2825 habuit.
1257 2759 1414 2825 Intereos
1470 2813 1471 2850 ,

367 2856 401 2908 et
425 2843 527 2931 reguli
552 2843 613 2932 ipsi
714 2858 806 2924 runt3
835 2847 1019 2934 priusquam
1043 2859 1110 2911 tota
1132 2847 1415 2912 circumveniretur
1470 2881 1471 2904 t

260 2931 266 2950 '
302 2974 309 2991 ·
368 2931 460 3009 acies,
487 2931 571 2996 inter
594 2943 684 2996 tumu
699 2943 766 2995 tum
793 2931 899 3020 elapsi.
947 2931 1061 2998 Castra
1084 2932 1198 2998 eodem
1220 2931 1274 2996 die
1298 2931 1415 3020 Hispa-
1470 2937 1471 3021 l

368 3039 493 3094 norum,
508 3029 633 3104 praeter
653 3017 809 3104 reliquam
831 3018 992 3105 praedam,
1007 3041 1081 3082 cum
1103 3018 1204 3083 tribus
1222 3018 1324 3082 ferme
1346 3018 1415 3082 mil-

368 3104 450 3169 libus
483 3103 649 3168 hominum
681 3105 856 3191 capiuntur.
915 3105 1055 3170 Romani
1082 3105 1159 3170 socii
1183 3127 1223 3169 ue
1253 3105 1296 3169 ad
1329 3105 1415 3170 mille

253 3255 257 3262 ,
368 3189 499 3254 ducenti
513 3212 553 3254 eo
566 3189 687 3277 proelio
698 3190 900 3255 ceciderunt:
917 3191 1082 3256 vulnerata
1095 3127 1232 3278 amplius
1246 3191 1308 3255 tria
1318 3191 1417 3256 millia

368 3275 544 3341 hominum.
590 3274 702 3341 Minus
727 3289 860 3341 cruenta
884 3275 1016 3342 victoria
1040 3277 1160 3354 firisset,
1184 3277 1211 3341 si
1236 3279 1416 3364 patentiore

368 3383 491 3448 campo,
506 3361 595 3426 etad
608 3362 716 3450 fugam
731 3361 952 3449 capessendam
968 3361 1052 3427 facili
1066 3363 1148 3429 foret
1162 3377 1350 3464 pugnatum.

211 3453 361 3530 Mandpqius
411 3446 568 3526 Indibilis,
588 3448 720 3514 abiectis
741 3449 817 3514 belli
840 3447 989 3526 consiliis,
1009 3449 1091 3513 nihil
1111 3461 1210 3514 tutius
1233 3449 1268 3513 in
1290 3449 1418 3515 afflictis

210 3519 241 3566 ’ἃ
254 3519 345 3582 ⁸⁰¹P¹⁰
368 3535 462 3600 rebus
473 3547 605 3622 experta
615 3535 678 3600 fide
694 3548 728 3600 et
742 3534 911 3600 clementia
923 3533 1081 3622 Scipionis
1090 3549 1186 3612 ratus,
1200 3534 1417 3601 Mandonium

210 3597 352 3707 Zigalis,
366 3621 495 3686 frabent
519 3620 560 3685 ad
582 3643 654 3687 eum
677 3622 794 3688 mittit:
819 3621 885 3708 qui,
908 3621 1075 3686 advolutus
1097 3621 1243 3708 genibus,
1267 3621 1416 3688 ‘fatalem

369 3707 510 3773 ‘rabiem
533 3709 684 3795 temporis
707 3709 789 3772 eius’
812 3719 946 3784 accusat,
970 3715 1091 3795 ‘quum
1112 3707 1201 3771 velut
1223 3709 1416 3794 contagione

281 3847 284 3854 .
368 3793 527 3878 ‘quadam
550 3793 708 3880 pestifera,
729 3815 794 3858 non
819 3792 971 3880 Ilergetes
994 3791 1091 3858 modo
1114 3807 1148 3857 et
1169 3791 1336 3872 Lacetmri,
1360 3795 1416 3860 sed

368 3886 489 3943 ‘castra
517 3901 563 3964 qu
606 3903 646 3944 ue
677 3877 823 3942 Romana
851 3878 1044 3944 insanierint.
1092 3878 1191 3943 Suam
1220 3879 1355 3967 quidem
1384 3895 1415 3945 et

367 3961 492 4027 ‘fratris
513 3975 546 4028 et
563 3901 758 4051 iiiiquorum
778 3963 978 4050 popularium
1001 3987 1071 4030 eam
1093 3965 1313 4031 conditionem
1336 3989 1413 4044 eme,

397 4133 483 4182 8Nec
493 4131 598 4196 peditem
612 4133 871 4197 asroate11ntellige
904 4151 991 4184 norum
1014 4135 1099 4198 copiis,
1118 4134 1143 4182 in
1164 4133 1304 4195 equitatum
1323 4134 1412 4198 Hispe

365 4196 474 4258 peditem
498 4197 648 4254 Romanum,
669 4196 711 4257 qui
733 4197 822 4257 stratis,
843 4205 871 4246 ut
904 4215 963 4247 uum
984 4205 1089 4248 verterat
1106 4199 1237 4260 impetum,
1255 4203 1281 4246 et
1299 4213 1356 4247 cum
1372 4200 1411 4248 ad·

365 4273 424 4306 mox
451 4259 585 4316 subiicitur,
606 4259 763 4319 pedestribus·
780 4261 870 4323 Hispc-
905 4262 1241 4326 versst‘rorteimpugnabat.
1259 4261 1343 4314 cm.
