3002 4798
359 245 401 307 54
748 235 861 306 ΤῙΤΙ
892 235 1027 306 LIVlI

197 385 274 500 tt.
287 399 342 499 a:
361 377 1027 529 rutis
1047 374 1408 527 mturare

362 572 448 615 nona
467 487 567 614 idduae
589 485 655 614 didi
676 549 756 614 hora
775 485 976 700 eratuffirum
999 485 1237 648 Rffinuatne
1260 546 1409 648 quicquam

362 635 492 736 fatigato
513 635 624 714 milite,
635 649 809 738 postquam
830 659 853 700 n
940 657 1012 723 spes
1033 649 1100 700 erat
1121 646 1235 722 potum
1291 645 1408 706 castris

362 745 488 810 signum
503 735 645 810 receptur
659 721 759 787 dedit
808 721 906 798 Quod
921 723 976 786 ubi
993 719 1157 786 Hannibal
1176 719 1309 806 accepit,
1325 717 1410 781 laxa-

363 823 492 896 tamque
521 831 543 896 p
589 831 661 872 nam
691 821 725 872 et
758 831 916 873 recessum
945 831 965 873 a
992 808 1101 873 castris
1128 806 1219 883 vidit,
1249 800 1410 890 extemplo

363 896 523 982 equitibus
575 907 665 960 extra
689 894 842 982 laevaque
871 894 993 959 emissis
1021 895 1056 958 in
1084 889 1217 970 hos‘tem,
1243 892 1312 978 ipse
1338 909 1410 953 cum

363 981 508 1068 peditum
529 982 642 1046 robore
672 980 786 1045 mediis
815 981 923 1044 castris
946 980 1058 1068 erupit.
1105 979 1219 1066 Pugna
1247 999 1319 1042 ram
1348 973 1431 1039 ullae

363 1068 465 1168 magis
480 1090 581 1145 saeva,
597 1079 717 1132 etcum
728 1067 894 1152 utriusque
904 1065 1155 1167 partispernicie
1166 1064 1279 1130 clarior
1291 1061 1411 1138 firiaect,
1482 1077 1484 1198 A

363 1175 390 1217 ει
404 1153 535 1218 extendi
550 1175 620 1218 earn
639 1153 708 1218 dies
727 1154 762 1216 in
781 1153 913 1240 longum
933 1165 1070 1239 spatrurn
1089 1151 1220 1216 sivisset.
1266 1147 1346 1213 Nox
1360 1169 1412 1211 ac·

363 1261 494 1304 censum
509 1239 692 1323 ingentibus
706 1239 820 1303 animis
833 1237 989 1324 proelium
1004 1237 1141 1303 diremit.
1181 1234 1296 1322 Itaque
1310 1233 1412 1298 aerior

364 1347 535 1390 concursus
549 1325 619 1402 fuit,
632 1347 728 1412 quam
743 1324 874 1399 caedes3
897 1335 940 1402 et,
952 1324 1034 1389 sicut
1048 1321 1292 1410 aequataferme
1303 1341 1413 1407 pugna

363 1425 440 1490 erat,
455 1412 500 1477 ita
513 1411 603 1476 clade
617 1411 686 1499 pari
700 1411 872 1475 discessum
887 1422 943 1475 est.
981 1410 1035 1474 Ab
1050 1422 1164 1474 neutra
1176 1421 1266 1496 parte
1280 1427 1412 1471 sexcen·
1483 1423 1484 1470 ζ

365 1499 404 1562 tis
418 1497 490 1598 plus
527 1497 674 1574 aditibus,
690 1509 724 1561 et
738 1495 907 1561 dimidium
926 1495 995 1560 eius
1015 1496 1159 1582 equitum
1174 1494 1299 1559 cecidit.
1349 1491 1412 1558 Sed

365 1607 465 1649 maror
495 1521 659 1660 llomanis,
712 1605 785 1647 uam
816 1604 873 1670 pro
901 1603 1045 1659 numero,
1076 1582 1196 1646 iactura
1223 1579 1301 1645 fuit:
1338 1580 1413 1665 quia
1483 1603 1484 1662 1

365 1670 519 1757 equestris
541 1669 661 1733 ordinis
689 1605 820 1756 Hiquot,
843 1681 877 1734 et
898 1667 1018 1732 tribuni
1044 1667 1180 1732 militum
1202 1666 1358 1754 quinque,
1380 1681 1413 1730 et

364 1755 517 1842 praefecti
540 1756 696 1820 sociorum
720 1769 793 1832 tres,
820 1768 894 1819 sunt
918 1753 1085 1818 interlecti.
1133 1752 1318 1818 Secundum
1342 1771 1433 1818 cama

363 1863 504 1928 pugnam
521 1839 683 1906 Hannibal
704 1842 738 1905 in
758 1841 903 1929 Ligures,
922 1838 1127 1940 Sempronius
1145 1839 1267 1904 Lucam
1283 1861 1414 1904 conces-

363 1927 413 1991 sit,
459 1926 613 1992 Venienti
627 1928 662 1991 in
678 1927 814 2014 Ligures
829 1926 1005 1992 Hannibah
1024 1948 1082 2013 per
1101 1926 1230 1990 insidias
1243 1925 1414 2012 intercepti

363 2012 429 2078 duo
451 2029 633 2100 quaestores
656 2013 805 2091 Romani,
830 2012 869 2077 C.
882 2012 1012 2078 Fulvius
1033 2027 1068 2077 et
1084 2011 1123 2076 L.
1136 2011 1316 2088 Lueretius,
1339 2035 1414 2076 cum

363 2099 488 2164 duobus
503 2101 638 2165 tribunis
652 2099 800 2178 militum,
815 2113 849 2164 et
862 2100 1005 2187 quinque
1019 2099 1174 2186 equestris
1188 2097 1309 2162 ordinis
1322 2119 1414 2162 sena·

364 2199 468 2251 torum
483 2187 581 2251 ferme
602 2186 718 2264 liberis,
735 2209 799 2273 quo
820 2186 920 2272 magis
939 2197 1038 2250 ratam
1059 2185 1125 2250 fore
1145 2205 1219 2249 cum
1236 2182 1287 2248 his
1301 2205 1414 2272 pacem

364 2273 611 2360 societatemque
627 2273 781 2351 crederet,
796 2272 972 2337 traduntur.

253 2354 304 2415 60·
407 2359 498 2422 Dum
519 2359 598 2423 haee
620 2359 654 2422 in
676 2357 769 2423 Italia
789 2371 952 2446 geruntur,
976 2358 1037 2423 Cn.
1053 2358 1222 2425 Cornelius
1238 2357 1290 2424 Sci
1314 2359 1357 2435 io,
1379 2358 1414 2422 in

201 2437 344 2549 aggestae
364 2443 554 2531 Hispaniam
577 2466 651 2508 cum
672 2444 769 2509 classe
792 2459 825 2508 et
847 2445 988 2510 exercitu
1006 2445 1128 2524 missus,
1145 2467 1254 2532 quum,
1270 2381 1314 2510 ab
1334 2446 1414 2510 ostio
1482 2467 1483 2540 q

200 2503 336 2626 {ifflfgssm'
364 2529 517 2594 Rhodani
545 2529 714 2617 profectus,
745 2530 990 2618 Pyrenaeosque
1019 2525 1145 2596 montes
1173 2532 1413 2609 circumvectus,
1482 2549 1483 2586 1

201 2627 330 2690 Hispania
365 2615 525 2702 Emporiis
544 2615 716 2703 appulisset
736 2616 876 2694 classem,
893 2618 1037 2704 exposito
1057 2618 1102 2683 ibi
1122 2618 1274 2695 exercitu,
1290 2639 1415 2682 orstrsa
1482 2631 1483 2634 ’

364 2701 542 2779 Laeetanis,
559 2725 687 2767 omnem
709 2725 796 2767 oram
819 2725 920 2790 usque
943 2703 984 2768 ad
1006 2703 1134 2769 Iberum
1151 2704 1281 2781 flumen,
1297 2705 1413 2791 partim

363 2788 552 2853 renovandis
564 2788 775 2866 societatibus,
788 2789 902 2876 partim
917 2790 1008 2855 novis
1018 2790 1232 2868 instituendis,
1247 2789 1413 2856 Romanae

362 2873 493 2938 ditionis
514 2873 599 2941 fecit
659 2873 740 2940 Inde
763 2875 930 2941 conciliata
958 2876 1144 2942 clementiae
1166 2875 1259 2955 fama,
1281 2899 1351 2941 non
1373 2876 1414 2941 ad

363 2961 537 3026 maritimos
557 2959 653 3025 modo
673 2960 817 3048 populoS,
833 2960 899 3040 sed,
915 2962 950 3025 in
969 2962 1206 3028 mediterraneis
1226 2985 1358 3049 quoque
1377 2985 1414 3027 ae

364 3048 531 3125 montanis,
547 3047 588 3112 ad
609 3047 777 3112 ferociores
798 3048 861 3112 iam
883 3061 995 3135 gentes
1015 3049 1130 3114 valuit:
1154 3070 1215 3113 nec
1234 3071 1298 3137 pax
1317 3048 1414 3113 modo

363 3131 447 3219 apud
463 3155 528 3210 eos,
542 3133 599 3198 sed
613 3133 746 3198 societas
763 3134 859 3197 etiam
879 3156 1049 3213 armorum,
1064 3149 1173 3223 parate
1186 3149 1251 3200 cst:
1274 3134 1414 3200 validae·

386 3241 426 3282 ne
450 3218 572 3322 aliquot
595 3219 787 3285 auxiliorum
810 3219 954 3286 cohortes
977 3244 1018 3285 ex
1042 3221 1081 3286 iis
1106 3222 1303 3309 conscriptae
1327 3233 1411 3286 sunt.

363 3243 535 3370 Hannonis
550 3306 595 3370 cis
608 3305 737 3371 Iberum
758 3306 921 3394 provincia
934 3320 1018 3372 erat:
1043 3330 1117 3372 eum
1132 3307 1305 3393 reliquerat
1320 3305 1414 3372 Han-

363 3392 449 3456 nibal
471 3392 512 3457 ad
533 3392 671 3479 regionis
693 3393 761 3457 eius
789 3392 990 3493 praesidium.
1051 3393 1164 3480 Itaque
1194 3393 1291 3481 prius,
1315 3417 1413 3481 quam
1481 3447 1482 3476 3

362 3476 576 3543 alienarentur
597 3480 713 3556 omnia,
730 3481 854 3543 obvram
877 3479 1020 3548 cundum
1042 3493 1135 3558 ratus,
1153 3480 1261 3545 castris
1282 3481 1318 3544 in
1335 3503 1410 3545 con·
1481 3527 1482 3532 η

241 3629 249 3637 ,
361 3587 376 3627 s
418 3578 473 3629 ctu
502 3564 642 3629 hostium
667 3564 788 3650 positis,
812 3565 845 3628 in
871 3566 973 3630 aciem
996 3565 1118 3631 eduxit.
1165 3567 1236 3631 Nec
1263 3566 1413 3632 Romano
1481 3611 1482 3642 ,

362 3587 575 3714 dib'ercndum
605 3663 767 3714 certamen
801 3651 920 3716 visum:
960 3651 1038 3738 quip
1114 3653 1169 3740 qui
1202 3652 1306 3730 sciret,
1336 3675 1411 3717 cum

364 3733 526 3799 Hannone
541 3747 574 3798 et
590 3733 789 3800 Hasdrubale
809 3737 869 3801 ribi
888 3675 1106 3804 dimicandiim
1127 3761 1213 3816 esse3
1237 3737 1411 3826 malletque

363 3818 512 3883 adversus
533 3817 674 3906 singulos
703 3821 880 3908 separatim,
903 3847 998 3911 quam
1029 3824 1178 3890 adversus
1203 3825 1283 3890 duos
1305 3824 1411 3903 simul,

199 3915 291 3964 trenno
305 3914 352 3964 vio
361 3928 428 3969 rem
444 3927 562 3991 gerere.
602 3905 673 3970 Nec
688 3909 794 3993 magni
809 3910 989 3975 certaminis
1002 3933 1042 3976 ea
1054 3911 1216 3975 dimicatio
1230 3911 1298 3976 suit
1346 3911 1412 3978 Sex

197 3987 244 4028 ¹¹¹⁸*
361 3991 460 4058 millia
473 3990 611 4058 hostium
635 4015 734 4072 caesa,
750 3993 815 4059 duo
837 4008 929 4083 capta
950 4019 1023 4062 cum
1045 3997 1202 4084 praesidio
1217 4013 1410 4064 casuonrm:

391 4173 516 4233 4Pufflra
535 4185 594 4219 raro
613 4173 665 4219 sellu
684 4174 761 4232 napis
779 4174 865 4234 amna]
900 4173 1037 4225 Taenari.
1052 4175 1066 4224 i.
1081 4189 1117 4238 7¹·
1137 4177 1224 4238 Polyb.
1240 4175 1270 4224 vi.
1288 4175 1326 4226 τό.
1363 4177 1411 4225 Ee

358 4237 450 4296 Pupam
464 4251 522 4286 roro
537 4235 612 4296 magis
626 4237 700 4283 acatia
717 4251 747 4282 ex
765 4237 866 4286 coniect.
900 4239 955 4287 dem
978 4239 1060 4288 omnia
1081 4239 1106 4288 in
1129 4241 1214 4299 socios,
1232 4255 1295 4300 quae
1318 4241 1411 4292 tribuni
1480 4273 1481 4298 3

359 4300 466 4348 Gronov.
479 4300 610 4347 intextum
623 4299 715 4360 reecpit
728 4300 832 4348 Beklrer.
899 4303 1005 4352 militum
1017 4302 1043 4353 in
1055 4303 1128 4365 cives,
1139 4305 1310 4370 tuurpabant.⁴

392 4375 405 4428 5
419 4364 544 4424 Praefecti
555 4365 685 4424 suolmam]
711 4364 751 4412 De
763 4365 801 4413 his
813 4365 867 4414 vide
