3002 4798
395 195 491 262 LIR
516 195 629 262 xxm
665 193 776 261 CAP.
801 201 830 260 2.
1099 200 1140 261 63

84 343 146 406 est,
162 329 455 418 lectistemiumque
478 332 679 418 imperatum,
694 331 743 416 (et
758 351 831 396 eum
847 328 965 396 lectum
980 343 1140 398 senatores
1150 346 1185 398 U.
1197 347 1226 398 c.
1239 359 1295 410 535·

85 417 281 503 amaverunt)
296 432 329 482 et
343 417 523 483 convivium
537 415 720 505 publicum3
744 438 781 480 ac
795 438 853 503 per
861 417 972 482 urbem
990 415 1140 484 Saturna·
1149 411 1180 460 A.
1196 413 1227 462 ⁰·
1239 424 1295 472 αι7·

59 503 131 567 3lia
144 502 232 568 diem
247 526 284 568 ac
293 515 422 568 noctem
436 502 616 581 clamatum,
628 502 828 591 populusque
837 525 913 568 eum
923 502 1010 568 diem
1024 504 1141 570 festum

86 589 206 653 babere
222 612 259 654 ac
272 611 396 654 servare
412 589 446 654 in
460 601 651 677 perpetuum
666 590 777 654 iussus.

59 697 76 740 4
132 674 224 738 Dum
242 675 352 742 consul
397 675 537 741 lacandis
559 675 683 740 Romae
703 674 765 740 diis
782 675 995 763 habendoque
1013 676 1141 742 delectu
1208 675 1238 735 2·

86 759 146 824 dat
173 783 314 848 operam,
345 699 519 839 Hinnibal,
549 761 710 848 profectus
733 783 773 827 ex
802 761 953 840 hibernis,
977 763 1055 849 quia
1077 758 1278 832 iaml¹⁸¹¹¹¹lb²¹

88 845 282 912 Flaminium
297 847 460 912 consulem
473 847 638 912 Arretium
695 848 833 912 rvenisse
847 847 932 912 fama
946 861 1023 926 erat,
1040 871 1140 936 quum
1150 823 1276 949 Quam

61 932 179 997 5aliud
198 932 334 1020 longius,
353 945 494 999 cetorum
517 955 620 999 comm
667 934 724 1010 'us,
740 933 962 1000 ostenderetur
978 935 1049 1013 iter,
1067 957 1142 1022 pro-

87 1019 212 1170 piorem
227 1019 311 1084 viam
326 1042 383 1107 per
397 1019 547 1106 paludem
567 1020 658 1107 petit,
675 1042 740 1120 qua
753 1019 868 1085 fluvius
883 1022 993 1085 Arnus
1057 1043 1074 1084 r
1088 1043 1143 1086 eos

114 1106 160 1170 'es
173 1104 267 1171 solito
278 1105 378 1192 magis
387 1105 605 1171 inundaverat.
645 1105 807 1192 Hispanos
822 1117 855 1171 et
867 1106 972 1184 Afros,
982 1044 1143 1195 (ideomne

87 1191 233 1256 veterani
256 1204 324 1256 erat
350 1193 446 1258 robur
470 1191 643 1279 exercitus)
665 1191 816 1257 admixtis
841 1192 982 1280 ipsorum
1005 1193 1143 1342 impedi·

88 1277 218 1355 mentis,
238 1278 355 1344 necubi
374 1277 545 1344 consistere
563 1279 681 1343 coactis
700 1279 876 1344 necessaria
894 1279 936 1344 ad
955 1301 1030 1344 usus
1074 1301 1143 1344 ees·

88 1377 172 1441 sent,
187 1363 306 1450 primos
320 1364 367 1428 ire
381 1363 487 1430 iussit:
511 1364 602 1464 sequi
620 1363 739 1443 Gallos,
755 1377 791 1430 nt
805 1365 839 1429 id
849 1365 984 1452 agminis
999 1366 1142 1430 medium

88 1462 194 1526 esset3
217 1450 403 1516 novissimos
423 1451 470 1516 ire
490 1463 630 1537 equrtes:
655 1449 831 1538 Magonem
854 1451 930 1515 inde
950 1473 1024 1516 cum
1045 1473 1143 1538 expe-

88 1535 167 1600 ditis
196 1535 347 1600 Numidis
375 1558 488 1624 cogere
518 1559 642 1624 agmen,
667 1538 805 1602 maxime
837 1535 957 1614 Gallos,
982 1537 1009 1601 si
1037 1537 1143 1601 taedio

89 1621 207 1686 laboris
220 1621 399 1774 longaerppp
419 1624 489 1687 viae
504 1623 558 1710 (ut
571 1637 618 1687 est
634 1622 737 1688 mollis
756 1623 798 1688 ad
820 1623 894 1687 talia
912 1622 1007 1710 gens)
1021 1621 1143 1688 dilabe-

89 1719 204 1772 rentur
230 1719 288 1772 aut
315 1731 353 1772 su
390 1709 532 1786 isterent,
562 1709 774 1774 cohibentem.
821 1707 931 1786 Primi,
956 1731 1021 1796 qua
1046 1709 1142 1774 modo
1151 1720 1286 1796 maleam

114 1793 251 1859 recitent
266 1794 373 1872 duces,
385 1817 444 1882 per
458 1793 612 1882 praealtas
626 1793 715 1859 fluvii
730 1817 766 1859 ac
781 1793 953 1881 pmlundas
967 1796 1142 1883 voragines,
1151 1790 1197 1898 pq
1208 1799 1252 1846 ΡΗ
1265 1798 1306 1845 P*

89 1817 199 1945 liausti
219 1903 321 1967 paene
336 1880 413 1945 limo
432 1881 722 1981 immergentesque
738 1903 781 1959 se,
798 1891 904 1946 tamen
924 1882 1016 1969 signa
1030 1905 1144 1969 seque·
1160 1864 1178 1896 ¹¹
1196 1863 1229 1897 ω

90 1967 217 2032 bantur.
260 1965 347 2031 Galli
362 1989 468 2054 neque
482 1979 637 2031 sustinere
652 1989 685 2031 se
700 1965 847 2054 prolapsi,
860 1989 965 2054 neque
981 1990 1143 2068 assurgere

63 2057 135 2116 ⁶ex
157 2052 359 2153 voraginibus
380 2065 549 2141 poterant3
572 2065 628 2118 aut
649 2075 782 2139 corpora
802 2052 926 2130 animis,
945 2067 1001 2120 aut
1022 2076 1144 2118 ammos

90 2162 107 2204 s
172 2139 387 2204 sustinebant:
412 2139 466 2202 ulii
488 2138 570 2204 fessa
590 2159 684 2225 aegre
711 2137 872 2203 trahentes
893 2141 1053 2216 membra;
1079 2140 1143 2217 alii,

90 2161 149 2290 ulei
160 2223 258 2290 semel
272 2225 363 2290 victis
377 2225 484 2290 taedio
498 2224 612 2290 animis
625 2224 877 2311 procubuissent,
893 2225 977 2290 inter
990 2225 1143 2301 iumenta,

90 2323 127 2376 et
141 2311 211 2398 ipsa
224 2311 360 2376 iacentia
373 2311 499 2398 passim,
511 2309 700 2376 morientes:
724 2311 927 2397 maximeque
939 2311 1083 2390 omnium
1098 2312 1144 2376 vi·

90 2396 189 2485 giliae
205 2397 425 2475 conficiebant,
440 2419 499 2498 per
512 2395 720 2484 quatriduum
734 2397 797 2461 iam
812 2409 846 2461 et
861 2409 925 2462 tres
939 2409 1050 2462 noctes
1065 2397 1145 2462 tole-

90 2495 190 2549 ratae.
238 2484 359 2562 Quum,
371 2507 480 2549 omma
492 2482 710 2550 obtinentibus
724 2483 825 2570 aquis,
840 2482 930 2561 nihil,
941 2485 997 2548 ubi
1010 2485 1046 2548 in
1060 2485 1145 2550 sicco

90 2570 176 2635 fessa
190 2581 372 2644 sternerent,
381 2592 522 2657 corpora,
534 2569 670 2634 inveniri
778 2582 800 2647 t,
816 2569 984 2634 cumulatis
998 2571 1033 2636 in
1048 2593 1145 2658 aquas

90 2656 225 2721 sarcinis
254 2656 384 2743 insuper
409 2655 644 2720 incumbebant.
673 2697 685 2721 ι
709 2667 912 2721 umentorum
937 2656 1051 2721 itinere
1076 2668 1144 2722 toto

66 2755 321 2832 rprostratorum
346 2743 462 2830 passim
486 2741 590 2807 acervi
616 2755 750 2818 tantum,
775 2740 863 2828 quod
885 2755 1025 2808 exstaret
1092 2766 1142 2822 us,

118 2829 321 2894 naerentibus
335 2827 376 2892 ad
390 2828 533 2915 quietem
547 2827 635 2914 parvi
646 2841 712 2894 tem
755 2827 798 2892 ris
812 2829 1024 2894 necessarium
1038 2851 1079 2894 cu
1101 2829 1143 2893 ile

90 2853 221 2980 dabant.
267 2914 340 3002 Ipse
356 2913 529 2991 Hannibal,
545 2937 640 3014 aeger
658 2937 696 2979 oc
732 2914 740 2928 ‘
771 2937 813 2978 ex
828 2936 926 2979 verna
942 2915 1080 3002 primum
1094 2914 1144 2980 in·
1153 2925 1280 2976 Hannibal

91 3001 247 3088 temperie
267 3001 408 3066 variante
430 2999 549 3065 calores
565 2999 756 3088 ingoraque,
779 2999 959 3086 elephanto,
983 3001 1039 3088 qui
1061 3023 1144 3066 unus
1153 2991 1252 3066 ⁰⁰¹t¹¹¹3¹¹

90 3087 301 3175 superbierat,
325 3109 390 3173 quo
415 3086 509 3152 altius
534 3087 573 3150 ab
597 3109 681 3174 aqua
705 3098 852 3164 exstaret,
874 3099 1002 3163 vectus3
1030 3087 1144 3174 vigiliis
1153 3060 1251 3104 amrtm.
1323 3119 1325 3124 ·

92 3173 225 3240 tandem
250 3186 284 3238 et
312 3185 468 3238 nocturno
496 3172 630 3237 humore
655 3171 850 3259 palustrique
874 3171 965 3237 coelo
993 3190 1144 3260 gravante

93 3423 603 3542 affirmarit-‘tremere
635 3424 729 3549 “rt“
747 3437 791 3484 ¹²¹⁰
810 3423 914 3473 *m*
931 3427 960 3472 ‘¹‘
974 3439 1040 3486 ⁸⁰⁹¹·
1056 3423 1088 3474 i'·

93 3555 189 3619 colligit
200 3554 316 3617 quiequid
330 3555 378 3603 boe
393 3569 459 3603 anno
473 3569 602 3616 procumn·
669 3564 682 3613 5
695 3551 869 3600 Ostenderetar
876 3552 935 3612 iter]
948 3551 987 3600 De
995 3551 1041 3599 hoc
1051 3551 1147 3612 itinere,

93 3619 133 3670 dis
144 3619 212 3668 hisce
223 3618 337 3682 prodigiis
347 3617 440 3666 inetum
452 3623 496 3666 est.
513 3617 594 3666 Cnev.
635 3615 667 3664 of.
680 3615 768 3676 Polyb.
779 3613 812 3664 iii.
827 3615 865 3677 78,
879 3626 916 3678 79.

130 3698 144 3745 3
161 3684 319 3746 Populurque
326 3699 381 3732 eam
390 3683 550 3742 diemscatam
561 3681 605 3728 ba·
669 3676 685 3728 6
701 3681 756 3728 Aut
768 3693 870 3740 corpora
884 3679 986 3738 animis]
1006 3679 1065 3728 Huc
1078 3695 1145 3728 reto

93 3749 164 3808 hus]
184 3745 605 3796 HicSaturnulianovcedictomn-
638 3758 693 3791 care
711 3757 774 3816 opru
792 3747 829 3790 eat
845 3741 988 3803 paniculum
1007 3749 1146 3804 negantem,

93 3811 155 3870 cita,
164 3826 215 3860 uon
226 3815 279 3858 tunr
290 3810 397 3871 primum
412 3808 525 3857 instituta
534 3807 604 3856 intel·
638 3821 701 3867 quae
722 3821 748 3854 m
771 3805 972 3866 praecedentibus
993 3807 1146 3869 exprimitur.

93 3875 139 3936 ligi
155 3875 253 3923 debent.
287 3872 414 3935 Siquidem
429 3887 505 3934 supra
521 3871 546 3920 ii.
566 3885 604 3920 ar.
639 3869 1146 3931 ltaquesioexponendasunthaecverba,

93 3943 218 3988 trecentos
234 3937 284 3986 lars
299 3941 358 3986 ante
374 3951 451 3984 annos
466 3933 605 3984 institutum
638 3933 708 3994 quasi
723 3933 857 3994 legeretur:
876 3933 966 3994 Neque
979 3949 1081 3996 corpora
1095 3935 1146 3984 aui·

92 4017 150 4051 esse
168 4001 233 4050 diem
251 4001 340 4050 sertum
360 3997 500 4049 Suturrralia
522 3997 607 4048 Livius
639 3996 694 4056 mis,
712 4012 792 4058 neque
810 3996 905 4046 animm
922 4011 966 4059 spe
985 3999 1145 4048 sustiuebant.

93 4063 307 4116 iammemorarit.
335 4061 605 4123 VidehaederoLipa
638 4060 719 4110 Cass.

93 4129 220 4180 saturnal.
245 4127 261 4178 i.
285 4142 307 4176 a.
333 4128 415 4178 caan.
440 4127 472 4176 cs.
495 4125 606 4176 Macrob.
672 4124 773 4185 renati
795 4129 902 4172 arctaret
923 4125 1003 4188 aquo]
1037 4123 1146 4172 Tantum

93 4193 221 4243 Summal.
232 4193 249 4240 i.
264 4206 299 4242 rc
639 4186 721 4249 spatii,
734 4192 853 4247 quantum
870 4201 954 4234 eorum
971 4202 1050 4248 aquae
1064 4203 1147 4252 super·

129 4275 145 4318 4
161 4257 329 4319 Haemusque
337 4254 442 4313 mecm]
465 4253 548 4315 Vulgo
559 4252 606 4300 die·
639 4249 765 4309 emineret,
777 4265 820 4311 pro
832 4249 907 4298 crrbili
916 4251 1015 4300 dabant.

93 4321 272 4383 trahendam,
280 4319 346 4370 unde
354 4318 471 4368 tralmdo
479 4315 606 4368 Draknsd
