2874 4772
335 206 398 268 326
725 196 838 264 ΤΙΤΙ
864 195 1002 263 LIVII

182 353 259 404 Μ.
275 337 456 424 medioque
483 336 631 401 Romano
675 311 812 412 vrareerat,
839 335 981 400 intentus
1010 332 1045 398 in
1071 355 1184 398 omnes
1211 334 1370 398 occasio

183 422 214 468 A.
230 419 259 470 ⁰·
276 431 331 466 ²¹⁰·
340 423 497 514 gerendae
519 423 576 500 rei,
601 420 640 487 C.
656 357 813 499 iamiam,
835 421 1007 508 impigrum
1030 419 1145 497 vinum,
1167 443 1247 484 cum
1275 419 1306 484 d
1338 450 1376 475 οι1

341 510 480 578 millibus
501 520 693 574 armatorum
706 531 750 573 cx
763 531 834 574 aree
850 508 964 573 emisit
1010 505 1088 584 Qui,
1104 529 1184 593 vage
1201 508 1337 572 effusos
1363 538 1370 563 ·

342 620 432 686 agros
446 595 629 684 palatosque
644 595 782 673 adortus,
798 617 899 683 quum
913 594 971 660 diu
989 593 1105 682 pamim
1118 593 1314 670 cecidisset,
1341 624 1376 651 u·

342 705 396 750 cos
410 706 451 748 ex
466 682 583 760 multis,
599 682 723 770 trepida
737 683 812 833 Ἢ»
825 680 1004 746 incidentes
1017 680 1218 781 semiapertis
1233 703 1284 768 po
1313 711 1332 735 a

342 771 471 848 foribus,
487 769 522 834 in
537 770 648 835 urbem
662 792 756 856 comp
791 769 827 847 it,
843 791 885 832 ne
900 769 975 832 urbs
989 767 1103 833 eodem
1122 781 1253 867 impetu
1272 791 1360 854 cape
1383 812 1388 817 -

344 873 404 923 tur.
450 857 500 922 Ita
521 868 674 957 aequatae
696 879 747 920 res
768 856 810 921 ad
827 854 1022 932 Tarentum3
1046 853 1205 919 Romanis
1224 854 1384 919 victorii>

345 958 437 1022 terre,
453 943 636 1009 Tarentinis
651 943 738 1008 mari.
784 941 949 1006 Frumenti
963 963 1044 1029 spes,
1059 963 1142 1028 quae
1165 941 1205 1005 in
1228 941 1343 1006 oculis

345 1044 422 1109 erat,
437 1044 589 1117 utrosque
603 1029 749 1094 inrsuata
763 1029 889 1116 pariter.

240 1128 292 1186 40.
388 1116 453 1182 Per
466 1116 553 1182 idem
564 1129 630 1181 tem
653 1138 690 1180 us
701 1115 860 1181 Laevinus
870 1115 991 1193 consul,
1003 1115 1065 1179 iam
1079 1137 1198 1201 inagna
1214 1127 1316 1202 parte

189 1205 545 1286 aetnaei-circumacta,
561 1203 595 1267 in
612 1139 762 1280 Siciliam,
777 1202 936 1268 veteribus
950 1200 1104 1288 novisque
1118 1201 1219 1266 sociis
1235 1225 1256 1266 e

189 1275 323 1338 ΜΕΝ·
346 1305 408 1368 tus,
422 1313 523 1378 quum
538 1289 684 1366 venisset,
699 1289 838 1377 primum
860 1311 897 1353 ac
918 1289 1116 1376 potissimum
1131 1289 1289 1353 omnium
1312 1295 1405 1382 ratini

348 1376 510 1467 Syracusis
529 1398 613 1441 nova
632 1397 710 1463 pace
730 1374 907 1440 inconditas
921 1397 1111 1462 componere
1125 1397 1186 1440 res.
1321 1377 1329 1389 '
1405 1418 1406 1464 q

345 1477 416 1530 tum
437 1462 523 1541 inde,
539 1462 627 1550 quod
648 1461 725 1527 belli
745 1462 904 1549 reliquum
926 1473 1003 1539 erat,
1023 1461 1269 1550 tenebaturque
1290 1487 1314 1528 a
1360 1485 1407 1540 nb,

346 1549 592 1636 thaginiensium
613 1548 719 1614 valido
740 1547 906 1637 praesidio,
924 1548 1018 1612 duxit
1039 1547 1051 1611 l
1092 1548 1191 1613 'ones
1245 1549 1295 1616 Et
1319 1550 1408 1628 alirit,

346 1637 474 1701 fortuna
487 1636 624 1735 incepto.
670 1635 791 1702 Hanno
806 1650 873 1700 erat
887 1635 1057 1723 imperator
1098 1635 1398 1736 arthaginiensirm.

347 1722 404 1788 sed
419 1743 546 1786 omnem
561 1743 596 1784 m
611 1720 741 1787 Mutine
757 1720 971 1810 Numidisque
991 1741 1080 1809 spem
1101 1737 1289 1809 repositam
1312 1725 1409 1794 habe-l

348 1810 411 1874 bat
456 1807 520 1873 Per
541 1820 640 1874 totam
664 1807 803 1874 Siciliam
820 1831 918 1896 vagus
939 1807 1070 1895 praedas
1094 1809 1214 1896 agebat
1242 1833 1291 1876 ex
1317 1812 1397 1876 socii:

349 1896 585 1961 Romanorum:
613 1918 719 1982 neque
741 1894 910 1960 intercludi
932 1895 972 1960 ab
994 1894 1175 1982 Agrigento
1198 1897 1235 1960 vi
1260 1913 1322 1964 aut
1343 1915 1396 1962 am

348 1982 422 2059 ulla,
449 2005 519 2060 nec,
543 1982 623 2068 quin
648 1996 838 2069 erumperet,
865 1982 920 2046 ubi
941 1980 1046 2058 vellet,
1072 1981 1243 2068 prohiberi
1273 1999 1395 2073 poterat

349 2069 440 2134 Haec
456 2069 524 2134 eius
543 2067 652 2156 gloria,
667 2069 744 2156 quia
764 2069 828 2134 iam
850 2067 1047 2155 imperatoris
1061 2091 1194 2155 quoque
1214 2069 1328 2138 famae
1342 2073 1396 2137 uffi-

348 2157 461 2233 ciebat,
476 2171 635 2243 postremo
649 2155 684 2220 in
697 2155 850 2220 invidiam
865 2155 972 2232 vertit3
995 2166 1087 2219 utne
1102 2156 1188 2220 bene
1203 2173 1324 2244 gestae
1339 2160 1396 2246 qui·

348 2243 423 2308 dem
438 2266 488 2308 res
503 2243 566 2308 iam
582 2240 737 2308 Hannoni
753 2256 884 2330 propter
898 2255 1056 2306 auctorem
1072 2242 1147 2306 satis
1161 2241 1277 2310 laetae
1293 2265 1394 2312 essent

348 2328 484 2416 Propter
503 2352 585 2416 quae
606 2343 765 2416 postremo
786 2328 1014 2417 praefecturam
1036 2327 1105 2392 eius
1125 2328 1197 2394 filio
1222 2353 1289 2398 ario
1309 2333 1394 2408 dedit

348 2429 443 2493 ratus,
459 2437 533 2480 cum
550 2415 594 2480 im
637 2415 684 2480 rio
698 2415 916 2480 auctoritatem
932 2437 1060 2516 quoqne
1082 2415 1114 2479 ei
1135 2415 1227 2482 inter
1242 2417 1395 2484 Numida

349 2515 541 2588 erepturum.
623 2502 687 2567 uod
704 2501 799 2589 longe
821 2501 913 2566 aliter
929 2513 1044 2567 evenit.
1090 2500 1178 2566 Nam
1195 2519 1348 2572 venerem
1361 2507 1395 2570 u-

1262 2593 1394 2746 rur

192 2735 316 2784 tmuium.
350 2759 480 2824 nuntios
502 2759 588 2824 misit
612 2759 653 2825 de
679 2761 833 2828 tradendo
859 2699 1046 2850 Agrigento.
1092 2762 1157 2828 Per
1180 2785 1272 2852 quos
1297 2783 1335 2834 ut
1357 2785 1393 2831 est

349 2846 432 2912 faeta
445 2847 535 2924 fides,
550 2847 806 3000 compositusque
828 2849 875 2913 rei
895 2849 1052 2936 gerendae
1074 2849 1200 2929 modus,
1219 2853 1391 2940 portamni

350 2955 436 2998 mare
459 2934 614 2999 serentem
640 2933 742 3000 Numi
767 2958 803 3000 ae
825 2958 926 3022 quum
951 2949 1167 3024 occupassent,
1194 2939 1306 3038 pul·
1330 2941 1390 3006 inde

350 3020 542 3098 custodibus,
560 3034 615 3086 aut
629 3022 736 3100 caesis,
752 3022 916 3087 Romanos
930 3021 972 3087 ad
992 3022 1027 3088 id
1045 3022 1150 3112 ipsum
1168 3046 1289 3092 mimos
1303 3029 1338 3092 in
1351 3049 1390 3092 ur·

349 3108 424 3174 bem
438 3121 636 3196 aeceperunt
683 3107 726 3174 Et
740 3131 841 3209 quum
855 3109 981 3196 agmine
1001 3109 1065 3174 iam
1083 3111 1118 3173 in
1134 3110 1250 3177 media
1263 3116 1350 3180 urbis
1361 3138 1389 3178 ac

349 3194 452 3260 forum
468 3217 583 3282 magno
598 3195 738 3260 tumultu
751 3209 858 3274 netur,
874 3208 960 3260 ratus
975 3194 1094 3262 Hanno
1109 3219 1176 3262 non
1190 3197 1297 3278 aliud,
1307 3223 1387 3290 quan

350 3280 523 3346 tumultum
545 3305 581 3347 ac
603 3283 821 3360 secessionem,
836 3282 870 3350 id
886 3283 973 3370 quod
990 3296 1024 3348 et
1044 3295 1117 3348 ante
1137 3284 1314 3366 acciderat,
1330 3287 1386 3352 Nu-

350 3367 507 3432 midamm
536 3391 613 3445 esse,
645 3368 688 3433 ad
715 3391 787 3433 com
810 3369 985 3435 timendam
1014 3369 1204 3435 seditionem
1235 3377 1382 3460 procesit

351 3453 461 3540 Atque
483 3453 547 3531 ille,
563 3477 663 3542 quum
685 3455 715 3520 ei
737 3391 907 3521 multitudo
930 3457 1037 3534 maior,
1053 3479 1150 3544 quam
1168 3457 1383 3536 Numidarum,

349 3539 460 3627 procul
474 3541 549 3619 visa,
564 3555 598 3606 et
614 3540 732 3607 clamor
752 3541 917 3608 Romanus
938 3543 1187 3630 haudquaquam
1206 3545 1383 3633 ignotnsad

350 3649 441 3692 aures
459 3627 632 3706 accidisset,
648 3629 745 3716 prius,
760 3652 857 3715 quam
871 3629 1027 3694 edictum
1042 3630 1097 3695 teli
1111 3631 1249 3711 veniet,
1264 3637 1395 3723 capemssu

381 3779 396 3827 8
412 3781 569 3844 Sarniopartia
580 3815 602 3830 ..
614 3797 646 3832 no
656 3784 715 3831 urba
725 3818 746 3832 ..
758 3797 855 3845 couro-
888 3797 956 3845 spem
973 3783 998 3831 in
1010 3783 1108 3832 Mutine
1118 3783 1252 3846 repositam
1265 3787 1383 3836 munuc

349 3843 504 3954 rurJLiIimc
521 3846 649 3894 verborum
669 3846 855 3957 m'lrlomtponem
887 3861 945 3896 eum
966 3847 1076 3909 profecto
1091 3863 1148 3923 ‘non
1170 3847 1290 3899 irrita-st
1314 3853 1383 3900 ahian

348 3919 532 4045 {duffii
539 3912 854 4030 tarutius&
887 3911 1382 4042 {usitatissimis

348 4038 480 4096 mrapertas
498 4035 572 4084 fluns
593 4041 717 4096 portarurn
736 4037 807 4096 iores,
823 4055 855 4088 ne
887 4044 957 4102 paret
974 4055 1005 4088 ex
1022 4039 1127 4102 iisquae
1143 4049 1288 4103 sequuntm.
1320 4044 1380 4092 flmc

348 4099 405 4146 urbs
417 4113 433 4146 a
444 4097 564 4148 Romanis
574 4100 659 4149 eodem
671 4109 797 4163 caperetur
809 4103 853 4151 im·
888 4103 1006 4152 Gronovii
1022 4105 1218 4154 emendationem
1236 4107 1318 4156 firmat
1331 4123 1381 4156 mu

348 4168 415 4222 petu
885 4169 982 4217 eColb.
994 4182 1045 4217 urs.
1057 4173 1119 4218 teste
1133 4169 1262 4230 Doulado,
1278 4177 1303 4218 et
1317 4171 1380 4220 mur

379 4227 536 4286 chbabot]
559 4226 601 4275 Ita
619 4227 701 4290 plures
719 4242 771 4280 uss.
804 4229 853 4278 Sed
886 4231 996 4280 omnium
1012 4233 1069 4282 Put,
1089 4235 1230 4294 Hacine,
1242 4235 1379 4286 Oroden«

348 4286 486 4338 Gronovius
503 4291 632 4350 habebant,
650 4307 683 4340 sc.
700 4293 851 4354 Carthagini·
886 4293 993 4345 Bekker.
1004 4304 1171 4359 mpomemut

348 4364 425 4411 enses,
440 4354 588 4414 emendavit,
603 4355 696 4418 quippe
715 4356 851 4414 Humani
920 4373 930 4407 r
948 4361 990 4409 sd
1005 4362 1080 4412 utum
1096 4363 1150 4422 att]
1170 4361 1316 4412 luculentior
1329 4365 1379 4412 base
