3002 4798
346 253 384 313 12
618 217 620 222 ’
727 242 839 310 rrrr
868 223 1003 308 Lrvrr

182 393 216 442 U.
227 391 257 442 c.
270 403 324 454 534·
345 382 499 448 minuitur
512 381 706 469 exspectatio
725 395 874 446 extemae
889 382 975 469 opis;
999 403 1098 469 quum
1114 394 1178 446 tam
1192 379 1302 468 procul
1317 379 1391 444 Ro·

180 458 211 506 A.
228 458 258 508 ⁰·
271 455 325 505 ²¹⁸·
345 471 440 546 mani,
460 469 554 533 unica
571 491 650 556 spes,
672 468 755 533 circa
773 469 879 533 omnia
897 468 1033 533 hostium
1051 483 1164 533 essent
1209 467 1391 553 Paullisper

345 570 451 621 tamen
468 557 595 621 affectos
609 556 731 620 animos
745 555 898 620 recreavit
912 556 1078 642 repentina
1092 553 1243 642 profectio
1260 552 1391 617 Hanni-

344 642 423 707 balis
437 643 471 706 in
488 641 644 708 Oretanos
660 641 935 730 Carpetanosque:
960 642 1015 728 qui
1030 642 1094 706 duo
1150 641 1227 729 puli,
1244 639 1390 704 delectus

345 729 514 794 acerbitate
535 729 735 807 consternati,
752 729 881 794 retentis
903 663 1174 815 conquisitoribris,
1191 739 1310 791 metum
1328 725 1390 790 de-

344 816 490 880 fectionis
504 839 603 904 quum
618 815 842 903 praebuissent,
858 837 900 902 op
922 815 997 878 ressi
1012 815 1170 879 celeritate
1186 811 1390 889 Hannibalis,
1491 889 1492 892 Ἴ

280 947 288 965 .
346 903 519 968 omiserunt
541 915 626 967 mota
647 925 741 967 arma
798 901 869 976 Nec
894 838 1026 988 degunti
1047 901 1240 988 oppugnatio
1261 899 1392 985 segnior

346 1001 422 1066 erat,
439 987 633 1066 Maharbale,
650 987 841 1052 Himilconis
855 986 931 1065 filio,
947 987 1036 1074 (cum
1053 987 1245 1074 praefecerat
1260 983 1391 1049 Hanni-

345 1075 413 1162 bal)
428 1076 472 1139 ita
485 1075 618 1163 impigre
634 1097 699 1140 rem
716 1088 839 1161 agente,
852 1088 888 1138 ut
899 1074 1013 1139 ducem
1025 1075 1132 1138 abesse
1147 1097 1207 1139 nec
1221 1074 1314 1149 cirea,
1325 1093 1390 1136 nec

347 1161 452 1226 hostes
473 1164 635 1226 sentirent
695 1160 727 1225 Is
749 1176 782 1225 et
803 1160 922 1248 proelia
943 1161 1063 1247 aliquot
1087 1159 1226 1225 secunda
1245 1159 1330 1234 fecit,
1352 1172 1390 1223 et

347 1248 446 1312 tribus
460 1249 609 1313 arietibus
620 1248 816 1334 aliquantum
832 1248 912 1310 muri
923 1247 1068 1312 discussit
1076 1271 1085 1323 3
1108 1259 1266 1333 strataque
1281 1245 1391 1310 omnia

347 1335 526 1399 recentibus
551 1334 651 1398 ruinis
675 1334 856 1399 advenienti
882 1333 1056 1398 Hannibali
1081 1332 1226 1397 ostendit.
1272 1331 1389 1419 Itaque

347 1421 500 1510 adipsum
517 1443 619 1486 arcem
635 1421 795 1508 extemplo
814 1420 927 1485 ductus
947 1421 1112 1496 exercitus,
1128 1431 1280 1506 atroxque
1295 1441 1391 1506 proe-

347 1507 425 1572 lium
447 1531 520 1572 cum
543 1507 713 1572 multorum
737 1508 895 1593 utrimque
911 1507 1006 1572 caede
1021 1507 1146 1584 initum,
1162 1519 1194 1570 et
1215 1529 1287 1594 pars
1308 1505 1391 1569 arcis

347 1608 439 1744 caplta
453 1606 509 1659 est.

185 1688 239 1737 Pax
252 1688 340 1736 suarm
422 1693 529 1745 entata
543 1680 660 1745 deinde
716 1703 732 1743 r
746 1680 825 1744 duos
839 1694 887 1744 est
901 1680 1017 1767 exigua
1031 1681 1116 1766 pacis
1130 1701 1211 1778 epea,
1229 1678 1388 1742 Alconem

184 1759 287 1802 tenuta
350 1767 570 1854 Saguntinum,
594 1780 627 1831 et
650 1766 681 1830 A
694 1790 802 1832 orcum
829 1765 1017 1853 Hispanum.
1065 1765 1179 1843 Alcon,
1200 1765 1308 1828 insciis
1332 1763 1391 1829 Sa·
1491 1735 1492 1810 l

346 1853 497 1942 guntinis,
513 1853 658 1940 precibus
672 1853 793 1940 aliquid
807 1867 966 1917 motunun
980 1866 1075 1930 ratus,
1092 1875 1190 1939 quum
1206 1851 1247 1915 ad
1263 1850 1390 1914 Hanni·

346 1940 450 2005 balem
465 1953 561 2004 noctu
582 1941 751 2018 transisset,
767 1953 934 2027 postquam
955 1940 1035 2003 nihil
1049 1939 1194 2004 lacrimae
1209 1939 1387 2014 movebant,
1491 1971 1492 2066 q

346 2026 607 2113 conditionesque
623 2027 736 2104 tristeS,
749 2040 785 2090 ut
799 2027 838 2090 ab
854 2026 932 2091 irato
944 2025 1071 2104 victore,
1083 2026 1273 2101 ferebantur,
1289 2037 1415 2093 trans-4
1491 2071 1492 2104 r

346 2114 421 2265 baga
443 2135 483 2178 ex
505 2126 627 2178 oratore
648 2114 758 2191 factus,
782 2112 867 2201 apud
888 2112 1009 2176 hostem
1033 2113 1163 2189 mansit3
1200 2111 1388 2175 moriturum
1491 2117 1492 2122 ’

347 2225 366 2266 a

399 2223 512 2277 nuans,
529 2201 584 2287 qui
599 2202 658 2265 sub
672 2200 905 2265 conditionibus
919 2199 968 2262 his
983 2200 1023 2263 de
1039 2222 1116 2300 pace
1132 2212 1245 2286 ageret.
1274 2197 1389 2262 Postu-

346 2288 470 2353 labatur
490 2301 605 2365 autem,
620 2286 791 2352 redderent
810 2309 859 2350 res
874 2286 1082 2362 Turdetan1s3
1107 2284 1283 2371 traditoque
1302 2284 1388 2348 omni

347 2396 423 2439 auro
446 2387 540 2459 atque
561 2386 701 2460 argento,
717 2373 832 2460 egressi
853 2373 930 2436 urbe
949 2395 1023 2436 cum
1042 2372 1174 2459 singulis
1194 2369 1388 2435 vestimentis

348 2459 393 2524 ibi
414 2458 602 2534 habitarent,
618 2459 673 2523 ubi
694 2459 823 2523 Poenus
844 2459 990 2522 iussisset
1037 2457 1105 2522 Has
1126 2458 1212 2545 pacis
1233 2456 1319 2544 leges
1334 2457 1388 2522 ab·

348 2557 467 2631 nuente
489 2544 612 2609 Alcone
634 2557 817 2631 accepturos
837 2543 1037 2631 Saguntinos
1054 2545 1198 2621 Alorcus,
1214 2543 1299 2608 vinci
1321 2542 1388 2607 ani·

348 2653 425 2708 mos,
442 2629 496 2695 ubi
511 2630 573 2694 alia
585 2631 761 2708 vincantur,
777 2630 942 2708 affirmans,
955 2653 987 2696 se
1062 2632 1088 2695 is
1102 2629 1170 2696 eius
1184 2631 1412 2717 interpretems

348 2717 415 2782 fore
434 2716 608 2805 pollicetur.
655 2716 733 2782 Erat
752 2731 856 2782 autem
878 2731 946 2782 tum
966 2741 996 2781 m
1022 2741 1055 2782 ea
1076 2716 1281 2792 Hannibalis3
1305 2730 1413 2782 cete-6

349 2826 420 2868 rum
448 2803 573 2891 publice
606 2803 628 2869 S
669 2805 788 2868 untinis
816 2803 935 2868 amicus
963 2817 1058 2891 atque
1087 2804 1209 2892 hospes
1255 2801 1386 2868 Tradite

349 2890 452 2978 palam
468 2890 532 2956 telo
546 2903 634 2955 custo
668 2891 727 2955 bus
741 2890 889 2968 hostium,
905 2905 1112 2991 transgressus
1126 2891 1332 2967 munimenta,
1348 2887 1387 2952 ad

349 2991 526 3063 praetorem
551 2975 761 3064 Saguntinum
776 2977 824 3062 (et
845 2977 911 3064 ipse
934 2977 979 3040 ita
999 2976 1143 3064 rubebat)
1156 2991 1203 3042 est
1224 2975 1385 3040 deductus

353 3063 428 3138 Quo
473 3087 548 3130 uum
572 3063 731 3150 extemplo
753 3085 922 3128 concursus
950 3064 1053 3127 omnis
1074 3065 1198 3150 generis
1223 3062 1385 3128 hominurn

349 3163 432 3214 esset
450 3087 562 3227 iactus,
585 3162 741 3216 summota
762 3164 867 3215 cetera
887 3149 1101 3227 multitudine,
1124 3161 1250 3214 senatus
1272 3149 1388 3214 Alorco

241 3243 291 3303 13.
350 3235 441 3302 datus
463 3249 527 3302 est:
551 3238 641 3302 cuius
663 3236 733 3302 talis
755 3237 854 3302 oratio
875 3235 943 3302 fuit.
990 3237 1045 3302 ‘Si
1060 3237 1136 3301 civis
1154 3249 1258 3301 vester
1273 3235 1385 3311 Alcon,

186 3325 270 3403 alorci
281 3341 331 3373 ⁰1⁸·
351 3323 449 3389 ‘sicut
464 3323 504 3388 ad
518 3347 629 3411 pacem
691 3324 819 3390 tendam
839 3324 880 3388 ad
900 3322 1113 3389 Hannibalem
1134 3323 1232 3400 venit,
1246 3322 1291 3386 ita
1305 3321 1387 3410 pacis

186 3398 221 3440 ‘¹⁰
230 3393 260 3441 ‘¹⁶
271 3405 340 3453 ΡΜ·
351 3411 566 3476 ‘conditiones
581 3413 620 3476 ab
637 3347 817 3477 Hdnnibale
829 3411 869 3475 ad
881 3434 935 3476 vos
946 3410 1112 3488 retulisset,
1124 3430 1388 3497 supervacaneum

349 3497 428 3563 ‘hoc
458 3497 536 3562 mihi
565 3497 675 3563 fuisset
704 3499 772 3576 iter,
796 3521 861 3584 quo
886 3520 947 3562 uec
970 3509 1074 3562 orator
1104 3495 1303 3573 Hannibalis,
1330 3517 1388 3559 nec

350 3585 528 3672 ‘nansfuga
542 3583 583 3648 ad
597 3607 653 3648 vos
666 3584 830 3648 venissem.
867 3582 976 3658 Quum
991 3582 1054 3660 ille,
1070 3595 1125 3648 aut
1138 3595 1249 3660 vestra,
1265 3595 1320 3646 aut
1334 3603 1390 3646 sua

350 3671 471 3758 ‘culpa
488 3669 638 3734 manserit
659 3669 744 3755 apud
765 3670 898 3747 hostem,
921 3669 963 3756 (si
985 3681 1104 3734 metum
1127 3668 1295 3746 simulavit,
1315 3691 1387 3743 sua3

350 3767 481 3832 ‘vestra
498 3755 523 3818 si
538 3755 714 3841 periculum
736 3768 784 3820 est
805 3754 891 3842 apud
911 3777 967 3820 vos
987 3779 1062 3821 vera
1083 3754 1306 3842 referentibus)
1320 3777 1387 3842 ego,

351 3851 410 3905 ‘ne
425 3843 617 3928 ignoraretis
634 3863 699 3906 esse
720 3841 840 3930 aliquas
859 3855 892 3907 et
911 3841 1018 3907 salutis
1033 3856 1066 3907 et
1079 3843 1165 3931 pacis
1179 3842 1267 3907 vobis
1281 3841 1390 3907 condi-
1491 3865 1492 3870 ¹

382 4031 397 4074 4
416 4013 556 4074 Troaqt'upa
579 4027 610 4060 ea·
636 4017 731 4062 oratore
752 4013 849 4074 soctan]
916 4011 932 4062 6
949 4013 1060 4062 Οοεεηιηι
1068 4015 1166 4076 publice
1174 4014 1321 4076 wastinis
1331 4013 1389 4060 oml-

352 4079 427 4126 Orare
445 4075 564 4134 desinens,
581 4091 614 4124 sc
631 4076 779 4138 transfugam
799 4091 853 4139 pro-
885 4093 928 4126 cur
938 4085 1010 4140 atque
1018 4079 1114 4140 lampae]
1135 4077 1175 4126 lta
1186 4092 1282 4139 quoque
1293 4091 1388 4138 snpra.

350 4143 426 4190 fessus
436 4139 584 4202 estquippe
598 4139 692 4200 quieas
705 4139 855 4189 conditiones
887 4143 925 4190 28.
955 4143 1114 4190 Timasitheus
1137 4144 1280 4203 Liparemr'a
1306 4142 1390 4202 hospes

350 4205 442 4254 civibus
452 4204 501 4253 suis
513 4219 646 4266 proponere
657 4219 706 4252 non
718 4205 823 4254 auderet.
881 4207 968 4268 populi
983 4207 1184 4266 Romenlsactru
1198 4213 1240 4255 est.
1273 4206 1387 4256 Ceterum

383 4283 396 4334 5
413 4271 485 4330 Alta]
500 4268 565 4328 Alia,
576 4273 603 4316 ut
614 4269 853 4331 semeptisum,
884 4269 972 4331 hospes
993 4268 1018 4317 id
1040 4269 1105 4331 qnod
1124 4271 1191 4332 apud
1210 4271 1318 4320 Graecos
1336 4267 1388 4331 apel

349 4341 430 4384 cetera
455 4333 575 4382 dicuntur.
619 4333 711 4392 Muros,
738 4349 853 4395 annaque
886 4336 948 4393 ξενος
960 4339 1019 4382 erat

350 4397 464 4461 intelligit
476 4397 576 4446 Douiat.
