2966 4778
391 227 452 290 148
773 221 887 291 ΤΙΤΙ
913 221 1049 288 LIVII

234 366 310 418 tte.
327 357 539 431 536.lennibus
567 357 721 424 libarent:
776 360 968 448 oculumque
998 360 1085 425 idem
1114 359 1264 426 sacerdoti
1289 381 1357 436 ene,
1377 381 1417 431 aer

233 433 265 484 Δ*
281 433 312 484 ⁰·
328 431 382 482 ²¹⁶·
392 445 504 532 templi
513 445 714 510 antistitibus
767 447 863 512 raeda
871 469 999 534 quoque
1008 447 1096 511 hsud
1107 448 1209 512 minor
1220 445 1322 523 Gallis,
1330 467 1402 532 quan

389 530 611 609 victoriafuit.
659 531 743 597 Nam
759 534 818 597 etsi
828 555 1026 620 magnapsrs
1037 533 1220 599 animalium
1231 547 1324 619 strage
1332 532 1403 596 silvae

390 640 539 705 oppressa
553 629 630 696 erat,
646 631 753 684 tamen
767 633 890 684 ceterae
906 642 965 697 res,
982 621 1057 706 quia
1071 619 1151 684 nihil
1166 619 1338 706 dissipamm
1350 618 1404 703 iuga

391 717 448 780 est,
465 717 578 770 stratae
600 728 804 791 peromnem
822 707 954 771 iacentis
968 707 1102 793 agminis
1125 706 1267 771 ordinem
1287 706 1403 769 inuentae

391 803 473 856 sunt

326 931 334 948 .
437 877 509 942 Hae
518 879 665 943 nuntiata
679 877 778 955 clade,
791 900 890 965 quum
905 901 963 966 per
972 878 1040 944 dies
1051 879 1168 945 multos
1182 879 1217 942 in
1228 891 1310 943 tanto
1317 897 1403 964 pavore

392 964 502 1030 fuisset
516 964 635 1042 civitas,
652 978 698 1042 ut,
711 965 848 1030 tabernis
863 965 986 1043 clausis,
997 965 1086 1030 velut
1099 976 1255 1030 nocturna
1268 962 1404 1029 solitudine

391 1074 449 1140 per
464 1052 573 1117 urbem
589 1065 667 1128 acta,
683 1063 810 1116 senatus
824 1051 980 1116 aedilibus
994 1052 1158 1138 negotium
1173 1050 1270 1129 daret,
1282 1064 1316 1114 ut
1322 1050 1404 1114 ruben

392 1137 606 1215 circumirent,
618 1138 797 1225 aperirique
812 1138 967 1214 tabernas,
979 1150 1012 1202 et
1027 1138 1200 1203 maestitiae
1213 1137 1346 1226 publicae
1355 1157 1405 1222 spe

391 1223 474 1287 ciem
497 1224 569 1288 urbi
591 1222 677 1288 demi
706 1223 871 1301 iuberent3
903 1237 971 1288 tum
997 1223 1049 1288 Ti.
1065 1223 1270 1311 Sempronius
1293 1234 1405 1287 semum

392 1309 514 1386 habuit,
537 1309 780 1396 consolatusque
802 1309 914 1374 Patres
936 1323 993 1386 est,
1016 1305 1050 1375 et
1071 1309 1265 1388 adhortatus,
1287 1319 1350 1385 ‘ne‚
1367 1305 1405 1392 qui

394 1394 579 1460 ‘Cannensi
594 1396 704 1461 ruinae
723 1418 789 1461 non
804 1396 1053 1473 succubuissent,
1069 1397 1110 1460 ad
1130 1397 1268 1462 minores
1281 1394 1406 1461 olamu-

393 1491 460 1547 ‘tes
474 1483 597 1548 animos
607 1482 850 1548 summitterent.
884 1481 1419 1570 Quodstnrthaginienseshostesr

393 1567 692 1657 ‘Hannibalemque
713 1569 837 1646 attinet,
853 1591 1004 1657 prospera
1024 1567 1120 1634 modo
1140 1582 1256 1647 essent,
1271 1569 1343 1634 sicut
1358 1586 1407 1651 spe

394 1663 497 1718 ‘reret
519 1655 636 1732 futura,
661 1655 822 1720 Gallicum
847 1654 966 1720 bellum
988 1669 1022 1720 et
1042 1656 1148 1720 omitti
1171 1668 1242 1722 tuto
1264 1669 1296 1721 et
1318 1647 1408 1718 differri

393 1749 502 1828 ‘posse
515 1765 523 1805 ι
547 1740 766 1828 ultionemque
781 1764 852 1806 eam
865 1741 985 1806 fiendis
999 1742 1034 1806 in
1049 1741 1182 1806 deorum
1196 1765 1235 1808 ac
1250 1739 1349 1830 populi
1361 1737 1407 1802 llo·

394 1827 500 1890 ‘mani
510 1839 668 1926 potestate
683 1828 759 1892 fore.
805 1827 858 1892 De
874 1828 964 1893 hoste
979 1827 1091 1893 Poeno
1106 1829 1358 1913 exercitibusque,
1369 1843 1408 1909 per

395 1921 493 2001 ‘quos
508 1913 543 1978 rd
554 1912 673 1978 bellum
688 1927 858 2000 gereretur,
871 1913 1115 1979 consultandum
1129 1927 1227 2016 atque
1239 1906 1408 2006 agitandun'

393 1999 466 2086 Ipse
477 1999 626 2088 primum,
639 1999 718 2087 quid
731 2000 876 2087 peditum
892 2001 1111 2088 equitumque,
1128 2001 1208 2089 qmd
1223 2002 1341 2075 civium,
1370 1991 1408 2058 tud

392 2087 549 2152 sociorum
566 2087 600 2151 in
614 2086 851 2151 exercituesset
866 2086 1038 2164 dictatoris,
1050 2087 1206 2152 disseruit
1255 2087 1334 2152 Tum
1399 2113 1408 2126 ·

392 2172 493 2238 cellos
522 2195 649 2238 suarum
684 2173 846 2259 copiarum
879 2195 1037 2238 summam
1072 2175 1228 2261 exposuit.
1289 2170 1366 2248 Quid
1386 2167 1408 2230 in

395 2259 515 2346 Apulis
529 2283 603 2324 cum
622 2259 663 2324 C.
677 2259 831 2324 Terentio
851 2258 980 2324 consule
995 2271 1086 2337 esset,
1102 2283 1121 2324 a
1140 2261 1251 2347 peritis
1266 2257 1408 2347 quaesitum

392 2358 450 2410 est
497 2343 875 2423 Nec‚1mdeconsulares
895 2346 1053 2410 exercitus
1067 2348 1142 2411 satis
1159 2347 1244 2411 firmi
1259 2346 1298 2412 ad
1316 2354 1409 2410 tantum

394 2430 514 2496 bellum
529 2431 739 2508 efficerentur,
754 2432 893 2496 inibatur
911 2432 1000 2496 ratio.
1046 2431 1161 2520 Itaque
1178 2432 1322 2508 Galliam,
1336 2447 1409 2580 ἔξω·
1440 2451 1441 2502 l

394 2538 490 2603 quam
507 2515 689 2580 stimulabat
708 2517 790 2582 iusta
810 2519 865 2595 ira,
882 2517 985 2583 omitti
1006 2541 1046 2584 eo
1060 2541 1145 2584 anno
1166 2519 1294 2606 placuit.
1376 2533 1409 2608 er·
1440 2543 1441 2556 ¹

394 2603 476 2667 citus
490 2602 651 2668 dictatoris
663 2602 786 2668 consuli
801 2604 947 2669 decretus
962 2617 1018 2670 est
1065 2604 1117 2669 De
1129 2607 1273 2671 exercitu
1288 2595 1408 2670 Mutela

395 2688 451 2774 qui
466 2709 577 2752 eorum
592 2711 633 2752 ex
647 2689 723 2775 fuga
736 2689 901 2756 Cannensi
913 2703 1027 2769 essent,
1039 2692 1073 2755 in
1091 2691 1231 2757 Siciliam
1246 2715 1299 2758 eos
1309 2681 1408 2756 traduci,

394 2786 491 2860 atque
513 2772 559 2838 ibi
584 2773 729 2852 militare,
753 2775 857 2841 donec
882 2777 917 2840 in
938 2776 1032 2842 Italia
1056 2777 1176 2842 bellum
1200 2793 1292 2856 esset,
1310 2769 1408 2878 placuit

395 2859 520 2925 Eodem
536 2882 577 2924 ex
589 2860 750 2926 dictatoris
759 2861 937 2948 legionibus
948 2863 1035 2929 reiici
1052 2863 1185 2928 militem
1196 2865 1317 2929 minimi
1328 2875 1409 2947 quem·

395 2969 458 3034 que
473 2947 603 3024 roboris,
619 2946 707 3012 nullo
721 2949 907 3035 praestituto
923 2949 1053 3014 militiae
1069 2963 1134 3014 tem
1177 2973 1222 3028 re,
1239 2951 1299 3015 nisi
1311 2948 1358 3034 qui
1373 2940 1421 3004 sti-²

396 3033 584 3119 pendiorum
614 3033 828 3120 legitimorum
857 3047 948 3100 esset.
1006 3036 1100 3101 Duae
1188 3037 1276 3102 'ones
1303 3035 1408 3099 urbana?

396 3117 484 3183 alteri
501 3119 634 3196 consuli,
650 3121 706 3206 qui
721 3121 756 3183 in
771 3119 876 3186 locum
891 3120 930 3185 L.
944 3120 1101 3187 Postumii
1116 3145 1152 3187 su
1177 3135 1266 3188 ectus
1280 3133 1360 3194 emet,
1372 3114 1409 3176 di*

394 3217 500 3270 cretae
515 3219 606 3271 sunt:
629 3228 779 3293 eumque,
794 3229 899 3292 quum
911 3208 1048 3294 primum
1060 3208 1153 3274 salvis
1167 3209 1312 3310 auspiciis
1324 3210 1409 3293 posti

395 3292 496 3356 creari
523 3291 651 3379 placuit.
696 3292 856 3378 Legiones
885 3307 1048 3379 praeterea
1076 3294 1155 3360 duas
1205 3317 1286 3360 rrmo
1313 3303 1408 3378 quoque

397 3390 539 3464 tempore
554 3400 595 3442 ex
618 3377 726 3442 Sicilia
744 3379 858 3443 acciri:
882 3392 979 3465 atque
997 3380 1073 3445 inde
1094 3317 1213 3458 consul,
1229 3381 1282 3446 cu'i
1302 3377 1422 3464 legionesi

397 3463 535 3528 urbanae
558 3465 746 3541 evenissent,
765 3464 903 3530 militum
917 3479 1057 3530 sumeret
1075 3481 1232 3553 quantum
1253 3487 1328 3554 opus
1344 3468 1408 3526 esset

400 3548 439 3614 C.
452 3549 606 3614 Terentio
620 3549 743 3614 consuli
758 3550 923 3637 propagari
938 3551 972 3614 in
992 3573 1114 3618 annum
1128 3553 1312 3640 imperium:
1332 3560 1422 3629 neque*

430 3775 446 3823 9
463 3761 629 3822 Paulumque
639 3762 702 3810 idem
712 3762 829 3810 scandali
840 3761 904 3820 esre]
939 3761 959 3810 si
973 3762 1028 3823 quis
1042 3762 1152 3826 legitima
1167 3762 1296 3826 stipendis,
1303 3745 1408 3808 willerii·

400 3822 494 3871 Vocem
510 3839 568 3881 aas,
580 3823 645 3884 quod
663 3823 688 3871 iu
703 3838 742 3874 us
756 3825 827 3874 Harl.
845 3823 906 3873 desi·
938 3824 1000 3887 giuti
1011 3832 1076 3886 octo,
1087 3827 1237 3876 confecisset.

400 3885 506 3944 deretur,
516 3885 608 3934 omittit
620 3885 726 3935 Beklrsr.
972 3903 986 3951 3
1001 3893 1085 3953 Atque
1098 3893 1155 3942 inde
1167 3892 1268 3942 round.
1322 3873 1407 3935 mm]

436 3963 446 3995 r
466 3951 536 4006 Quod
544 3952 577 3996 nd
587 3950 800 4010 Carthaginienses
807 3987 813 4000 .
821 3984 828 3999 .
837 3985 843 4000 .
852 3953 907 4000 otti·
941 3953 1072 4003 Grandem
1083 3989 1122 4004 ...
1133 3969 1237 4014 sowa,
1248 3961 1275 4003 ut
1288 3953 1346 4001 idern
1356 3953 1408 3992 W

400 4013 454 4072 net]
472 4013 597 4062 Autaeret
604 4027 634 4060 ex
646 4013 742 4061 emend.
754 4012 861 4063 Gronov.
872 4030 907 4063 re-
941 4017 1324 4078 turorationistenoaexconiect.
1331 4013 1408 4062 Gr⁰¹¹⁰l¹

400 4075 482 4140 posuit
490 4075 597 4135 Betthar,
605 4080 633 4123 ut
640 4091 713 4136 qnam
721 4091 805 4124 rocam
812 4077 908 4140 exigere
940 4081 1048 4143 reposuit
1059 4081 1166 4132 Beklrer.

400 4139 478 4190 oratio
495 4137 595 4200 obliqua
608 4139 738 4200 rideretur,
749 4141 791 4189 sed
801 4140 907 4190 similem
971 4162 987 4205 4
1003 4147 1145 4208 Propopcrt
1155 4149 1183 4196 in
1194 4162 1284 4196 onnam
1299 4128 1406 4204 inpotlffll

401 4203 518 4266 loquendi
530 4217 622 4252 morem
634 4204 722 4252 rideris
731 4219 796 4265 supr.
808 4204 833 4252 ii.
846 4205 884 4254 28.
940 4207 1072 4257 decennius
1089 4215 1115 4258 et
1140 4210 1229 4259 deinde
1253 4208 1294 4258 alii
1313 4198 1407 4254 θᾶῑᾶθω1

434 4281 447 4316 2
465 4269 523 4316 Nr'sr'
538 4269 580 4330 qut
597 4269 785 4328 stipendiorum]
805 4268 861 4316 Nisi
876 4268 907 4327 ei,
937 4274 1076 4332 proroyort,
1098 4273 1180 4334 idque,
1202 4273 1313 4336 quoniam
1332 4255 1406 4326 Ψ
