2874 4772
346 207 441 275 LIB.
465 207 595 275 XXVI.
632 209 744 276 CAP.
768 216 819 277 32.
1047 217 1110 280 317

26 369 43 420 7
57 351 68 382 ‘
77 343 252 422 crederem,
268 344 407 430 potiores
417 343 523 410 habui.
571 344 649 410 Non
659 347 734 412 estis
745 348 882 412 extremi
899 346 1112 435 Syracusano·
1122 361 1156 414 U.
1167 362 1197 414 c.
1213 359 1272 426 54²3

56 438 162 508 ‘rum,
187 431 308 518 quippe
332 430 389 516 qui
412 430 482 495 aliis
507 430 720 498 humilitatem
745 433 910 499 obiiciatis.
958 433 1041 510 Quis
1063 428 1151 500 estL
1168 427 1198 478 ⁰·
1214 441 1269 478 ²¹⁰⁵

58 525 231 594 ‘vestrum
247 517 304 604 qui
322 539 355 580 se
370 515 450 580 mihi
469 529 575 604 portas
589 533 784 606 aperturum,
798 520 856 607 qui
874 533 1009 586 armatos
1028 520 1113 586 mili·

58 611 130 669 ‘tes
144 625 231 668 meos
245 603 280 668 in
295 602 404 667 urbem
421 617 625 689 accepturum
645 607 848 692 promiserit?
873 606 994 673 Odistis
1008 620 1041 672 et
1054 629 1112 672 ex-

59 689 252 755 ‘secramini
266 711 330 765 eos,
346 689 402 776 qui
422 688 576 767 fecerunt,
591 703 625 756 et
639 713 680 756 ne
696 691 748 756 hic
764 693 895 778 quidem
911 693 1111 758 contumeliis

59 777 118 841 ‘in
132 799 185 840 eos
200 775 344 840 dicendis
359 775 503 862 parcitis:
529 789 653 840 tantum
669 777 767 854 abest,
779 791 860 844 utet
874 779 934 865 ipsi
950 778 1011 843 tale
1021 779 1112 866 quic·

59 863 178 949 ‘quam
193 861 305 926 facturi
320 861 449 926 fueritis.
494 860 569 948 Ipsa
588 862 749 927 humilitas
768 886 888 941 eorum,
905 864 1015 930 Patres
1035 888 1111 930 con-

59 948 200 1034 ‘scripti
223 970 318 1034 quam
345 947 397 1012 isti
419 948 584 1025 obiiciunt,
608 950 747 1014 maximo
768 964 955 1037 argumento
978 965 1036 1028 est,
1059 973 1110 1016 me

59 1034 255 1110 ‘neminem
275 1033 331 1120 qui
353 1047 499 1098 navatam
521 1057 648 1121 operam
670 1035 715 1100 rei
739 1035 861 1102 ublicae
880 1050 1005 1102 nostrae
1024 1036 1110 1114 velit,

60 1129 261 1185 ‘aversatum
273 1142 348 1184 esse.
396 1119 450 1198 Et,
459 1133 630 1208 antequam
641 1059 818 1188 obsiderem
836 1122 858 1187 S
956 1146 1013 1200 saa,
1023 1146 1111 1188 nuuc

60 1207 197 1294 ‘legatis
216 1206 389 1283 mittendis»,
405 1229 491 1272 nunc
508 1206 549 1270 ad
569 1207 763 1294 colloquium
781 1232 846 1274 eun
870 1232 899 1286 o,
916 1210 1035 1274 tentavi
1055 1233 1111 1296 pa·

61 1301 172 1359 ‘cemr
196 1304 238 1370 et,
250 1306 418 1393 postquam
430 1314 536 1380 neque
548 1292 668 1380 legatos
676 1294 817 1359 violandi
826 1295 1018 1361 verecundia
1032 1309 1109 1372 erat,

61 1389 146 1445 ‘nec
161 1379 239 1443 mihi
254 1379 315 1465 rpei
329 1401 389 1444 con
446 1401 495 1444 sso
510 1378 552 1443 ad
566 1393 672 1467 portas
686 1402 759 1445 cum
770 1381 967 1468 principibus
981 1405 1110 1483 respon·

60 1475 154 1530 ‘sum
177 1464 319 1542 debatur,
343 1488 398 1529 mu
412 1465 451 1530 tis
475 1478 560 1530 terra
582 1467 725 1554 marique
755 1467 915 1534 exhaustis
939 1467 1109 1547 laboribus,

60 1551 213 1616 ‘tandem
227 1551 259 1616 vi
274 1563 370 1638 atque
385 1551 479 1616 armis
495 1551 664 1638 Syracusas
678 1577 715 1618 ce
738 1555 758 1618 i.
807 1554 899 1630 Quae
914 1554 1014 1642 captis
1028 1556 1111 1622 acci·

26 1639 199 1714 8‘derint,
223 1637 309 1725 apud
339 1635 553 1703 Hannibalem
583 1654 617 1704 et
644 1577 924 1728 Carthaginienses
945 1641 1109 1729 victosque

60 1725 205 1802 ‘iustius
226 1746 322 1811 quam
342 1723 427 1810 apud
446 1724 573 1789 victoris
592 1724 702 1813 populi
720 1740 874 1804 senatum,
891 1742 1106 1827 quererentur.

60 1810 165 1898 ‘Ego
188 1810 298 1875 Patres
319 1809 498 1958 conscripti,
523 1809 692 1898 Syracusas
717 1813 864 1899 spoliatas
886 1835 912 1877 sr
938 1826 1110 1900 negaturus

59 1907 71 1937 ⁶
80 1919 193 1975 essem,
203 1919 367 1984 nunquam
383 1918 439 1983 spo
452 1897 490 1960 iis
504 1919 612 1961 earum
628 1898 738 1962 urbem
761 1897 896 1963 Romam
912 1921 1108 1964 exornarem.

61 1993 72 2024 ‘
84 1983 179 2059 Quae
204 1997 311 2049 autem
332 1981 464 2069 singulis
486 1983 587 2047 victor
608 1995 663 2048 aut
685 1983 800 2061 ademi,
824 1997 879 2048 aut
900 1983 985 2060 dedi,
1008 2007 1108 2070 quum

60 2070 162 2135 ‘belli
183 2071 262 2146 iure,
284 2081 352 2134 tum
372 2090 414 2133 ex
433 2067 586 2154 cuiusque
605 2070 728 2146 merito,
743 2069 817 2134 satis
835 2070 900 2134 scio
918 2091 970 2134 me
987 2068 1107 2134 secisse.

26 2157 137 2232 9‘Ea
153 2179 209 2222 vos
228 2169 296 2220 rata
315 2153 466 2231 habeatis,
482 2154 593 2220 Patres
612 2156 792 2242 conscripti,
808 2178 868 2220 nae
889 2155 988 2242 magis
1002 2156 1109 2242 reipu-

60 2252 74 2283 ‘
84 2242 186 2308 blicae
196 2243 336 2316 interest,
349 2263 444 2326 quam
455 2261 533 2304 mea
580 2239 658 2304 Mea
666 2242 786 2328 quippe
797 2241 878 2305 fides
892 2241 1037 2306 exsoluta
1045 2254 1106 2306 est:

60 2329 125 2394 ‘ad
139 2326 364 2415 rempublicam
375 2326 525 2413 pertinet,
537 2349 578 2391 ne
594 2339 664 2391 acta
675 2349 746 2391 mea
756 2325 976 2403 rescindendo,
986 2326 1064 2392 alios
1074 2327 1109 2392 in

60 2426 245 2503 ‘posterum
265 2413 425 2500 segniores
440 2411 537 2478 duces
551 2413 680 2478 faciatis.
728 2411 771 2477 Et
789 2413 940 2499 quoniam
955 2436 1060 2480 coram
1075 2427 1110 2478 et

60 2500 263 2566 ‘Siculorum
282 2513 314 2565 et
329 2521 400 2564 mea
419 2499 515 2564 verba
534 2498 674 2576 audistis,
691 2498 801 2564 Patres
819 2499 940 2564 conseri
964 2500 998 2578 ti,
1013 2499 1109 2564 simul

58 2585 201 2687 ‘templo
212 2585 412 2662 excedemus,
428 2598 474 2662 ut,
484 2608 535 2650 me
550 2585 689 2664 absente,
704 2584 833 2652 liberius
848 2608 924 2650 cons
960 2587 1108 2652 ’senatus

59 2673 198 2762 ‘possit’
241 2671 292 2738 Ita
305 2671 441 2736 dimissis
458 2670 581 2749 Siculis,
597 2683 630 2737 et
649 2672 716 2759 ipse
734 2673 769 2738 in
786 2671 981 2773 Capitolium
995 2671 1036 2737 ad
1052 2671 1108 2738 de-

56 2763 180 2827 lectum
200 2759 350 2824 discessit.
399 2755 522 2823 Consul
540 2758 619 2823 alter
633 2758 673 2823 de
692 2757 857 2846 postulans
873 2758 1052 2824 Siculorum
1066 2758 1108 2823 ad
1206 2805 1217 2824 .

28 2875 42 2909 ι
58 2849 173 2914 Patres
183 2844 300 2912 retulit.
338 2843 389 2910 Ibi
400 2865 499 2931 quum
512 2843 568 2909 diu
576 2845 617 2909 de
629 2845 795 2910 sententiis
806 2858 960 2910 certatum
973 2857 1064 2921 esset,
1074 2857 1108 2910 et

57 2954 257 3020 magnopere
266 2944 403 3008 senatus,
415 2930 558 3030 principe
570 2931 822 2996 eiussententiae
833 2931 872 2996 T.
889 2929 1014 2996 Manlio
1026 2930 1108 2995 Tor-

83 3032 169 3097 uato,
187 3027 278 3083 ‘cum
299 3031 311 3082 t
335 3039 442 3082 ranms
455 3015 574 3080 bellum
598 3016 775 3102 gerendum
794 3016 910 3092 fuisse,’
930 3030 1107 3094 censerent,

58 3115 70 3146 ‘
105 3105 225 3172 ostibus
244 3117 278 3169 et
321 3124 567 3191 yracusanorum
586 3117 620 3166 et
639 3123 681 3187 po
704 3101 748 3166 uli
767 3101 919 3166 Romani:
944 3114 977 3166 et
996 3102 1108 3166 urbem

24 3223 43 3258 α
58 3192 190 3292 ‘recipi
205 3213 271 3256 non
288 3190 377 3276 capi:
400 3202 434 3253 et
447 3201 607 3274 receptam
621 3124 743 3273 legihus
758 3186 898 3274 antiquis
912 3199 946 3252 et
963 3186 1108 3254 libertate

57 3277 222 3354 ‘stabdiri
232 3299 296 3341 non
306 3275 418 3340 fessam
428 3272 606 3339 miseranda
616 3272 765 3337 servitute
777 3271 860 3337 bello
869 3272 974 3360 affligi.
1018 3271 1109 3340 Inter

57 3375 70 3406 ‘
82 3379 292 3452 tyrannorum
302 3375 335 3428 et
343 3361 433 3426 ducis
449 3359 589 3425 Romani
600 3359 782 3436 certamina,
794 3359 970 3445 praemium
982 3358 1108 3425 victoris

53 3461 69 3494 ⁴
80 3451 119 3518 in
140 3449 247 3518 medio
266 3449 401 3537 positam
422 3447 535 3512 urbem
557 3444 801 3532 pulcherrimam
823 3467 861 3512 ao
881 3445 1108 3512 nobilissimam

93 3713 108 3763 7
124 3702 235 3750 Extremi
245 3697 466 3762 Syracusanorum]
485 3711 517 3745 sc.
526 3695 567 3744 In·
601 3694 677 3746 Doer.
689 3699 772 3743 autem
788 3692 932 3756 simpliciter
944 3694 1013 3746 dedit
1027 3695 1110 3758 victor,

55 3765 135 3813 limae
148 3763 212 3812 iuter
222 3765 387 3826 Syracusanos
397 3760 475 3820 sortis,
486 3766 514 3809 ut
525 3758 568 3821 qui
600 3759 667 3820 quod
678 3758 787 3808 Colbert.
799 3758 893 3820 probat.

54 3827 156 3878 hierico
170 3834 195 3876 et
206 3827 285 3876 Sosidi
301 3825 466 3874 humilitatem
481 3839 568 3886 expro·
632 3824 706 3887 913a
722 3838 764 3871 eoa
779 3829 836 3870 rata
852 3822 974 3881 halatis]
994 3821 1110 3887 Intelliga

53 3891 131 3941 betis
166 3890 230 3939 Vult
245 3890 311 3940 mim
329 3889 463 3938 Marcellus
474 3888 569 3946 dicere;
600 3894 637 3946 ut,
649 3901 679 3934 ex
691 3901 759 3934 more
769 3887 903 3934 admodum
915 3885 1012 3934 usitato.
1028 3887 1109 3940 cerv,

53 3971 138 4018 quum
150 3969 193 4003 vos
208 3960 234 4004 et
250 3953 296 4028 ipsi
312 3969 344 4004 ex
360 3951 511 4015 principibus
525 3951 542 4000 S
558 3979 568 3988 -
640 3964 650 3998 1
669 3952 709 3998 Da
727 3951 865 4011 meantia]
899 3949 1109 4012 Praepositionem

52 4033 234 4071 racusanorum
252 4017 312 4077 utis,
328 4031 389 4080 quos
406 4017 491 4064 urbem
535 4013 540 4026 '
561 4012 567 4026 “
600 4014 732 4062 delendam
744 4019 826 4062 censet
838 4013 945 4066 Gronov.
957 4029 1031 4076 quam
1044 4016 1109 4066 Bek-

52 4081 193 4132 tradituroa
206 4082 280 4130 husee
296 4080 400 4140 iactatis,
411 4079 466 4142 quia
480 4085 517 4130 eat
528 4093 567 4127 re·
600 4077 646 4130 ker
656 4083 755 4126 secutus
765 4082 809 4126 est.

54 4153 137 4196 nerum
150 4151 196 4195 etc
214 4145 337 4195 Rascnro.
633 4156 647 4190 a
664 4143 760 4203 haupt,
776 4157 827 4190 noo
841 4142 910 4203 capi]
938 4141 1053 4204 Intellige
1070 4158 1110 4190 ro-

96 4211 113 4258 8
135 4211 272 4273 thoaqroe]
302 4211 379 4257 Viator
394 4223 475 4258 meum
493 4221 525 4255 ex
544 4221 568 4254 e
601 4207 815 4267 cemoportm'ara,
830 4219 894 4266 quae
912 4203 939 4254 in
954 4205 1111 4257 antecedenti

52 4272 219 4324 mandatione
247 4271 373 4330 Gronovii,
400 4271 458 4320 licet
484 4269 569 4317 nullus
599 4269 902 4332 parendumsuiraelatet.

56 4337 142 4388 codex
162 4337 318 4399 astipuletur,
334 4335 442 4400 reposrdt
461 4333 568 4384 Bekker.
