2966 4778
365 196 426 262 174
752 189 866 258 ΤΙΤΙ
893 189 1030 258 LIVII

207 340 241 392 U.
253 341 283 392 ο.
299 352 354 404 5³7·
363 325 476 392 eodem
494 290 606 390 'animo
627 325 754 390 moenia
775 335 964 402 tutarentur,
988 348 1053 412 quo
1075 347 1134 412 pro
1157 347 1190 390 se
1213 341 1418 426 pugnantem

205 407 238 458 Α·
254 405 284 456 ⁰·
300 411 547 478 ²¹⁵·Romauum
573 411 748 478 exercitum
769 411 931 488 vidissent,
954 409 995 476 ad
1020 423 1122 476 castra
1146 433 1287 476 maxrma
1312 434 1420 498 oppu-
1467 449 1468 466 r

407 497 499 574 anda,
524 497 640 584 quibus
666 495 848 562 Hasdrubal
872 509 1026 583 praeerat,
1050 495 1181 562 ducunt.
1228 497 1355 562 Eodem
1383 513 1420 562 et

386 605 428 648 uo
456 583 564 659 duces,
589 596 622 648 et
646 582 712 648 duo
737 582 896 648 exercitus
923 581 1247 669 Carthaginiensium,
1273 584 1321 647 ibi
1348 605 1418 648 rem

205 687 314 738 Romani
362 690 519 734 summam
539 669 590 756 agi
609 681 784 745 cernentes.
800 682 1026 734 convenerunt
1072 667 1184 756 Itaque
1205 669 1376 755 eruptione
1399 693 1418 733 e

205 753 270 800 “³¹¹⁸
281 766 330 800 ω’
363 754 471 820 castris
485 766 661 841 pugnaturn
676 768 732 820 est.
780 753 953 841 Sexaginta
972 754 1110 820 hostium
1129 753 1230 819 millia
1249 777 1289 818 eo
1308 754 1364 818 die
1382 757 1418 818 in

205 815 349 940 ffiffffi?
362 862 471 990 pugna
489 840 627 918 fuerunt,
648 840 809 906 sexdecim
829 839 955 906 circiter
975 839 1136 915 Romanis.
1183 840 1311 904 Tamen
1335 841 1418 905 adeo
1468 824 1469 856 r

206 945 258 990 unt.
385 925 449 990 aud
463 925 561 992 dubia
571 925 702 992 victoria
715 925 785 1003 fuit,
797 939 834 990 ut
847 923 954 1012 plnres
968 948 1111 1003 numero,
1123 948 1219 1013 quam
1234 925 1299 1012 ipsi
1314 941 1418 1000 erant,

363 1011 502 1077 Romani
525 1011 664 1078 hostium
687 1011 880 1078 occiderint:
904 1011 1048 1099 ceperint
1070 1011 1205 1097 amplius
1229 1011 1292 1076 tria
1316 1013 1419 1076 millis

362 1096 538 1174 homiuum,
553 1097 660 1184 paullo
677 1097 783 1165 minus
803 1095 889 1162 mille
904 1119 1070 1185 equorum,
1085 1096 1345 1184 undesexaginta
1359 1099 1420 1162 nri-

362 1182 465 1247 litaria
479 1183 577 1270 signa,
593 1197 715 1283 septem
730 1181 926 1270 elephantos,
939 1183 1081 1270 quinque
1096 1183 1130 1248 in
1144 1181 1267 1270 proelio
1282 1183 1417 1248 ocouis:

363 1268 517 1354 trinisque
546 1281 654 1336 castus
683 1291 723 1333 eo
747 1268 800 1334 die
826 1269 920 1356 potiti
945 1281 1029 1332 aunt.
1083 1267 1220 1354 Iliiturgi
1246 1269 1419 1334 obsidione

362 1351 503 1432 liberato,
530 1353 571 1422 ad
596 1353 719 1423 Intibili
744 1354 994 1442 oppugnandum
1020 1353 1135 1420 Punici
1161 1355 1327 1418 exercitus
1357 1369 1420 1420 tra·

363 1438 461 1517 ducti,
477 1462 515 1506 su
537 1439 630 1540 pletis
651 1440 750 1527 copiis
772 1463 813 1504 ex
834 1440 1005 1527 provincia,
1021 1453 1057 1504 ut
1078 1461 1160 1527 quae
1183 1439 1327 1504 maxime
1351 1464 1420 1506 om-

288 1603 291 1610 *
362 1526 453 1590 nium
474 1463 550 1590 bein
572 1525 672 1603 avida,
693 1525 789 1592 modo
811 1525 930 1612 praeda
952 1539 1009 1591 aut
1030 1547 1151 1590 merces
1173 1539 1267 1602 esset,
1288 1539 1326 1591 et
1350 1540 1418 1592 turn

363 1611 527 1676 iuventute
551 1610 742 1680 abundante.
792 1609 913 1679 Iterum
937 1613 1034 1699 signis
1057 1610 1188 1688 collatis,
1212 1611 1331 1676 eadem
1356 1613 1420 1678 for·

363 1708 442 1759 tuna
465 1695 629 1782 utriusque
654 1698 751 1784 partis
776 1710 961 1848 pugnatum
1008 1696 1289 1796 Supra'tredecim
1316 1699 1421 1764 millia

363 1779 502 1845 hostium
531 1804 631 1858 caesa,
657 1805 752 1869 supra
800 1805 842 1848 uo
871 1795 971 1870 capta,
998 1806 1072 1850 oum
1101 1783 1198 1870 siguis
1223 1782 1357 1848 duobus
1387 1802 1420 1850 et

364 1866 582 2016 ppadraginta,
597 1878 630 1932 et
644 1890 759 1933 novem
775 1868 959 1956 elephantia
995 1869 1081 1936 Tum
1095 1891 1170 1934 vem
1185 1890 1298 1934 omnes
1315 1893 1419 1958 prope
1470 1875 1471 1888 ¹

401 1975 538 2040 repentae
575 1953 685 2040 populi
721 1954 763 2019 ad
800 1955 962 2020 Romanos
997 1954 1201 2020 defecerunt:
1245 1955 1419 2043 multoque

280 2105 283 2114 Δ
364 2039 498 2106 maiores
512 2061 551 2104 ea
564 2051 682 2108 aestate
697 2040 732 2104 in
747 2038 913 2127 Hispania,
929 2063 1025 2128 quam
1039 2041 1073 2106 in
1088 2039 1190 2117 Italia,
1206 2061 1257 2106 res
1271 2055 1394 2127 gestae.
