2878 4772
342 259 405 320 378
725 249 841 317 ΤΙΤΙ
869 248 1006 317 LlVII

186 390 263 441 U·0·
278 403 333 454 544
342 385 560 449 restitueretur
582 382 759 460 Atintania,
782 383 985 449 Scerdilaedo
1007 397 1043 448 et
1065 381 1223 448 Pleurato
1248 383 1408 472 Ardyaei5

184 458 216 506 Δ·
233 458 263 506 ⁰·
279 457 336 506 ²⁰⁸·
344 469 516 536 Enimvero
527 469 696 556 indignum
711 483 796 534 ratus
808 469 987 557 Philippus,
996 471 1096 534 victos
1107 470 1227 534 victori
1242 471 1306 536 sibi
1322 471 1395 535 ulrro

343 557 541 622 conditiones
560 555 659 620 ferre:
685 555 756 620 ‘Ne
775 572 870 621 antea
887 556 1020 656 quidem
1038 578 1074 620 se
1094 569 1152 620 aut
1172 555 1220 620 de
1244 579 1327 644 paee
1347 581 1395 622 au·

343 643 455 720 ‘diase,
465 655 521 707 aut
535 642 675 708 indutias
688 643 866 730 pepigisse‚'
879 642 971 720 drait,
985 651 1092 742 ‘apem
1108 641 1212 706 ullam
1228 642 1392 708 habentem

345 729 526 816 ‘quieturos
540 728 693 806 Aetolos3
716 728 773 793 aed
788 742 825 794 ut
839 750 950 794 omnes
964 751 1064 793 socros
1083 741 1180 792 testes
1204 728 1353 806 baberet,
1366 752 1391 792 ar

345 825 355 855 ‘
365 815 460 917 pacis,
475 815 546 880 illos
560 814 635 880 belli
650 837 775 880 causam
790 815 969 901 quaesisse?
1012 814 1063 878 Ita
1079 814 1202 880 infecta
1223 838 1309 902 paee
1328 839 1391 880 oon

344 902 454 968 crlium
482 901 613 979 dimisit,
637 915 787 987 quattuor
814 900 954 966 millibus
982 915 1176 965 matorum
1207 901 1334 966 reliet'u
1359 901 1391 964 ad

343 988 536 1076 praesidium
551 986 765 1061 Achaeorum,
777 988 962 1073 etquinque
976 987 1079 1073 longis
1093 988 1236 1052 navibus
1251 989 1390 1088 aeoeptia

346 1074 436 1151 Quas
457 1075 483 1138 si
505 1073 670 1138 adiecisset
689 1075 800 1138 missae
816 1095 919 1160 nuper
932 1073 973 1137 ad
987 1095 1021 1137 se
1035 1073 1126 1138 classi
1145 1071 1391 1160 Carthaginien·

343 1161 435 1238 sium,
451 1172 485 1224 ct
503 1183 545 1224 ex
561 1159 714 1248 Bithynia
735 1161 774 1224 ab
796 1181 871 1246 rege
894 1159 1006 1223 Prusia
1022 1159 1233 1224 venientibus
1255 1162 1390 1234 navibus

343 1259 495 1312 statrrerat
516 1245 619 1311 navali
638 1246 759 1333 proelio
781 1246 932 1310 lacessere
949 1245 1120 1322 Romanos,
1137 1245 1206 1310 iarn
1227 1246 1289 1310 diu
1308 1248 1343 1310 in
1360 1269 1391 1310 es

343 1333 473 1420 regione
497 1345 644 1420 potentes
669 1333 772 1396 maris.
818 1330 891 1418 Ipse.
917 1331 1021 1396 abeo
1047 1331 1186 1396 concilio
1217 1333 1329 1419 Argos
1350 1355 1390 1396 re·

342 1441 485 1505 gressus:
523 1419 587 1482 iam
613 1419 700 1484 enirn
726 1417 923 1482 Nemeorum
949 1417 1119 1504 appetebat
1145 1431 1294 1506 tempus,
1319 1435 1404 1505 quart

343 1506 495 1570 celebrari
509 1505 635 1570 volebat
649 1505 905 1593 praesentiusue„

234 1592 286 1652 31.
389 1591 555 1678 Occupato
578 1613 653 1678 rege
675 1602 828 1678 apparatu
847 1589 1005 1667 ludorum,
1025 1602 1060 1654 et
1074 1611 1133 1676 per
1151 1589 1227 1655 dies
1247 1592 1345 1656 festos
1359 1591 1390 1654 li

186 1674 476 1754 crmrncoenfius,
493 1699 589 1764 quarn
608 1679 693 1742 inter
713 1676 788 1742 belli
808 1688 872 1741 tem
916 1699 960 1752 ra,
980 1677 1164 1741 remittente
1184 1678 1345 1754 animum,
1358 1677 1387 1741 P.

185 1740 318 1851 fflfiu‘fn‘*
346 1763 514 1849 Sulpicius,
541 1765 580 1828 ab
607 1763 776 1850 Naupacto
801 1776 969 1850 precatus,
996 1762 1127 1828 classem
1158 1764 1292 1851 appulit
1318 1767 1390 1828 inter

185 1881 270 1928 agrum
281 1881 332 1915 vas
346 1849 516 1936 Sicyonem
530 1863 564 1914 et
580 1849 784 1928 Corinthum,
800 1871 910 1936 agrurn
934 1872 974 1913 ue
993 1847 1210 1914 nobilissimae
1227 1849 1389 1914 fertilitatis

185 1935 230 1980 tat
343 1937 441 2000 effuse
457 1937 596 2000 vastavit
643 1935 740 2000 Fama
755 1935 823 2000 eius
837 1935 884 2000 rei
899 1871 1083 2022 lhilippum
1098 1935 1138 1999 ab
1154 1934 1247 2000 ludis
1261 1937 1386 2000 excivit:

343 2021 1265 2196 hitilllirssllrillilllil‘gili'aiiilliilqil
1277 2021 1389 2194 tlt

186 2207 321 2269 Repertun-
343 2194 390 2258 hil
412 2195 474 2260 tale
499 2206 687 2271 metuerent,
706 2193 834 2258 adortus
858 2191 1028 2270 Romanoa
1043 2215 1113 2258 corn
1138 2193 1201 2258 ulit
1230 2195 1269 2258 in
1293 2217 1387 2258 nares

185 2273 326 2384 ffigff
345 2279 463 2346 Classis
482 2281 637 2358 Romana,
657 2279 904 2366 haudquaquam
928 2279 1012 2344 laeta
1033 2301 1108 2366 prae
1185 2279 1388 2368 Naupactum

184 2399 262 2463 lippo.
342 2367 445 2432 rediit
491 2367 642 2455 Philippo
656 2389 786 2453 quoque
805 2364 964 2442 ludorum,
980 2365 1036 2452 qui
1053 2365 1171 2452 reliqui
1191 2381 1302 2444 erant,
1317 2366 1402 2438 cele-1
1435 2365 1436 2442 J

342 2454 489 2518 britatem
519 2468 720 2540 quantaecun
744 2475 795 2531 ue,
824 2452 866 2516 de
902 2451 1057 2517 Romanis
1091 2465 1212 2530 tarnem,
1246 2455 1387 2518 victoriae
1435 2461 1436 2482 ¹

341 2553 449 2625 partae
464 2539 548 2605 fama
561 2552 693 2605 auxerat
697 2563 707 2616 ;
775 2539 908 2624 titiaque
922 2538 1045 2624 ingenti
1056 2536 1210 2605 celebrati
1223 2540 1299 2606 festi
1311 2541 1386 2604 dies:

342 2647 381 2689 eo
405 2625 627 2712 magisteriam,
647 2624 734 2712 quod
756 2623 951 2712 populariter
970 2624 1100 2711 dempto
1125 2625 1246 2711 capitis
1271 2627 1386 2714 insigni,

342 2732 554 2810 purpuraque,
570 2725 666 2798 atque
686 2711 749 2776 alio
768 2711 856 2810 regio
871 2709 992 2788 habitu,
1007 2733 1043 2775 ae
1068 2725 1200 2775 usserat
1223 2714 1344 2778 ceteris
1362 2735 1387 2774 aa

185 2805 297 2882 rjrririppi
342 2819 375 2860 rn
391 2797 545 2882 speciem:
570 2820 635 2884 quo
649 2797 730 2861 nihil
744 2810 864 2883 gratrus
878 2810 926 2861 est
937 2797 1055 2862 civitati
1078 2819 1115 2860 us
1128 2795 1255 2864 liberis.
1303 2799 1389 2864 Prae·

184 2871 290 2919 ’ΝΜ
341 2881 523 2970 buissetque
538 2883 625 2948 haud
639 2884 769 2948 dubiam
789 2905 828 2948 eo
849 2882 932 2948 facto
954 2905 1043 2970 spem
1064 2881 1234 2961 libertatis,
1252 2885 1319 2951 nisi
1332 2907 1388 2950 orn·

341 2969 395 3034 nia
416 2969 614 3036 intoleranda
634 2969 767 3034 libidine
782 2967 876 3033 foeda
893 2990 930 3032 ac
943 2968 1097 3034 deformia
1110 2969 1289 3037 effecisset
1335 2971 1388 3034 Va·
1434 3017 1435 3044 ,

340 3056 473 3206 qpbatur
487 3058 574 3122 enirn
587 3079 663 3120 cum
678 3078 743 3120 uno
758 3067 813 3119 aut
827 3054 926 3119 altero
937 3055 1053 3120 comite
1068 3077 1125 3141 per
1137 3056 1278 3122 maritas
1289 3059 1401 3124 conss
1434 3063 1435 3114 l

375 3165 409 3206 es
424 3156 613 3230 noctesque:
639 3154 683 3219 et,
698 3141 927 3206 summittendo
944 3164 977 3206 se
995 3142 1029 3205 in
1044 3141 1207 3228 privatum
1221 3143 1401 3232 fastigium,

341 3249 409 3378 Ἦ
421 3229 525 3293 minua
540 3241 737 3316 conspectus,
749 3250 789 3292 eo
803 3226 934 3292 solutior
944 3240 1028 3291 erat:
1052 3241 1085 3292 et
1099 3226 1291 3294 libertatern
1300 3252 1386 3318 quun

340 3336 360 3378 a
428 3337 541 3379 vanam
561 3315 758 3392 ostendisset,
774 3326 874 3379 totam
893 3314 928 3377 in
947 3336 1037 3378 suarn
1059 3313 1228 3378 licentiam
1251 3333 1385 3382 verterat

374 3512 387 3561 5
404 3501 549 3561 Atintania]
568 3501 647 3563 Regio
658 3500 786 3564 Illyrici‚a
796 3501 846 3549 Ro·
879 3498 1387 3564 ludiarupereranmuxeratl'hilipmri

340 3564 419 3612 manis
434 3563 460 3612 in
477 3565 625 3613 deditionem
637 3571 739 3626 accepta
751 3564 847 3626 aliquot
879 3563 970 3612 maiore
981 3565 1012 3610 ob
1023 3577 1114 3610 norum
1126 3562 1174 3610 hoe
1186 3565 1272 3614 decue
1283 3583 1337 3616 curn
1348 3569 1387 3628 gl>

339 3627 410 3676 annis
420 3633 478 3676 ante
491 3629 587 3677 initium
603 3629 675 3677 huius
685 3629 785 3676 secundi
798 3629 846 3676 Pu·
879 3627 915 3675 ria
925 3627 974 3675 illia
986 3625 1097 3689 praefuit.
1112 3627 1198 3676 Casr.

339 3691 387 3739 nici
400 3691 465 3741 belli.
489 3693 683 3754 Videaupr.xx.
696 3707 733 3754 30.
767 3692 846 3741 Occu·
911 3691 990 3740 8Per
999 3691 1101 3738 maritas
1111 3692 1207 3750 ἀοιιω]
1223 3693 1388 3756 salnquitn
1433 3663 1434 3668 ¹

340 3755 404 3816 petis
417 3761 501 3805 autern
515 3757 561 3805 hoe
572 3758 638 3806 bello
650 3756 778 3816 Βοωαῐιίε,
789 3755 846 3804 Phi·
879 3757 971 3817 degunt
982 3753 1137 3803 matrimonio
1149 3753 1243 3805 iuneti.
1283 3759 1324 3806 lta
1333 3767 1388 3806 ann

339 3817 431 3880 lippus,
444 3826 472 3868 ut
486 3826 589 3883 apparet
605 3837 637 3870 ex
652 3821 700 3870 hoe
717 3822 780 3880 loco,
791 3835 846 3869 earn
878 3822 982 3868 mantas
999 3824 1036 3866 eat
1053 3817 1119 3880 apud
1137 3817 1216 3868 Orid.
1234 3821 1305 3872 Her.
1322 3823 1347 3870 ii
1359 3834 1389 3878 4¹·

338 3880 466 3934 invaserat
483 3885 564 3933 Cant.
876 3883 955 3931 Sacro
965 3883 1064 3941 maden,
1075 3881 1137 3930 lier.
1148 3880 1194 3932 xii.
1207 3884 1250 3944 87.
1271 3887 1360 3934 Dm.

371 3943 387 3992 6
404 3949 474 4004 Quae
483 3949 612 4008 celebrari]
634 3947 733 4005 Qurbua
746 3946 845 3996 celebri·
909 3961 925 4010 9
941 3947 1115 3995 Samarium
1131 3946 1169 4004 aa]
1204 3947 1311 3998 Vacerra
1327 3968 1351 3998 se
1366 3963 1389 3995 aa

338 4013 415 4056 tatem
427 4009 484 4057 addi
493 4015 518 4058 et
528 4013 691 4072 spectantium
702 4026 846 4060 concursum
877 4009 1049 4059 emendatione
1057 4009 1167 4058 Gronov.
1176 4010 1279 4061 delerit
1293 4015 1389 4063 Bekre.

338 4072 420 4134 augeri
432 4075 624 4134 praesentiusue
635 4077 738 4127 volebat.
755 4077 836 4126 Cass.
877 4089 953 4138 quum
975 4073 1022 4122 hoc
1042 4071 1205 4136 intelligatur,
1224 4077 1389 4126 mua-urard·

373 4148 387 4197 7
403 4137 521 4198 Philippo
531 4140 636 4201 quoquc]
657 4139 698 4188 Ita
707 4139 845 4188 Gronovius
870 4141 1003 4201 saetipium
1015 4151 1087 4185 suum
1099 4139 1138 4185 rel
1153 4138 1256 4198 regium
1273 4144 1305 4190 ira
1317 4145 1388 4204 prise

340 4213 383 4260 pro
405 4200 469 4262 vulg.
491 4201 632 4263 Philippus.
671 4203 761 4250 Sensus
782 4202 843 4252 erit:
877 4209 941 4262 tam
959 4201 1001 4250 aed
1019 4200 1149 4249 lectionem
1167 4209 1299 4264 hortm,
1316 4219 1388 4268 quaa*

339 4261 418 4310 Fama
428 4263 551 4323 victoriae,
562 4279 610 4313 non
622 4265 721 4326 quiderm
734 4279 845 4328 magnae,
878 4265 913 4314 vis
924 4265 1054 4324 duriorem,
1070 4269 1184 4313 tutantur
1202 4267 1283 4320 codd.
1298 4271 1387 4319 Victa

338 4329 430 4382 tamen,
441 4327 506 4386 quod
517 4327 549 4374 de
564 4329 683 4376 Romania
698 4333 769 4388 parta
784 4335 844 4386 erat,
878 4329 984 4380 Hatera.

338 4386 397 4435 antis
411 4389 500 4448 clarae,
510 4390 677 4440 celebritatem
688 4391 792 4451 (lienam,
803 4391 844 4454 qui
