<?xml version="1.0" encoding="UTF-8"?>
<!DOCTYPE html PUBLIC "-//W3C//DTD XHTML 1.0 Transitional//EN"
    "http://www.w3.org/TR/xhtml1/DTD/xhtml1-transitional.dtd">
<html xmlns="http://www.w3.org/1999/xhtml" xml:lang="en" lang="en">
 <head>
  <title>
</title>
<meta http-equiv="Content-Type" content="text/html;charset=utf-8" />
  <meta name='ocr-system' content='tesseract 3.04.00' />
  <meta name='ocr-capabilities' content='ocr_page ocr_carea ocr_par ocr_line ocrx_word'/>
</head>
<body>
  <div class='ocr_page' id='page_1' title='image "./tliviipatavinih00kreygoog_0148.png"; bbox 0 0 2966 4778; ppageno 0'>
   <div class='ocr_carea' id='block_1_1' title="bbox 354 169 1118 285">
    <p class='ocr_par' dir='ltr' id='par_1_1' title="bbox 354 169 1118 285">
     <span class='ocr_line' id='line_1_1' title="bbox 354 169 1118 285; baseline 0.003 -3"><span class='ocrx_word' id='word_1_1' title='bbox 354 217 450 282; x_wconf 81' lang='lat' dir='ltr'><strong>uss.</strong></span> <span class='ocrx_word' id='word_1_2' title='bbox 475 169 608 283; x_wconf 79' lang='grc' dir='ltr'>ιιιιιιι.</span> <span class='ocrx_word' id='word_1_3' title='bbox 641 215 754 282; x_wconf 76' lang='lat' dir='ltr'><strong>oar.</strong></span> <span class='ocrx_word' id='word_1_4' title='bbox 781 221 831 282; x_wconf 86' lang='lat'><strong>15.</strong></span> <span class='ocrx_word' id='word_1_5' title='bbox 1058 220 1118 285; x_wconf 81' lang='lat' dir='ltr'><strong>rar</strong></span> 
     </span>
    </p>
   </div>
   <div class='ocr_carea' id='block_1_2' title="bbox 48 351 1365 3977">
    <p class='ocr_par' dir='ltr' id='par_1_2' title="bbox 48 351 1280 871">
     <span class='ocr_line' id='line_1_2' title="bbox 68 351 1279 440; baseline 0 -24"><span class='ocrx_word' id='word_1_6' title='bbox 68 351 246 418; x_wconf 82' lang='lat' dir='ltr'><strong>ditionibus</strong></span> <span class='ocrx_word' id='word_1_7' title='bbox 260 354 296 418; x_wconf 93' lang='lat' dir='ltr'><strong>in</strong></span> <span class='ocrx_word' id='word_1_8' title='bbox 310 353 421 418; x_wconf 78' lang='lat' dir='ltr'><strong>foedus</strong></span> <span class='ocrx_word' id='word_1_9' title='bbox 434 353 670 439; x_wconf 80' lang='lat' dir='ltr'><strong>amicitiamque</strong></span> <span class='ocrx_word' id='word_1_10' title='bbox 690 375 805 418; x_wconf 80' lang='lat' dir='ltr'><strong>noram</strong></span> <span class='ocrx_word' id='word_1_11' title='bbox 822 364 992 431; x_wconf 71' lang='lat' dir='ltr'><strong>amaeam,</strong></span> <span class='ocrx_word' id='word_1_12' title='bbox 1007 375 1121 440; x_wconf 85' lang='lat' dir='ltr'><strong>parum</strong></span> <span class='ocrx_word' id='word_1_13' title='bbox 1132 366 1166 417; x_wconf 89' lang='lat' dir='ltr'><strong>U.</strong></span> <span class='ocrx_word' id='word_1_14' title='bbox 1178 367 1208 416; x_wconf 85' lang='lat' dir='ltr'><strong>c.</strong></span> <span class='ocrx_word' id='word_1_15' title='bbox 1225 365 1279 428; x_wconf 83' lang='lat'><strong>536.</strong></span> 
     </span>
     <span class='ocr_line' id='line_1_3' title="bbox 68 429 1280 527; baseline 0.002 -26"><span class='ocrx_word' id='word_1_16' title='bbox 68 453 224 504; x_wconf 79' lang='lat' dir='ltr'><strong>constare.</strong></span> <span class='ocrx_word' id='word_1_17' title='bbox 271 438 322 504; x_wconf 90' lang='lat' dir='ltr'><strong>Ita</strong></span> <span class='ocrx_word' id='word_1_18' title='bbox 335 441 435 526; x_wconf 87' lang='lat' dir='ltr'><strong>spatio</strong></span> <span class='ocrx_word' id='word_1_19' title='bbox 450 452 587 527; x_wconf 91' lang='lat' dir='ltr'><strong>sumpto,</strong></span> <span class='ocrx_word' id='word_1_20' title='bbox 603 440 723 526; x_wconf 81' lang='lat' dir='ltr'><strong>legatos</strong></span> <span class='ocrx_word' id='word_1_21' title='bbox 736 462 871 526; x_wconf 85' lang='lat' dir='ltr'>propere</span> <span class='ocrx_word' id='word_1_22' title='bbox 887 440 928 504; x_wconf 89' lang='lat' dir='ltr'><strong>ad</strong></span> <span class='ocrx_word' id='word_1_23' title='bbox 943 455 1120 526; x_wconf 82' lang='lat' dir='ltr'><strong>praetorem</strong></span> <span class='ocrx_word' id='word_1_24' title='bbox 1131 433 1161 481; x_wconf 58' lang='grc' dir='ltr'><strong>Α·</strong></span> <span class='ocrx_word' id='word_1_25' title='bbox 1178 432 1208 481; x_wconf 79' lang='lat'><strong>⁰·</strong></span> <span class='ocrx_word' id='word_1_26' title='bbox 1224 429 1280 481; x_wconf 77' lang='lat'><strong>²¹⁶·</strong></span> 
     </span>
     <span class='ocr_line' id='line_1_4' title="bbox 70 496 1246 626; baseline 0.003 -38"><span class='ocrx_word' id='word_1_27' title='bbox 70 523 257 590; x_wconf 88' lang='lat' dir='ltr'><strong>Romanum</strong></span> <span class='ocrx_word' id='word_1_28' title='bbox 274 525 463 591; x_wconf 89' lang='lat' dir='ltr'><strong>Marcellum</strong></span> <span class='ocrx_word' id='word_1_29' title='bbox 476 525 658 604; x_wconf 87' lang='lat' dir='ltr'><strong>Claudium,</strong></span> <span class='ocrx_word' id='word_1_30' title='bbox 671 526 727 626; x_wconf 91' lang='lat' dir='ltr'><strong>qui</strong></span> <span class='ocrx_word' id='word_1_31' title='bbox 741 525 875 590; x_wconf 74' lang='lat' dir='ltr'><strong>Casilini</strong></span> <span class='ocrx_word' id='word_1_32' title='bbox 889 549 962 590; x_wconf 88' lang='lat' dir='ltr'><strong>cum</strong></span> <span class='ocrx_word' id='word_1_33' title='bbox 978 527 1121 592; x_wconf 87' lang='lat' dir='ltr'><strong>exercitu</strong></span> <span class='ocrx_word' id='word_1_34' title='bbox 1130 496 1246 609; x_wconf 46' lang='lat' dir='ltr'><strong>{⁰3⁸3ss</strong></span> 
     </span>
     <span class='ocr_line' id='line_1_5' title="bbox 69 611 1280 712; baseline -0.002 -37"><span class='ocrx_word' id='word_1_35' title='bbox 69 623 151 689; x_wconf 88' lang='lat' dir='ltr'><strong>erat,</strong></span> <span class='ocrx_word' id='word_1_36' title='bbox 172 611 313 690; x_wconf 90' lang='lat' dir='ltr'><strong>mittunt,</strong></span> <span class='ocrx_word' id='word_1_37' title='bbox 329 613 521 712; x_wconf 83' lang='lat' dir='ltr'><strong>docentque,</strong></span> <span class='ocrx_word' id='word_1_38' title='bbox 540 625 661 700; x_wconf 93' lang='lat' dir='ltr'><strong>quanto</strong></span> <span class='ocrx_word' id='word_1_39' title='bbox 678 636 713 676; x_wconf 92' lang='grc' dir='ltr'><strong>ιιι</strong></span> <span class='ocrx_word' id='word_1_40' title='bbox 735 612 916 677; x_wconf 82' lang='lat' dir='ltr'><strong>discrimine</strong></span> <span class='ocrx_word' id='word_1_41' title='bbox 931 613 973 676; x_wconf 91' lang='lat' dir='ltr'><strong>sit</strong></span> <span class='ocrx_word' id='word_1_42' title='bbox 995 613 1123 678; x_wconf 89' lang='lat' dir='ltr'><strong>Nolana</strong></span> <span class='ocrx_word' id='word_1_43' title='bbox 1131 629 1203 672; x_wconf 80' lang='lat' dir='ltr'><strong>vocat</strong></span> <span class='ocrx_word' id='word_1_44' title='bbox 1214 625 1280 673; x_wconf 81' lang='lat' dir='ltr'><strong>Mar-</strong></span> 
     </span>
     <span class='ocr_line' id='line_1_6' title="bbox 69 689 1230 787; baseline 0.003 -26"><span class='ocrx_word' id='word_1_45' title='bbox 69 720 141 762; x_wconf 88' lang='lat' dir='ltr'><strong>res:</strong></span> <span class='ocrx_word' id='word_1_46' title='bbox 165 721 276 784; x_wconf 84' lang='lat' dir='ltr'><strong>agrum</strong></span> <span class='ocrx_word' id='word_1_47' title='bbox 292 698 483 764; x_wconf 77' lang='lat' dir='ltr'><strong>Hannibalis</strong></span> <span class='ocrx_word' id='word_1_48' title='bbox 497 721 564 764; x_wconf 88' lang='lat' dir='ltr'><strong>csse</strong></span> <span class='ocrx_word' id='word_1_49' title='bbox 580 712 613 763; x_wconf 88' lang='lat' dir='ltr'><strong>ct</strong></span> <span class='ocrx_word' id='word_1_50' title='bbox 627 699 818 776; x_wconf 91' lang='lat' dir='ltr'><strong>Poenorum,</strong></span> <span class='ocrx_word' id='word_1_51' title='bbox 834 700 946 764; x_wconf 90' lang='lat' dir='ltr'><strong>urbem</strong></span> <span class='ocrx_word' id='word_1_52' title='bbox 961 700 1123 787; x_wconf 89' lang='lat' dir='ltr'><strong>extemplo</strong></span> <span class='ocrx_word' id='word_1_53' title='bbox 1132 689 1230 738; x_wconf 75' lang='lat' dir='ltr'><strong>celtum.</strong></span> 
     </span>
     <span class='ocr_line' id='line_1_7' title="bbox 48 783 1124 871; baseline 0.001 -21"><span class='ocrx_word' id='word_1_54' title='bbox 48 783 222 861; x_wconf 79' lang='lat' dir='ltr'><strong>rfuturam,</strong></span> <span class='ocrx_word' id='word_1_55' title='bbox 233 785 267 848; x_wconf 91' lang='lat' dir='ltr'><strong>ni</strong></span> <span class='ocrx_word' id='word_1_56' title='bbox 282 786 494 851; x_wconf 88' lang='lat' dir='ltr'><strong>subveniatur.</strong></span> <span class='ocrx_word' id='word_1_57' title='bbox 543 784 761 850; x_wconf 88' lang='lat' dir='ltr'><strong>Concedendo</strong></span> <span class='ocrx_word' id='word_1_58' title='bbox 776 784 880 871; x_wconf 90' lang='lat' dir='ltr'><strong>plebei</strong></span> <span class='ocrx_word' id='word_1_59' title='bbox 896 796 1051 864; x_wconf 89' lang='lat' dir='ltr'><strong>senatum,</strong></span> <span class='ocrx_word' id='word_1_60' title='bbox 1067 787 1124 851; x_wconf 91' lang='lat' dir='ltr'><strong>ubi</strong></span> 
     </span>
    </p>

    <p class='ocr_par' dir='ltr' id='par_1_3' title="bbox 70 869 1124 1035">
     <span class='ocr_line' id='line_1_8' title="bbox 72 869 1122 959; baseline 0.005 -26"><span class='ocrx_word' id='word_1_61' title='bbox 72 869 184 948; x_wconf 87' lang='lat' dir='ltr'><strong>velint,</strong></span> <span class='ocrx_word' id='word_1_62' title='bbox 204 871 384 936; x_wconf 85' lang='lat' dir='ltr'><strong>defecturos</strong></span> <span class='ocrx_word' id='word_1_63' title='bbox 407 894 450 948; x_wconf 90' lang='lat' dir='ltr'><strong>se,</strong></span> <span class='ocrx_word' id='word_1_64' title='bbox 466 893 507 935; x_wconf 91' lang='lat' dir='ltr'><strong>ne</strong></span> <span class='ocrx_word' id='word_1_65' title='bbox 526 871 662 936; x_wconf 90' lang='lat' dir='ltr'><strong>deficere</strong></span> <span class='ocrx_word' id='word_1_66' title='bbox 680 871 951 959; x_wconf 79' lang='lat' dir='ltr'><strong>praefestinarent,</strong></span> <span class='ocrx_word' id='word_1_67' title='bbox 972 873 1122 938; x_wconf 85' lang='lat' dir='ltr'><strong>effecisse.</strong></span> 
     </span>
     <span class='ocr_line' id='line_1_9' title="bbox 70 955 1124 1035; baseline 0.003 -15"><span class='ocrx_word' id='word_1_68' title='bbox 70 955 259 1034; x_wconf 88' lang='lat' dir='ltr'><strong>Marcellus,</strong></span> <span class='ocrx_word' id='word_1_69' title='bbox 279 957 465 1023; x_wconf 88' lang='lat' dir='ltr'><strong>collaudatis</strong></span> <span class='ocrx_word' id='word_1_70' title='bbox 486 957 630 1035; x_wconf 87' lang='lat' dir='ltr'><strong>Nolanis,</strong></span> <span class='ocrx_word' id='word_1_71' title='bbox 649 957 762 1022; x_wconf 86' lang='lat' dir='ltr'><strong>eadem</strong></span> <span class='ocrx_word' id='word_1_72' title='bbox 779 957 981 1022; x_wconf 80' lang='lat' dir='ltr'><strong>simulatione</strong></span> <span class='ocrx_word' id='word_1_73' title='bbox 999 959 1124 1023; x_wconf 83' lang='lat' dir='ltr'><strong>extrahi</strong></span> 
     </span>
    </p>

    <p class='ocr_par' dir='ltr' id='par_1_4' title="bbox 69 1043 1124 1131">
     <span class='ocr_line' id='line_1_10' title="bbox 69 1043 1124 1131; baseline 0.004 -25"><span class='ocrx_word' id='word_1_74' title='bbox 69 1065 143 1106; x_wconf 89' lang='lat' dir='ltr'><strong>rem</strong></span> <span class='ocrx_word' id='word_1_75' title='bbox 157 1043 193 1106; x_wconf 90' lang='lat' dir='ltr'><strong>in</strong></span> <span class='ocrx_word' id='word_1_76' title='bbox 212 1065 305 1108; x_wconf 89' lang='lat' dir='ltr'><strong>suurn</strong></span> <span class='ocrx_word' id='word_1_77' title='bbox 325 1044 496 1109; x_wconf 87' lang='lat' dir='ltr'><strong>adventum</strong></span> <span class='ocrx_word' id='word_1_78' title='bbox 512 1044 619 1108; x_wconf 83' lang='lat' dir='ltr'><strong>iussit:</strong></span> <span class='ocrx_word' id='word_1_79' title='bbox 643 1044 771 1108; x_wconf 91' lang='lat' dir='ltr'><strong>interim</strong></span> <span class='ocrx_word' id='word_1_80' title='bbox 791 1043 897 1121; x_wconf 83' lang='lat' dir='ltr'><strong>celari,</strong></span> <span class='ocrx_word' id='word_1_81' title='bbox 913 1067 995 1131; x_wconf 89' lang='lat' dir='ltr'><strong>quae</strong></span> <span class='ocrx_word' id='word_1_82' title='bbox 1016 1067 1124 1109; x_wconf 90' lang='lat' dir='ltr'><strong>secum</strong></span> 
     </span>
    </p>

    <p class='ocr_par' dir='ltr' id='par_1_5' title="bbox 69 1130 1125 1304">
     <span class='ocr_line' id='line_1_11' title="bbox 69 1130 1125 1230; baseline 0.005 -38"><span class='ocrx_word' id='word_1_83' title='bbox 69 1143 146 1192; x_wconf 89' lang='lat' dir='ltr'><strong>acta</strong></span> <span class='ocrx_word' id='word_1_84' title='bbox 173 1143 288 1207; x_wconf 90' lang='lat' dir='ltr'><strong>essent,</strong></span> <span class='ocrx_word' id='word_1_85' title='bbox 319 1153 473 1230; x_wconf 87' lang='lat' dir='ltr'><strong>spemque</strong></span> <span class='ocrx_word' id='word_1_86' title='bbox 502 1152 631 1195; x_wconf 90' lang='lat' dir='ltr'><strong>omnem</strong></span> <span class='ocrx_word' id='word_1_87' title='bbox 661 1130 771 1194; x_wconf 86' lang='lat' dir='ltr'><strong>auxilii</strong></span> <span class='ocrx_word' id='word_1_88' title='bbox 802 1130 950 1196; x_wconf 89' lang='lat' dir='ltr'><strong>Romani.</strong></span> <span class='ocrx_word' id='word_1_89' title='bbox 1001 1131 1075 1220; x_wconf 88' lang='lat' dir='ltr'><strong>lpse</strong></span> <span class='ocrx_word' id='word_1_90' title='bbox 1105 1155 1125 1197; x_wconf 90' lang='lat' dir='ltr'><strong>a</strong></span> 
     </span>
     <span class='ocr_line' id='line_1_12' title="bbox 72 1213 1124 1304; baseline 0.004 -25"><span class='ocrx_word' id='word_1_91' title='bbox 72 1213 222 1280; x_wconf 86' lang='lat' dir='ltr'><strong>Casilino</strong></span> <span class='ocrx_word' id='word_1_92' title='bbox 244 1215 401 1282; x_wconf 75' lang='lat' dir='ltr'><strong>Celetrum</strong></span> <span class='ocrx_word' id='word_1_93' title='bbox 423 1217 522 1304; x_wconf 89' lang='lat' dir='ltr'><strong>petit:</strong></span> <span class='ocrx_word' id='word_1_94' title='bbox 547 1230 580 1281; x_wconf 89' lang='lat' dir='ltr'><strong>at</strong></span> <span class='ocrx_word' id='word_1_95' title='bbox 603 1239 643 1281; x_wconf 91' lang='lat' dir='ltr'><strong>ue</strong></span> <span class='ocrx_word' id='word_1_96' title='bbox 665 1216 752 1294; x_wconf 92' lang='lat' dir='ltr'><strong>inde,</strong></span> <span class='ocrx_word' id='word_1_97' title='bbox 771 1214 932 1283; x_wconf 89' lang='lat' dir='ltr'><strong>Vulturno</strong></span> <span class='ocrx_word' id='word_1_98' title='bbox 952 1219 1038 1283; x_wconf 88' lang='lat' dir='ltr'><strong>amni</strong></span> <span class='ocrx_word' id='word_1_99' title='bbox 1062 1231 1124 1284; x_wconf 91' lang='lat' dir='ltr'><strong>tra-</strong></span> 
     </span>
    </p>

    <p class='ocr_par' dir='ltr' id='par_1_6' title="bbox 69 1301 1124 1393">
     <span class='ocr_line' id='line_1_13' title="bbox 69 1301 1124 1393; baseline 0.004 -28"><span class='ocrx_word' id='word_1_100' title='bbox 69 1301 170 1377; x_wconf 89' lang='lat' dir='ltr'><strong>iecto,</strong></span> <span class='ocrx_word' id='word_1_101' title='bbox 234 1325 314 1390; x_wconf 92' lang='lat' dir='ltr'><strong>rque</strong></span> <span class='ocrx_word' id='word_1_102' title='bbox 343 1326 454 1390; x_wconf 82' lang='lat' dir='ltr'><strong>agrum</strong></span> <span class='ocrx_word' id='word_1_103' title='bbox 481 1302 565 1368; x_wconf 88' lang='lat' dir='ltr'><strong>Satic</strong></span> <span class='ocrx_word' id='word_1_104' title='bbox 642 1326 698 1367; x_wconf 90' lang='lat' dir='ltr'><strong>um</strong></span> <span class='ocrx_word' id='word_1_105' title='bbox 721 1303 1005 1392; x_wconf 70' lang='lat' dir='ltr'><strong>&#39;lbebulanumque</strong></span> <span class='ocrx_word' id='word_1_106' title='bbox 1029 1327 1124 1393; x_wconf 91' lang='lat' dir='ltr'><strong>super</strong></span> 
     </span>
    </p>

    <p class='ocr_par' dir='ltr' id='par_1_7' title="bbox 72 1386 770 1476">
     <span class='ocr_line' id='line_1_14' title="bbox 72 1386 770 1476; baseline 0.003 -24"><span class='ocrx_word' id='word_1_107' title='bbox 72 1386 195 1453; x_wconf 90' lang='lat' dir='ltr'><strong>Suessu</strong></span> <span class='ocrx_word' id='word_1_108' title='bbox 207 1411 259 1452; x_wconf 89' lang='lat' dir='ltr'><strong>am</strong></span> <span class='ocrx_word' id='word_1_109' title='bbox 273 1412 331 1476; x_wconf 90' lang='lat' dir='ltr'><strong>per</strong></span> <span class='ocrx_word' id='word_1_110' title='bbox 345 1403 469 1456; x_wconf 89' lang='lat' dir='ltr'><strong>montes</strong></span> <span class='ocrx_word' id='word_1_111' title='bbox 484 1389 602 1454; x_wconf 91' lang='lat' dir='ltr'><strong>Nolam</strong></span> <span class='ocrx_word' id='word_1_112' title='bbox 617 1390 770 1476; x_wconf 85' lang='lat' dir='ltr'><strong>pervenit.</strong></span> 
     </span>
    </p>

    <p class='ocr_par' dir='ltr' id='par_1_8' title="bbox 70 1473 1365 2486">
     <span class='ocr_line' id='line_1_15' title="bbox 119 1473 1232 1563; baseline 0.004 -25"><span class='ocrx_word' id='word_1_113' title='bbox 119 1473 188 1539; x_wconf 92' lang='lat' dir='ltr'><strong>Sub</strong></span> <span class='ocrx_word' id='word_1_114' title='bbox 211 1473 383 1540; x_wconf 86' lang='lat' dir='ltr'><strong>adventurn</strong></span> <span class='ocrx_word' id='word_1_115' title='bbox 405 1476 557 1563; x_wconf 81' lang='lat' dir='ltr'><strong>praetoris</strong></span> <span class='ocrx_word' id='word_1_116' title='bbox 581 1475 720 1540; x_wconf 89' lang='lat' dir='ltr'><strong>Romani</strong></span> <span class='ocrx_word' id='word_1_117' title='bbox 741 1475 870 1540; x_wconf 90' lang='lat' dir='ltr'><strong>Poenus</strong></span> <span class='ocrx_word' id='word_1_118' title='bbox 952 1500 972 1541; x_wconf 93' lang='lat' dir='ltr'><strong>o</strong></span> <span class='ocrx_word' id='word_1_119' title='bbox 994 1477 1123 1543; x_wconf 91' lang='lat' dir='ltr'><strong>Nolano</strong></span> <span class='ocrx_word' id='word_1_120' title='bbox 1224 1516 1232 1532; x_wconf 93' lang='lat'><strong>·</strong></span> 
     </span>
     <span class='ocr_line' id='line_1_16' title="bbox 70 1560 1124 1651; baseline 0.004 -25"><span class='ocrx_word' id='word_1_121' title='bbox 70 1561 219 1638; x_wconf 81' lang='lat' dir='ltr'><strong>excessit,</strong></span> <span class='ocrx_word' id='word_1_122' title='bbox 235 1561 325 1627; x_wconf 88' lang='lat' dir='ltr'><strong>etad</strong></span> <span class='ocrx_word' id='word_1_123' title='bbox 345 1585 430 1626; x_wconf 89' lang='lat' dir='ltr'><strong>mare</strong></span> <span class='ocrx_word' id='word_1_124' title='bbox 445 1563 589 1649; x_wconf 81' lang='lat' dir='ltr'><strong>proxime</strong></span> <span class='ocrx_word' id='word_1_125' title='bbox 609 1560 779 1650; x_wconf 83' lang='lat' dir='ltr'><strong>Neapolim</strong></span> <span class='ocrx_word' id='word_1_126' title='bbox 797 1563 913 1628; x_wconf 87' lang='lat' dir='ltr'><strong>descen</strong></span> <span class='ocrx_word' id='word_1_127' title='bbox 938 1563 972 1641; x_wconf 88' lang='lat' dir='ltr'><strong>&#39;t,</strong></span> <span class='ocrx_word' id='word_1_128' title='bbox 987 1563 1124 1651; x_wconf 88' lang='lat' dir='ltr'><strong>cupidus</strong></span> 
     </span>
     <span class='ocr_line' id='line_1_17' title="bbox 70 1647 1123 1735; baseline 0.004 -23"><span class='ocrx_word' id='word_1_129' title='bbox 70 1647 226 1712; x_wconf 84' lang='lat' dir='ltr'><strong>maritimi</strong></span> <span class='ocrx_word' id='word_1_130' title='bbox 255 1649 366 1735; x_wconf 93' lang='lat' dir='ltr'><strong>oppidi</strong></span> <span class='ocrx_word' id='word_1_131' title='bbox 395 1648 553 1735; x_wconf 89' lang='lat' dir='ltr'><strong>potiundi,</strong></span> <span class='ocrx_word' id='word_1_132' title='bbox 578 1671 642 1734; x_wconf 93' lang='lat' dir='ltr'><strong>quo</strong></span> <span class='ocrx_word' id='word_1_133' title='bbox 671 1671 780 1714; x_wconf 87' lang='lat' dir='ltr'><strong>cursus</strong></span> <span class='ocrx_word' id='word_1_134' title='bbox 806 1650 939 1714; x_wconf 86' lang='lat' dir='ltr'><strong>navibus</strong></span> <span class='ocrx_word' id='word_1_135' title='bbox 965 1663 1053 1716; x_wconf 92' lang='lat' dir='ltr'><strong>tutus</strong></span> <span class='ocrx_word' id='word_1_136' title='bbox 1081 1675 1123 1716; x_wconf 79' lang='lat' dir='ltr'><strong>ex</strong></span> 
     </span>
     <span class='ocr_line' id='line_1_18' title="bbox 72 1733 1124 1823; baseline 0.005 -25"><span class='ocrx_word' id='word_1_137' title='bbox 72 1733 189 1798; x_wconf 80' lang='lat' dir='ltr'><strong>Africa</strong></span> <span class='ocrx_word' id='word_1_138' title='bbox 208 1746 299 1799; x_wconf 79' lang='lat' dir='ltr'><strong>esset.</strong></span> <span class='ocrx_word' id='word_1_139' title='bbox 347 1733 512 1812; x_wconf 91' lang='lat' dir='ltr'><strong>Ceterum,</strong></span> <span class='ocrx_word' id='word_1_140' title='bbox 626 1758 701 1800; x_wconf 90' lang='lat' dir='ltr'><strong>uam</strong></span> <span class='ocrx_word' id='word_1_141' title='bbox 728 1735 900 1822; x_wconf 85' lang='lat' dir='ltr'><strong>Neapolim</strong></span> <span class='ocrx_word' id='word_1_142' title='bbox 922 1760 942 1801; x_wconf 89' lang='lat' dir='ltr'><strong>a</strong></span> <span class='ocrx_word' id='word_1_143' title='bbox 964 1737 1124 1823; x_wconf 88' lang='lat' dir='ltr'><strong>praefecto</strong></span> 
     </span>
     <span class='ocr_line' id='line_1_19' title="bbox 72 1749 1125 1924; baseline 0.006 -41"><span class='ocrx_word' id='word_1_144' title='bbox 72 1819 225 1885; x_wconf 88' lang='lat' dir='ltr'><strong>Romano</strong></span> <span class='ocrx_word' id='word_1_145' title='bbox 247 1821 350 1886; x_wconf 89' lang='lat' dir='ltr'><strong>teneri</strong></span> <span class='ocrx_word' id='word_1_146' title='bbox 372 1821 504 1907; x_wconf 84' lang='lat' dir='ltr'><strong>accepit,</strong></span> <span class='ocrx_word' id='word_1_147' title='bbox 528 1749 718 1908; x_wconf 38' lang='lat' dir='ltr'><strong>&amp;diunius</strong></span> <span class='ocrx_word' id='word_1_148' title='bbox 742 1821 868 1887; x_wconf 90' lang='lat' dir='ltr'><strong>Silanus</strong></span> <span class='ocrx_word' id='word_1_149' title='bbox 888 1836 964 1902; x_wconf 90' lang='lat' dir='ltr'><strong>erat,</strong></span> <span class='ocrx_word' id='word_1_150' title='bbox 985 1825 1025 1889; x_wconf 88' lang='lat' dir='ltr'><strong>ab</strong></span> <span class='ocrx_word' id='word_1_151' title='bbox 1047 1825 1125 1924; x_wconf 90' lang='lat' dir='ltr'><strong>ipsis</strong></span> 
     </span>
     <span class='ocr_line' id='line_1_20' title="bbox 72 1905 1124 1994; baseline 0.007 -26"><span class='ocrx_word' id='word_1_152' title='bbox 72 1905 299 1992; x_wconf 80' lang='lat' dir='ltr'><strong>Neapolitanis</strong></span> <span class='ocrx_word' id='word_1_153' title='bbox 318 1907 437 1972; x_wconf 88' lang='lat' dir='ltr'><strong>accitus</strong></span> <span class='ocrx_word' id='word_1_154' title='bbox 473 1906 611 1994; x_wconf 87' lang='lat' dir='ltr'><strong>Neapoli</strong></span> <span class='ocrx_word' id='word_1_155' title='bbox 631 1931 771 1994; x_wconf 93' lang='lat' dir='ltr'><strong>quoque,</strong></span> <span class='ocrx_word' id='word_1_156' title='bbox 787 1908 868 1974; x_wconf 90' lang='lat' dir='ltr'><strong>sicut</strong></span> <span class='ocrx_word' id='word_1_157' title='bbox 889 1908 984 1988; x_wconf 90' lang='lat' dir='ltr'><strong>Nola,</strong></span> <span class='ocrx_word' id='word_1_158' title='bbox 1001 1933 1124 1988; x_wconf 88' lang='lat' dir='ltr'><strong>omrssa,</strong></span> 
     </span>
     <span class='ocr_line' id='line_1_21' title="bbox 71 1991 1365 2081; baseline 0 -26"><span class='ocrx_word' id='word_1_159' title='bbox 71 1992 157 2078; x_wconf 88' lang='lat' dir='ltr'><strong>petit</strong></span> <span class='ocrx_word' id='word_1_160' title='bbox 183 1991 366 2058; x_wconf 87' lang='lat' dir='ltr'><strong>Nuceriam.</strong></span> <span class='ocrx_word' id='word_1_161' title='bbox 462 2016 494 2057; x_wconf 90' lang='lat' dir='ltr'><strong>m</strong></span> <span class='ocrx_word' id='word_1_162' title='bbox 544 2017 620 2058; x_wconf 92' lang='lat' dir='ltr'><strong>uum</strong></span> <span class='ocrx_word' id='word_1_163' title='bbox 644 1993 841 2080; x_wconf 89' lang='lat' dir='ltr'><strong>aliquamdiu</strong></span> <span class='ocrx_word' id='word_1_164' title='bbox 863 1995 1124 2074; x_wconf 85' lang='lat' dir='ltr'><strong>circumsedisset,</strong></span> <span class='ocrx_word' id='word_1_165' title='bbox 1135 2006 1262 2081; x_wconf 72' lang='lat' dir='ltr'><strong>Hmnital</strong></span> <span class='ocrx_word' id='word_1_166' title='bbox 1363 2041 1365 2044; x_wconf 86' lang='grc'>-</span> 
     </span>
     <span class='ocr_line' id='line_1_22' title="bbox 71 2069 1268 2183; baseline 0.005 -41"><span class='ocrx_word' id='word_1_167' title='bbox 71 2101 170 2165; x_wconf 88' lang='lat' dir='ltr'><strong>saepe</strong></span> <span class='ocrx_word' id='word_1_168' title='bbox 190 2079 232 2156; x_wconf 88' lang='lat' dir='ltr'><strong>vi,</strong></span> <span class='ocrx_word' id='word_1_169' title='bbox 247 2101 341 2166; x_wconf 87' lang='lat' dir='ltr'><strong>saepe</strong></span> <span class='ocrx_word' id='word_1_170' title='bbox 362 2079 518 2144; x_wconf 91' lang='lat' dir='ltr'><strong>sollicitan</strong></span> <span class='ocrx_word' id='word_1_171' title='bbox 542 2080 549 2093; x_wconf 87' lang='lat'>&#39;</span> <span class='ocrx_word' id='word_1_172' title='bbox 585 2079 800 2165; x_wconf 88' lang='lat' dir='ltr'><strong>nequicquam</strong></span> <span class='ocrx_word' id='word_1_173' title='bbox 820 2103 906 2144; x_wconf 91' lang='lat' dir='ltr'><strong>nunc</strong></span> <span class='ocrx_word' id='word_1_174' title='bbox 924 2080 1016 2168; x_wconf 90' lang='lat' dir='ltr'><strong>plebe</strong></span> <span class='ocrx_word' id='word_1_175' title='bbox 1037 2069 1268 2183; x_wconf 54' lang='lat' dir='ltr'><strong>„modoquest</strong></span> 
     </span>
     <span class='ocr_line' id='line_1_23' title="bbox 74 2150 1209 2265; baseline 0.005 -37"><span class='ocrx_word' id='word_1_176' title='bbox 74 2164 286 2265; x_wconf 90' lang='lat' dir='ltr'><strong>principibus,</strong></span> <span class='ocrx_word' id='word_1_177' title='bbox 302 2165 385 2231; x_wconf 86' lang='lat' dir='ltr'><strong>fame</strong></span> <span class='ocrx_word' id='word_1_178' title='bbox 400 2166 531 2232; x_wconf 91' lang='lat' dir='ltr'><strong>demum</strong></span> <span class='ocrx_word' id='word_1_179' title='bbox 546 2166 581 2230; x_wconf 95' lang='lat' dir='ltr'><strong>in</strong></span> <span class='ocrx_word' id='word_1_180' title='bbox 595 2164 792 2230; x_wconf 90' lang='lat' dir='ltr'><strong>deditionem</strong></span> <span class='ocrx_word' id='word_1_181' title='bbox 807 2187 881 2230; x_wconf 88' lang='lat' dir='ltr'><strong>acce</strong></span> <span class='ocrx_word' id='word_1_182' title='bbox 903 2167 938 2244; x_wconf 89' lang='lat' dir='ltr'><strong>it,</strong></span> <span class='ocrx_word' id='word_1_183' title='bbox 1013 2180 1074 2246; x_wconf 89' lang='lat' dir='ltr'><strong>tus,</strong></span> <span class='ocrx_word' id='word_1_184' title='bbox 1090 2181 1127 2234; x_wconf 92' lang='lat' dir='ltr'><strong>ut</strong></span> <span class='ocrx_word' id='word_1_185' title='bbox 1135 2150 1181 2198; x_wconf 42' lang='grc' dir='ltr'><strong>ΜΨ</strong></span> <span class='ocrx_word' id='word_1_186' title='bbox 1182 2150 1209 2186; x_wconf 77' lang='lat'><strong>¹⁸</strong></span> 
     </span>
     <span class='ocr_line' id='line_1_24' title="bbox 72 2251 1124 2342; baseline 0.005 -28"><span class='ocrx_word' id='word_1_187' title='bbox 72 2273 214 2315; x_wconf 86' lang='lat' dir='ltr'><strong>mermes</strong></span> <span class='ocrx_word' id='word_1_188' title='bbox 228 2275 301 2316; x_wconf 86' lang='lat' dir='ltr'><strong>cunr</strong></span> <span class='ocrx_word' id='word_1_189' title='bbox 321 2251 454 2338; x_wconf 85' lang='lat' dir='ltr'><strong>siugulis</strong></span> <span class='ocrx_word' id='word_1_190' title='bbox 474 2251 598 2317; x_wconf 90' lang='lat' dir='ltr'><strong>abirent</strong></span> <span class='ocrx_word' id='word_1_191' title='bbox 612 2251 816 2316; x_wconf 85' lang='lat' dir='ltr'><strong>vestimentis.</strong></span> <span class='ocrx_word' id='word_1_192' title='bbox 896 2253 950 2316; x_wconf 90' lang='lat' dir='ltr'><strong>ein</strong></span> <span class='ocrx_word' id='word_1_193' title='bbox 973 2276 1002 2331; x_wconf 89' lang='lat' dir='ltr'><strong>e,</strong></span> <span class='ocrx_word' id='word_1_194' title='bbox 1018 2256 1124 2342; x_wconf 89' lang='lat' dir='ltr'><strong>utqui</strong></span> 
     </span>
     <span class='ocr_line' id='line_1_25' title="bbox 72 2335 1126 2486; baseline 0.005 -85"><span class='ocrx_word' id='word_1_195' title='bbox 72 2360 94 2401; x_wconf 86' lang='lat' dir='ltr'><strong>a</strong></span> <span class='ocrx_word' id='word_1_196' title='bbox 108 2337 267 2486; x_wconf 58' lang='lat' dir='ltr'><strong>plrincipio</strong></span> <span class='ocrx_word' id='word_1_197' title='bbox 282 2338 368 2403; x_wconf 88' lang='lat' dir='ltr'><strong>mitis</strong></span> <span class='ocrx_word' id='word_1_198' title='bbox 383 2339 531 2403; x_wconf 90' lang='lat' dir='ltr'><strong>omnibus</strong></span> <span class='ocrx_word' id='word_1_199' title='bbox 545 2337 674 2414; x_wconf 89' lang='lat' dir='ltr'><strong>Italicis,</strong></span> <span class='ocrx_word' id='word_1_200' title='bbox 690 2349 816 2424; x_wconf 88' lang='lat' dir='ltr'><strong>praeter</strong></span> <span class='ocrx_word' id='word_1_201' title='bbox 837 2335 1009 2418; x_wconf 85' lang='lat' dir='ltr'><strong>Romanos,</strong></span> <span class='ocrx_word' id='word_1_202' title='bbox 1024 2341 1126 2406; x_wconf 87' lang='lat' dir='ltr'><strong>videri</strong></span> 
     </span>
    </p>

    <p class='ocr_par' dir='ltr' id='par_1_9' title="bbox 49 2424 1127 2684">
     <span class='ocr_line' id='line_1_26' title="bbox 49 2424 1125 2511; baseline 0.007 -25"><span class='ocrx_word' id='word_1_203' title='bbox 49 2446 114 2486; x_wconf 71' lang='lat' dir='ltr'><strong>ove</strong></span> <span class='ocrx_word' id='word_1_204' title='bbox 139 2435 183 2500; x_wconf 89' lang='lat' dir='ltr'><strong>et,</strong></span> <span class='ocrx_word' id='word_1_205' title='bbox 198 2424 339 2511; x_wconf 89' lang='lat' dir='ltr'><strong>praemia</strong></span> <span class='ocrx_word' id='word_1_206' title='bbox 357 2437 453 2511; x_wconf 85' lang='lat' dir='ltr'><strong>atque</strong></span> <span class='ocrx_word' id='word_1_207' title='bbox 472 2424 619 2500; x_wconf 91' lang='lat' dir='ltr'><strong>honores,</strong></span> <span class='ocrx_word' id='word_1_208' title='bbox 636 2424 692 2511; x_wconf 92' lang='lat' dir='ltr'><strong>qui</strong></span> <span class='ocrx_word' id='word_1_209' title='bbox 711 2438 921 2503; x_wconf 89' lang='lat' dir='ltr'><strong>remanerent,</strong></span> <span class='ocrx_word' id='word_1_210' title='bbox 936 2448 973 2490; x_wconf 88' lang='lat' dir='ltr'><strong>ac</strong></span> <span class='ocrx_word' id='word_1_211' title='bbox 991 2427 1125 2493; x_wconf 87' lang='lat' dir='ltr'><strong>militare</strong></span> 
     </span>
     <span class='ocr_line' id='line_1_27' title="bbox 71 2509 1125 2598; baseline 0.005 -24"><span class='ocrx_word' id='word_1_212' title='bbox 71 2532 186 2574; x_wconf 87' lang='lat' dir='ltr'><strong>secum</strong></span> <span class='ocrx_word' id='word_1_213' title='bbox 200 2509 381 2587; x_wconf 86' lang='lat' dir='ltr'><strong>voluissent,</strong></span> <span class='ocrx_word' id='word_1_214' title='bbox 393 2511 566 2598; x_wconf 77' lang='lat' dir='ltr'><strong>proposuit</strong></span> <span class='ocrx_word' id='word_1_215' title='bbox 606 2509 678 2576; x_wconf 94' lang='lat' dir='ltr'><strong>Nec</strong></span> <span class='ocrx_word' id='word_1_216' title='bbox 687 2533 726 2575; x_wconf 88' lang='lat' dir='ltr'><strong>ea</strong></span> <span class='ocrx_word' id='word_1_217' title='bbox 736 2533 791 2598; x_wconf 90' lang='lat' dir='ltr'><strong>spe</strong></span> <span class='ocrx_word' id='word_1_218' title='bbox 803 2533 997 2598; x_wconf 87' lang='lat' dir='ltr'><strong>quemquam</strong></span> <span class='ocrx_word' id='word_1_219' title='bbox 1012 2515 1125 2579; x_wconf 84' lang='lat' dir='ltr'><strong>tenuit.</strong></span> 
     </span>
     <span class='ocr_line' id='line_1_28' title="bbox 72 2595 1127 2684; baseline 0.005 -24"><span class='ocrx_word' id='word_1_220' title='bbox 72 2595 202 2682; x_wconf 88' lang='lat' dir='ltr'><strong>Dilapsi</strong></span> <span class='ocrx_word' id='word_1_221' title='bbox 217 2618 337 2674; x_wconf 89' lang='lat' dir='ltr'><strong>omnes,</strong></span> <span class='ocrx_word' id='word_1_222' title='bbox 353 2619 545 2683; x_wconf 91' lang='lat' dir='ltr'><strong>quocunque</strong></span> <span class='ocrx_word' id='word_1_223' title='bbox 567 2596 703 2684; x_wconf 88' lang='lat' dir='ltr'><strong>hospitia</strong></span> <span class='ocrx_word' id='word_1_224' title='bbox 717 2611 773 2661; x_wconf 91' lang='lat' dir='ltr'><strong>aut</strong></span> <span class='ocrx_word' id='word_1_225' title='bbox 786 2597 934 2662; x_wconf 88' lang='lat' dir='ltr'><strong>fortuitus</strong></span> <span class='ocrx_word' id='word_1_226' title='bbox 953 2600 1053 2664; x_wconf 90' lang='lat' dir='ltr'><strong>animi</strong></span> <span class='ocrx_word' id='word_1_227' title='bbox 1067 2601 1127 2665; x_wconf 91' lang='lat' dir='ltr'><strong>im·</strong></span> 
     </span>
    </p>

    <p class='ocr_par' dir='ltr' id='par_1_10' title="bbox 118 2681 1128 2776">
     <span class='ocr_line' id='line_1_29' title="bbox 118 2681 1128 2776; baseline 0.004 -28"><span class='ocrx_word' id='word_1_228' title='bbox 118 2694 170 2748; x_wconf 91' lang='lat' dir='ltr'><strong>tus</strong></span> <span class='ocrx_word' id='word_1_229' title='bbox 190 2681 273 2759; x_wconf 84' lang='lat' dir='ltr'><strong>tulit,</strong></span> <span class='ocrx_word' id='word_1_230' title='bbox 288 2705 347 2769; x_wconf 89' lang='lat' dir='ltr'><strong>per</strong></span> <span class='ocrx_word' id='word_1_231' title='bbox 363 2681 558 2770; x_wconf 87' lang='lat' dir='ltr'><strong>Campaniae</strong></span> <span class='ocrx_word' id='word_1_232' title='bbox 580 2683 683 2760; x_wconf 90' lang='lat' dir='ltr'><strong>urbes,</strong></span> <span class='ocrx_word' id='word_1_233' title='bbox 699 2683 836 2748; x_wconf 89' lang='lat' dir='ltr'><strong>maxime</strong></span> <span class='ocrx_word' id='word_1_234' title='bbox 858 2683 976 2750; x_wconf 89' lang='lat' dir='ltr'><strong>Nolam</strong></span> <span class='ocrx_word' id='word_1_235' title='bbox 997 2685 1128 2776; x_wconf 90' lang='lat' dir='ltr'><strong>Neapo-</strong></span> 
     </span>
    </p>

    <p class='ocr_par' dir='ltr' id='par_1_11' title="bbox 72 2705 1128 2954">
     <span class='ocr_line' id='line_1_30' title="bbox 72 2705 1127 2861; baseline 0.007 -29"><span class='ocrx_word' id='word_1_236' title='bbox 72 2705 207 2854; x_wconf 71' lang='lat' dir='ltr'><strong>iiinque.</strong></span> <span class='ocrx_word' id='word_1_237' title='bbox 256 2769 366 2844; x_wconf 81' lang='lat' dir='ltr'><strong>Quum</strong></span> <span class='ocrx_word' id='word_1_238' title='bbox 388 2768 487 2834; x_wconf 89' lang='lat' dir='ltr'><strong>ferme</strong></span> <span class='ocrx_word' id='word_1_239' title='bbox 508 2769 636 2856; x_wconf 81' lang='lat' dir='ltr'><strong>triginta</strong></span> <span class='ocrx_word' id='word_1_240' title='bbox 658 2781 827 2847; x_wconf 87' lang='lat' dir='ltr'><strong>senatores,</strong></span> <span class='ocrx_word' id='word_1_241' title='bbox 847 2793 883 2836; x_wconf 88' lang='lat' dir='ltr'><strong>ac</strong></span> <span class='ocrx_word' id='word_1_242' title='bbox 904 2772 984 2837; x_wconf 85' lang='lat' dir='ltr'><strong>forte</strong></span> <span class='ocrx_word' id='word_1_243' title='bbox 1006 2775 1127 2861; x_wconf 91' lang='lat' dir='ltr'><strong>primus</strong></span> 
     </span>
     <span class='ocr_line' id='line_1_31' title="bbox 74 2853 1128 2954; baseline 0.007 -36"><span class='ocrx_word' id='word_1_244' title='bbox 74 2854 225 2954; x_wconf 92' lang='lat' dir='ltr'><strong>quisque,</strong></span> <span class='ocrx_word' id='word_1_245' title='bbox 240 2853 386 2943; x_wconf 88' lang='lat' dir='ltr'><strong>Capuam</strong></span> <span class='ocrx_word' id='word_1_246' title='bbox 442 2855 563 2932; x_wconf 87' lang='lat' dir='ltr'><strong>tissent,</strong></span> <span class='ocrx_word' id='word_1_247' title='bbox 574 2856 695 2921; x_wconf 85' lang='lat' dir='ltr'><strong>exclusi</strong></span> <span class='ocrx_word' id='word_1_248' title='bbox 710 2856 796 2934; x_wconf 89' lang='lat' dir='ltr'><strong>inde,</strong></span> <span class='ocrx_word' id='word_1_249' title='bbox 812 2857 900 2942; x_wconf 90' lang='lat' dir='ltr'><strong>quod</strong></span> <span class='ocrx_word' id='word_1_250' title='bbox 914 2871 1021 2946; x_wconf 89' lang='lat' dir='ltr'><strong>portas</strong></span> <span class='ocrx_word' id='word_1_251' title='bbox 1035 2859 1128 2924; x_wconf 89' lang='lat' dir='ltr'><strong>Han·</strong></span> 
     </span>
    </p>

    <p class='ocr_par' dir='ltr' id='par_1_12' title="bbox 75 2940 1128 3031">
     <span class='ocr_line' id='line_1_32' title="bbox 75 2940 1128 3031; baseline 0.005 -26"><span class='ocrx_word' id='word_1_252' title='bbox 75 2940 176 3006; x_wconf 88' lang='lat' dir='ltr'><strong>nibalr</strong></span> <span class='ocrx_word' id='word_1_253' title='bbox 191 2941 385 3019; x_wconf 83' lang='lat' dir='ltr'><strong>clausissent,</strong></span> <span class='ocrx_word' id='word_1_254' title='bbox 431 2963 520 3006; x_wconf 89' lang='lat' dir='ltr'><strong>umas</strong></span> <span class='ocrx_word' id='word_1_255' title='bbox 534 2964 568 3006; x_wconf 91' lang='lat' dir='ltr'><strong>se</strong></span> <span class='ocrx_word' id='word_1_256' title='bbox 583 2941 796 3008; x_wconf 89' lang='lat' dir='ltr'><strong>contulerunt.</strong></span> <span class='ocrx_word' id='word_1_257' title='bbox 835 2942 994 3008; x_wconf 86' lang='lat' dir='ltr'><strong>Nuceriae</strong></span> <span class='ocrx_word' id='word_1_258' title='bbox 1010 2946 1128 3031; x_wconf 86' lang='lat' dir='ltr'><strong>praeda</strong></span> 
     </span>
    </p>

    <p class='ocr_par' dir='ltr' id='par_1_13' title="bbox 75 3026 1129 3114">
     <span class='ocr_line' id='line_1_33' title="bbox 75 3026 1129 3114; baseline 0.004 -22"><span class='ocrx_word' id='word_1_259' title='bbox 75 3026 172 3092; x_wconf 90' lang='lat' dir='ltr'><strong>militi</strong></span> <span class='ocrx_word' id='word_1_260' title='bbox 192 3027 267 3092; x_wconf 89' lang='lat' dir='ltr'><strong>data</strong></span> <span class='ocrx_word' id='word_1_261' title='bbox 285 3039 343 3105; x_wconf 85' lang='lat' dir='ltr'><strong>est,</strong></span> <span class='ocrx_word' id='word_1_262' title='bbox 358 3028 433 3092; x_wconf 91' lang='lat' dir='ltr'><strong>urbs</strong></span> <span class='ocrx_word' id='word_1_263' title='bbox 452 3027 579 3114; x_wconf 87' lang='lat' dir='ltr'><strong>direpta</strong></span> <span class='ocrx_word' id='word_1_264' title='bbox 599 3041 695 3114; x_wconf 87' lang='lat' dir='ltr'><strong>atque</strong></span> <span class='ocrx_word' id='word_1_265' title='bbox 716 3028 854 3093; x_wconf 90' lang='lat' dir='ltr'><strong>incensa.</strong></span> <span class='ocrx_word' id='word_1_266' title='bbox 901 3028 1019 3094; x_wconf 89' lang='lat' dir='ltr'><strong>Nolam</strong></span> <span class='ocrx_word' id='word_1_267' title='bbox 1038 3029 1129 3096; x_wconf 87' lang='lat' dir='ltr'><strong>Mar-</strong></span> 
     </span>
    </p>

    <p class='ocr_par' dir='ltr' id='par_1_14' title="bbox 75 3111 1129 3213">
     <span class='ocr_line' id='line_1_34' title="bbox 75 3111 1129 3213; baseline 0.002 -35"><span class='ocrx_word' id='word_1_268' title='bbox 75 3111 178 3179; x_wconf 88' lang='lat' dir='ltr'><strong>cellus</strong></span> <span class='ocrx_word' id='word_1_269' title='bbox 191 3136 257 3179; x_wconf 89' lang='lat' dir='ltr'><strong>uon</strong></span> <span class='ocrx_word' id='word_1_270' title='bbox 272 3115 321 3178; x_wconf 91' lang='lat' dir='ltr'><strong>sui</strong></span> <span class='ocrx_word' id='word_1_271' title='bbox 336 3114 437 3200; x_wconf 83' lang='lat' dir='ltr'><strong>magis</strong></span> <span class='ocrx_word' id='word_1_272' title='bbox 448 3114 567 3179; x_wconf 88' lang='lat' dir='ltr'><strong>fiducia</strong></span> <span class='ocrx_word' id='word_1_273' title='bbox 580 3113 739 3213; x_wconf 88' lang='lat' dir='ltr'><strong>praesidii,</strong></span> <span class='ocrx_word' id='word_1_274' title='bbox 752 3137 849 3201; x_wconf 89' lang='lat' dir='ltr'><strong>quam</strong></span> <span class='ocrx_word' id='word_1_275' title='bbox 863 3115 1025 3180; x_wconf 85' lang='lat' dir='ltr'><strong>voluntate</strong></span> <span class='ocrx_word' id='word_1_276' title='bbox 1039 3117 1129 3204; x_wconf 91' lang='lat' dir='ltr'><strong>prin-</strong></span> 
     </span>
    </p>

    <p class='ocr_par' dir='ltr' id='par_1_15' title="bbox 77 3199 1274 3977">
     <span class='ocr_line' id='line_1_35' title="bbox 77 3199 1244 3286; baseline 0.003 -24"><span class='ocrx_word' id='word_1_277' title='bbox 77 3199 198 3286; x_wconf 89' lang='lat' dir='ltr'><strong>cipum,</strong></span> <span class='ocrx_word' id='word_1_278' title='bbox 227 3199 372 3265; x_wconf 87' lang='lat' dir='ltr'><strong>habebat.</strong></span> <span class='ocrx_word' id='word_1_279' title='bbox 426 3199 543 3265; x_wconf 89' lang='lat' dir='ltr'><strong>Plebes</strong></span> <span class='ocrx_word' id='word_1_280' title='bbox 572 3201 756 3282; x_wconf 75' lang='lat' dir='ltr'><strong>timebatur,</strong></span> <span class='ocrx_word' id='word_1_281' title='bbox 781 3212 816 3264; x_wconf 91' lang='lat' dir='ltr'><strong>et</strong></span> <span class='ocrx_word' id='word_1_282' title='bbox 843 3212 918 3264; x_wconf 87' lang='lat' dir='ltr'><strong>ante</strong></span> <span class='ocrx_word' id='word_1_283' title='bbox 947 3223 1058 3266; x_wconf 90' lang='lat' dir='ltr'><strong>omnes</strong></span> <span class='ocrx_word' id='word_1_284' title='bbox 1087 3203 1125 3268; x_wconf 91' lang='lat' dir='ltr'><strong>L.</strong></span> <span class='ocrx_word' id='word_1_285' title='bbox 1137 3213 1244 3266; x_wconf 77' lang='grc' dir='ltr'>Βιιιιιιι</span> 
     </span>
     <span class='ocr_line' id='line_1_36' title="bbox 77 3279 1252 3365; baseline 0.004 -16"><span class='ocrx_word' id='word_1_286' title='bbox 77 3285 225 3364; x_wconf 87' lang='lat' dir='ltr'><strong>Bantius,</strong></span> <span class='ocrx_word' id='word_1_287' title='bbox 264 3309 337 3352; x_wconf 88' lang='lat' dir='ltr'><strong>uem</strong></span> <span class='ocrx_word' id='word_1_288' title='bbox 351 3293 524 3352; x_wconf 78' lang='lat' dir='ltr'><strong>consensus</strong></span> <span class='ocrx_word' id='word_1_289' title='bbox 537 3298 710 3351; x_wconf 86' lang='lat' dir='ltr'><strong>attentatae</strong></span> <span class='ocrx_word' id='word_1_290' title='bbox 724 3285 920 3365; x_wconf 85' lang='lat' dir='ltr'><strong>defectionis,</strong></span> <span class='ocrx_word' id='word_1_291' title='bbox 937 3309 973 3352; x_wconf 91' lang='lat' dir='ltr'><strong>ac</strong></span> <span class='ocrx_word' id='word_1_292' title='bbox 988 3300 1092 3353; x_wconf 90' lang='lat' dir='ltr'><strong>metus</strong></span> <span class='ocrx_word' id='word_1_293' title='bbox 1110 3279 1252 3354; x_wconf 58' lang='lat' dir='ltr'><strong>,Nolanus</strong></span> 
     </span>
     <span class='ocr_line' id='line_1_37' title="bbox 77 3310 1274 3472; baseline 0.005 -37"><span class='ocrx_word' id='word_1_294' title='bbox 77 3383 222 3472; x_wconf 88' lang='lat' dir='ltr'><strong>praetore</strong></span> <span class='ocrx_word' id='word_1_295' title='bbox 239 3310 397 3451; x_wconf 69' lang='lat' dir='ltr'><strong>dommo,</strong></span> <span class='ocrx_word' id='word_1_296' title='bbox 412 3394 500 3438; x_wconf 91' lang='lat' dir='ltr'><strong>nunc</strong></span> <span class='ocrx_word' id='word_1_297' title='bbox 514 3372 555 3438; x_wconf 91' lang='lat' dir='ltr'><strong>ad</strong></span> <span class='ocrx_word' id='word_1_298' title='bbox 569 3371 781 3459; x_wconf 88' lang='lat' dir='ltr'><strong>proditionem</strong></span> <span class='ocrx_word' id='word_1_299' title='bbox 795 3373 925 3458; x_wconf 88' lang='lat' dir='ltr'><strong>patriae,</strong></span> <span class='ocrx_word' id='word_1_300' title='bbox 938 3395 1034 3453; x_wconf 91' lang='lat' dir='ltr'><strong>nunc,</strong></span> <span class='ocrx_word' id='word_1_301' title='bbox 1046 3376 1073 3439; x_wconf 91' lang='lat' dir='ltr'><strong>si</strong></span> <span class='ocrx_word' id='word_1_302' title='bbox 1088 3376 1128 3440; x_wconf 86' lang='lat' dir='ltr'><strong>ad</strong></span> <span class='ocrx_word' id='word_1_303' title='bbox 1137 3357 1274 3456; x_wconf 60' lang='lat' dir='ltr'><strong>ffiiffi</strong></span> 
     </span>
     <span class='ocr_line' id='line_1_38' title="bbox 77 3457 1226 3545; baseline 0.002 -23"><span class='ocrx_word' id='word_1_304' title='bbox 77 3457 114 3522; x_wconf 87' lang='lat' dir='ltr'><strong>rd</strong></span> <span class='ocrx_word' id='word_1_305' title='bbox 133 3457 262 3524; x_wconf 88' lang='lat' dir='ltr'><strong>fortuna</strong></span> <span class='ocrx_word' id='word_1_306' title='bbox 278 3459 440 3537; x_wconf 87' lang='lat' dir='ltr'><strong>defirisset,</strong></span> <span class='ocrx_word' id='word_1_307' title='bbox 456 3459 497 3524; x_wconf 85' lang='lat' dir='ltr'><strong>ad</strong></span> <span class='ocrx_word' id='word_1_308' title='bbox 520 3457 793 3545; x_wconf 83' lang='lat' dir='ltr'><strong>transfugiendum</strong></span> <span class='ocrx_word' id='word_1_309' title='bbox 813 3458 1005 3525; x_wconf 84' lang='lat' dir='ltr'><strong>stimulabat.</strong></span> <span class='ocrx_word' id='word_1_310' title='bbox 1051 3461 1130 3527; x_wconf 90' lang='lat' dir='ltr'><strong>Erat</strong></span> <span class='ocrx_word' id='word_1_311' title='bbox 1137 3472 1226 3524; x_wconf 82' lang='lat' dir='ltr'><strong>batem</strong></span> 
     </span>
     <span class='ocr_line' id='line_1_39' title="bbox 78 3544 1130 3631; baseline 0.005 -23"><span class='ocrx_word' id='word_1_312' title='bbox 78 3544 204 3608; x_wconf 87' lang='lat' dir='ltr'><strong>iuvenis</strong></span> <span class='ocrx_word' id='word_1_313' title='bbox 218 3567 300 3623; x_wconf 90' lang='lat' dir='ltr'><strong>acer,</strong></span> <span class='ocrx_word' id='word_1_314' title='bbox 316 3557 349 3609; x_wconf 91' lang='lat' dir='ltr'><strong>et</strong></span> <span class='ocrx_word' id='word_1_315' title='bbox 363 3545 521 3610; x_wconf 89' lang='lat' dir='ltr'><strong>sociorum</strong></span> <span class='ocrx_word' id='word_1_316' title='bbox 536 3567 574 3609; x_wconf 88' lang='lat' dir='ltr'><strong>ea</strong></span> <span class='ocrx_word' id='word_1_317' title='bbox 594 3556 781 3630; x_wconf 88' lang='lat' dir='ltr'><strong>tempestate</strong></span> <span class='ocrx_word' id='word_1_318' title='bbox 801 3567 901 3631; x_wconf 87' lang='lat' dir='ltr'><strong>prope</strong></span> <span class='ocrx_word' id='word_1_319' title='bbox 917 3545 1130 3613; x_wconf 90' lang='lat' dir='ltr'><strong>nobilissimus</strong></span> 
     </span>
     <span class='ocr_line' id='line_1_40' title="bbox 78 3629 1130 3715; baseline 0.005 -21"><span class='ocrx_word' id='word_1_320' title='bbox 78 3652 187 3715; x_wconf 88' lang='lat' dir='ltr'><strong>eques.</strong></span> <span class='ocrx_word' id='word_1_321' title='bbox 235 3629 436 3696; x_wconf 85' lang='lat' dir='ltr'><strong>Seminecem</strong></span> <span class='ocrx_word' id='word_1_322' title='bbox 460 3653 533 3696; x_wconf 93' lang='lat' dir='ltr'><strong>eum</strong></span> <span class='ocrx_word' id='word_1_323' title='bbox 557 3630 599 3694; x_wconf 87' lang='lat' dir='ltr'><strong>ad</strong></span> <span class='ocrx_word' id='word_1_324' title='bbox 624 3629 753 3694; x_wconf 88' lang='lat' dir='ltr'><strong>Cannas</strong></span> <span class='ocrx_word' id='word_1_325' title='bbox 775 3630 810 3694; x_wconf 92' lang='lat' dir='ltr'><strong>in</strong></span> <span class='ocrx_word' id='word_1_326' title='bbox 832 3653 945 3696; x_wconf 85' lang='lat' dir='ltr'><strong>acervo</strong></span> <span class='ocrx_word' id='word_1_327' title='bbox 966 3653 1130 3699; x_wconf 85' lang='lat' dir='ltr'><strong>caesorum</strong></span> 
     </span>
     <span class='ocr_line' id='line_1_41' title="bbox 79 3717 1130 3804; baseline 0.005 -24"><span class='ocrx_word' id='word_1_328' title='bbox 79 3738 249 3803; x_wconf 92' lang='lat' dir='ltr'><strong>corporum</strong></span> <span class='ocrx_word' id='word_1_329' title='bbox 263 3717 440 3794; x_wconf 84' lang='lat' dir='ltr'><strong>inventum,</strong></span> <span class='ocrx_word' id='word_1_330' title='bbox 456 3729 664 3804; x_wconf 88' lang='lat' dir='ltr'><strong>curatumque</strong></span> <span class='ocrx_word' id='word_1_331' title='bbox 677 3717 825 3803; x_wconf 83' lang='lat' dir='ltr'><strong>benigne,</strong></span> <span class='ocrx_word' id='word_1_332' title='bbox 841 3717 937 3782; x_wconf 89' lang='lat' dir='ltr'><strong>etiam</strong></span> <span class='ocrx_word' id='word_1_333' title='bbox 949 3741 1022 3782; x_wconf 90' lang='lat' dir='ltr'><strong>cum</strong></span> <span class='ocrx_word' id='word_1_334' title='bbox 1037 3718 1130 3786; x_wconf 89' lang='lat' dir='ltr'><strong>donis</strong></span> 
     </span>
     <span class='ocr_line' id='line_1_42' title="bbox 81 3801 1130 3890; baseline 0.007 -25"><span class='ocrx_word' id='word_1_335' title='bbox 81 3801 246 3868; x_wconf 88' lang='lat' dir='ltr'><strong>Hannibal</strong></span> <span class='ocrx_word' id='word_1_336' title='bbox 260 3803 391 3869; x_wconf 90' lang='lat' dir='ltr'><strong>domum</strong></span> <span class='ocrx_word' id='word_1_337' title='bbox 411 3804 581 3869; x_wconf 81' lang='lat' dir='ltr'><strong>remiserat</strong></span> <span class='ocrx_word' id='word_1_338' title='bbox 629 3803 681 3869; x_wconf 94' lang='lat' dir='ltr'><strong>Ob</strong></span> <span class='ocrx_word' id='word_1_339' title='bbox 702 3803 770 3868; x_wconf 87' lang='lat' dir='ltr'><strong>eius</strong></span> <span class='ocrx_word' id='word_1_340' title='bbox 784 3803 917 3890; x_wconf 83' lang='lat' dir='ltr'><strong>gratiam</strong></span> <span class='ocrx_word' id='word_1_341' title='bbox 937 3805 1043 3870; x_wconf 88' lang='lat' dir='ltr'><strong>meriti</strong></span> <span class='ocrx_word' id='word_1_342' title='bbox 1062 3829 1130 3872; x_wconf 88' lang='lat' dir='ltr'><strong>rem</strong></span> 
     </span>
     <span class='ocr_line' id='line_1_43' title="bbox 80 3887 1131 3977; baseline 0.005 -24"><span class='ocrx_word' id='word_1_343' title='bbox 80 3887 242 3953; x_wconf 87' lang='lat' dir='ltr'><strong>Nolanam</strong></span> <span class='ocrx_word' id='word_1_344' title='bbox 254 3890 288 3954; x_wconf 92' lang='lat' dir='ltr'><strong>in</strong></span> <span class='ocrx_word' id='word_1_345' title='bbox 299 3891 348 3956; x_wconf 91' lang='lat' dir='ltr'><strong>ius</strong></span> <span class='ocrx_word' id='word_1_346' title='bbox 357 3891 576 3977; x_wconf 89' lang='lat' dir='ltr'><strong>ditionemque</strong></span> <span class='ocrx_word' id='word_1_347' title='bbox 587 3891 662 3956; x_wconf 88' lang='lat' dir='ltr'><strong>dare</strong></span> <span class='ocrx_word' id='word_1_348' title='bbox 669 3889 818 3955; x_wconf 79' lang='lat' dir='ltr'><strong>‘voluerat</strong></span> <span class='ocrx_word' id='word_1_349' title='bbox 831 3889 959 3955; x_wconf 86' lang='lat' dir='ltr'><strong>Poeno:</strong></span> <span class='ocrx_word' id='word_1_350' title='bbox 984 3893 1131 3958; x_wconf 88' lang='lat' dir='ltr'><strong>anxium-</strong></span> 
     </span>
    </p>
   </div>
   <div class='ocr_carea' id='block_1_3' title="bbox 79 4097 1132 4418">
    <p class='ocr_par' dir='ltr' id='par_1_16' title="bbox 79 4097 1132 4293">
     <span class='ocr_line' id='line_1_44' title="bbox 115 4097 1132 4162; baseline 0.002 -15"><span class='ocrx_word' id='word_1_351' title='bbox 115 4099 402 4162; x_wconf 77' lang='lat' dir='ltr'><strong>1Ooncadeadoptebai]</strong></span> <span class='ocrx_word' id='word_1_352' title='bbox 427 4099 513 4155; x_wconf 80' lang='lat' dir='ltr'><strong>Quum</strong></span> <span class='ocrx_word' id='word_1_353' title='bbox 524 4113 592 4146; x_wconf 72' lang='lat' dir='ltr'><strong>sana</strong></span> <span class='ocrx_word' id='word_1_354' title='bbox 626 4097 733 4147; x_wconf 82' lang='lat' dir='ltr'><strong>Bakker.</strong></span> <span class='ocrx_word' id='word_1_355' title='bbox 755 4099 863 4148; x_wconf 82' lang='lat' dir='ltr'><strong>retinuit.</strong></span> <span class='ocrx_word' id='word_1_356' title='bbox 899 4102 948 4158; x_wconf 77' lang='lat' dir='ltr'><strong>Qut</strong></span> <span class='ocrx_word' id='word_1_357' title='bbox 968 4104 1132 4152; x_wconf 64' lang='lat' dir='ltr'><strong>mmmmm</strong></span> 
     </span>
     <span class='ocr_line' id='line_1_45' title="bbox 79 4161 1131 4226; baseline 0.004 -15"><span class='ocrx_word' id='word_1_358' title='bbox 79 4169 120 4212; x_wconf 89' lang='lat' dir='ltr'><strong>tus</strong></span> <span class='ocrx_word' id='word_1_359' title='bbox 131 4161 214 4225; x_wconf 87' lang='lat' dir='ltr'><strong>plebei</strong></span> <span class='ocrx_word' id='word_1_360' title='bbox 224 4161 389 4222; x_wconf 80' lang='lat' dir='ltr'><strong>concessisset,</strong></span> <span class='ocrx_word' id='word_1_361' title='bbox 397 4177 423 4211; x_wconf 87' lang='lat' dir='ltr'><strong>se</strong></span> <span class='ocrx_word' id='word_1_362' title='bbox 431 4163 593 4223; x_wconf 79' lang='lat' dir='ltr'><strong>deiecturum,</strong></span> <span class='ocrx_word' id='word_1_363' title='bbox 626 4161 716 4211; x_wconf 86' lang='lat' dir='ltr'><strong>Stroth.</strong></span> <span class='ocrx_word' id='word_1_364' title='bbox 728 4163 828 4226; x_wconf 88' lang='lat' dir='ltr'><strong>recepit.</strong></span> <span class='ocrx_word' id='word_1_365' title='bbox 860 4164 977 4213; x_wconf 85' lang='lat' dir='ltr'><strong>Ceterum</strong></span> <span class='ocrx_word' id='word_1_366' title='bbox 988 4171 1070 4214; x_wconf 82' lang='lat' dir='ltr'><strong>noster</strong></span> <span class='ocrx_word' id='word_1_367' title='bbox 1079 4181 1131 4215; x_wconf 87' lang='lat' dir='ltr'><strong>sae·</strong></span> 
     </span>
     <span class='ocr_line' id='line_1_46' title="bbox 79 4225 1131 4293; baseline 0.003 -17"><span class='ocrx_word' id='word_1_368' title='bbox 79 4228 122 4276; x_wconf 92' lang='lat' dir='ltr'><strong>ubi</strong></span> <span class='ocrx_word' id='word_1_369' title='bbox 134 4227 207 4290; x_wconf 90' lang='lat' dir='ltr'><strong>plebs</strong></span> <span class='ocrx_word' id='word_1_370' title='bbox 217 4227 300 4276; x_wconf 80' lang='lat' dir='ltr'><strong>reflat.</strong></span> <span class='ocrx_word' id='word_1_371' title='bbox 623 4225 678 4288; x_wconf 88' lang='lat' dir='ltr'><strong>pius</strong></span> <span class='ocrx_word' id='word_1_372' title='bbox 700 4241 834 4289; x_wconf 87' lang='lat' dir='ltr'><strong>pronomen</strong></span> <span class='ocrx_word' id='word_1_373' title='bbox 854 4228 944 4286; x_wconf 88' lang='lat' dir='ltr'><strong>omisit,</strong></span> <span class='ocrx_word' id='word_1_374' title='bbox 965 4244 1030 4291; x_wconf 89' lang='lat' dir='ltr'><strong>supr.</strong></span> <span class='ocrx_word' id='word_1_375' title='bbox 1047 4229 1074 4281; x_wconf 89' lang='lat' dir='ltr'><strong>ii.</strong></span> <span class='ocrx_word' id='word_1_376' title='bbox 1091 4244 1131 4293; x_wconf 65' lang='grc' dir='ltr'><strong>η,</strong></span> 
     </span>
    </p>

    <p class='ocr_par' dir='ltr' id='par_1_17' title="bbox 79 4289 1131 4418">
     <span class='ocr_line' id='line_1_47' title="bbox 113 4289 1131 4356; baseline 0.004 -16"><span class='ocrx_word' id='word_1_377' title='bbox 113 4292 197 4350; x_wconf 80' lang='lat' dir='ltr'><strong>aQaa&#39;</strong></span> <span class='ocrx_word' id='word_1_378' title='bbox 213 4294 379 4353; x_wconf 76' lang='lat' dir='ltr'><strong>remanerent]</strong></span> <span class='ocrx_word' id='word_1_379' title='bbox 405 4292 455 4350; x_wconf 79' lang='lat' dir='ltr'><strong>Qui</strong></span> <span class='ocrx_word' id='word_1_380' title='bbox 471 4306 590 4340; x_wconf 67' lang='lat' dir='ltr'><strong>mame·</strong></span> <span class='ocrx_word' id='word_1_381' title='bbox 623 4289 656 4340; x_wconf 88' lang='lat' dir='ltr'><strong>iti.</strong></span> <span class='ocrx_word' id='word_1_382' title='bbox 669 4307 708 4352; x_wconf 88' lang='lat'><strong>44.</strong></span> <span class='ocrx_word' id='word_1_383' title='bbox 724 4289 755 4340; x_wconf 82' lang='lat' dir='ltr'><strong>ir.</strong></span> <span class='ocrx_word' id='word_1_384' title='bbox 769 4305 791 4353; x_wconf 82' lang='lat'><strong>3.</strong></span> <span class='ocrx_word' id='word_1_385' title='bbox 814 4291 844 4341; x_wconf 81' lang='lat' dir='ltr'><strong>ct&#39;.</strong></span> <span class='ocrx_word' id='word_1_386' title='bbox 858 4291 910 4341; x_wconf 80' lang='lat' dir='ltr'><strong>cic.</strong></span> <span class='ocrx_word' id='word_1_387' title='bbox 923 4291 996 4343; x_wconf 88' lang='lat' dir='ltr'><strong>Tusc.</strong></span> <span class='ocrx_word' id='word_1_388' title='bbox 1009 4294 1094 4351; x_wconf 76' lang='lat' dir='ltr'><strong>Qus.</strong></span> <span class='ocrx_word' id='word_1_389' title='bbox 1108 4305 1131 4356; x_wconf 78' lang='lat'><strong>7.</strong></span> 
     </span>
     <span class='ocr_line' id='line_1_48' title="bbox 79 4354 591 4418; baseline -0.004 -12"><span class='ocrx_word' id='word_1_390' title='bbox 79 4363 139 4406; x_wconf 82' lang='lat' dir='ltr'><strong>rant</strong></span> <span class='ocrx_word' id='word_1_391' title='bbox 155 4355 182 4405; x_wconf 91' lang='lat' dir='ltr'><strong>in</strong></span> <span class='ocrx_word' id='word_1_392' title='bbox 198 4354 309 4418; x_wconf 86' lang='lat' dir='ltr'><strong>pluribus</strong></span> <span class='ocrx_word' id='word_1_393' title='bbox 320 4369 372 4407; x_wconf 83' lang='lat' dir='ltr'><strong>uss.</strong></span> <span class='ocrx_word' id='word_1_394' title='bbox 384 4355 514 4418; x_wconf 84' lang='lat' dir='ltr'><strong>invenitur,</strong></span> <span class='ocrx_word' id='word_1_395' title='bbox 524 4355 591 4417; x_wconf 89' lang='lat' dir='ltr'><strong>quod</strong></span> 
     </span>
    </p>
   </div>
   <div class='ocr_carea' id='block_1_4' title="bbox 0 0 1500 4778">
    <p class='ocr_par' dir='ltr' id='par_1_18' title="bbox 0 0 1500 4778">
     <span class='ocr_line' id='line_1_49' title="bbox 0 0 1500 4778; baseline 0 0"><span class='ocrx_word' id='word_1_396' title='bbox 0 0 1500 4778; x_wconf 95' lang='lat' dir='ltr'><strong> </strong></span> 
     </span>
    </p>
   </div>
  </div>
 </body>
</html>
