3002 4798
243 691 547 780 EPI'l'OME
592 693 784 778 LIBRI
828 691 978 776 XXII.

514 996 711 1032 ...4-

81 1245 352 1322 HANNIBAL,
377 1269 436 1330 per
464 1249 622 1309 amitinuas
650 1247 771 1332 oiqiliae
800 1249 832 1310 in
855 1248 1023 1332 paludibus
1052 1249 1136 1312 oculo
1181 1261 1184 1268 '

81 1335 207 1408 amima
230 1335 311 1394 venit
334 1335 367 1396 in
387 1333 553 1396 Etruriam
560 1357 573 1408 ,-
594 1355 654 1416 per
675 1355 753 1418 quas
771 1334 902 1418 paludes
924 1336 1087 1419 quatriduo
1108 1345 1138 1398 et

82 1421 185 1482 tribus
199 1420 333 1482 noctibus
346 1422 410 1482 sine
427 1421 492 1482 ulla
509 1421 610 1503 requie
628 1422 685 1482 iter
692 1421 781 1502 fecit.
833 1421 867 1484 0.
878 1421 1052 1484 Flaminius
1066 1443 1136 1484 con·

81 1506 145 1581 sul,
162 1507 248 1568 bomo
270 1508 455 1582 temerarius,
476 1515 582 1568 contra
604 1507 742 1590 auspicia
758 1507 925 1590 profectus,
943 1509 1038 1591 siquis
1056 1509 1136 1570 mili·

83 1593 206 1656 taribus
219 1591 344 1676 qfossu,
360 1615 438 1677 quae
451 1592 517 1655 tolli
533 1613 592 1654 non
601 1601 753 1675 poteram,
769 1601 799 1655 et
813 1593 852 1655 ab
867 1614 949 1677 equo,
965 1615 1052 1678 quem
1066 1615 1137 1656 con·

82 1679 252 1754 scenderat,
263 1699 322 1762 per
335 1688 430 1762 caput
442 1678 605 1753 devolutus,
621 1679 739 1740 inuidia
758 1679 797 1741 ab
811 1679 989 1742 Hannibale
1007 1683 1139 1742 circum·

83 1774 202 1839 ventem,
218 1765 262 1826 ad
281 1765 493 1828 stasimenum
507 1765 608 1827 laeum
625 1785 693 1826 cum
712 1767 842 1828 exercitu
859 1787 963 1828 caenis
976 1775 1028 1829 eet.
1077 1767 1138 1830 Seu

84 1851 195 1926 millia,
222 1873 300 1935 quae
328 1859 500 1935 nuperum,
519 1851 591 1932 fide
618 1851 658 1913 ab
681 1851 867 1914 Maharbale
895 1853 979 1928 data,
1004 1854 1137 1936 perfidia

83 1937 278 2000 Hannibalis
299 1939 402 2000 vincta
423 1946 502 2000 sunt.
555 1936 658 2014 Quum
681 1938 725 1999 ad
745 1940 885 2000 nundum
908 1939 1004 2001 clodis
1021 1939 1138 2002 Romae

85 2025 189 2086 luctus
212 2033 293 2099 esset,
312 2024 391 2086 duae
412 2033 532 2099 matres,
550 2045 586 2085 eu
608 2025 760 2106 insperato
782 2026 907 2107 receptis
916 2025 1010 2104 filiis,
1022 2025 1138 2108 qaudio

85 2118 226 2172 mortuae
254 2119 333 2173 sunt.
393 2109 441 2172 Ob
470 2111 550 2172 banc
579 2109 693 2171 cladem
721 2131 757 2170 ex
789 2109 946 2194 Sibyllinis
974 2111 1059 2172 lobn's
1087 2133 1139 2173 ver

84 2217 213 2259 sacrum
231 2205 340 2259 votum
392 2195 495 2273 Quum
513 2197 618 2258 deinde
641 2195 679 2272 Q.
693 2195 811 2257 Fabius
825 2195 985 2258 Maximus
999 2197 1137 2272 dictator,

85 2283 236 2345 adoerues
256 2282 465 2368 Hannibalem
490 2285 608 2358 missus,
629 2281 720 2344 nollet
741 2283 805 2342 acic
826 2303 895 2344 cum
916 2303 949 2344 eo
970 2281 1138 2366 oonfliqere,

88 2393 136 2445 ne,
167 2377 273 2431 contra
292 2369 428 2452 ferocem
457 2378 502 2432 tot
528 2369 660 2430 victoriis
688 2369 809 2442 bostem
840 2369 977 2431 territum
1006 2369 1140 2431 adversis

83 2455 212 2539 proeliis
231 2455 353 2518 militem
363 2477 488 2540 puqnae
507 2457 707 2529 committeret,
722 2463 760 2529 ct,
776 2455 948 2538 opponendo
961 2477 993 2517 se
1007 2463 1140 2518 tantum·

88 2543 186 2618 modo‚
203 2551 327 2604 cononis
340 2541 529 2604 Hannibalis
550 2541 726 2625 impediret:
756 2541 805 2603 M.
818 2541 977 2604 bfiuucius
998 2544 1141 2626 maqcster

88 2628 333 2712 equitum,seroe
350 2637 379 2690 et
394 2629 580 2702 annaurim,
596 2628 783 2690 criminando
799 2619 974 2690 dictatorem
994 2637 1140 2712 tanquam

88 2736 208 2798 ecquem
223 2722 252 2776 et
265 2714 412 2789 timidum,
428 2713 535 2798 effecit,
552 2723 587 2776 ut
599 2714 710 2798 popule¹
727 2715 811 2776 iussu
830 2724 1013 2798 aequaretur
1030 2717 1059 2776 ei
1072 2737 1140 2778 cum

89 2802 237 2862 dictatore
251 2803 409 2885 imperinm
417 2824 430 2875 ;
452 2801 603 2885 divisoque
616 2802 755 2876 exercitu,
771 2821 863 2885 quum
877 2803 980 2886 iniquo
995 2801 1057 2863 loco
1071 2823 1141 2864 con·

78 2887 226 2971 fliuisset,
248 2897 277 2950 et
295 2890 328 2950 in
348 2889 478 2949 mommo
497 2888 668 2950 discrimine
687 2887 813 2971 leqiones
834 2888 898 2950 eius
916 2896 1020 2962 errant,
1036 2909 1141 2971 supcr-

90 2975 224 3036 veniente
243 2995 311 3036 cum
326 2975 455 3036 coenatu
469 2974 568 3036 Fabio
582 2973 723 3035 Monimo
736 2974 908 3036 discrimine
927 2973 1069 3036 liberatem
1087 2983 1140 3038 at.

98 3059 169 3137 Quo
191 3060 330 3140 beneficio
352 3061 449 3121 victus
473 3069 576 3122 casua
601 3081 669 3122 cum
692 3079 725 3121 eo
750 3062 857 3134 inurit,
882 3069 910 3121 et
927 3069 1050 3142 patrem
1075 3081 1142 3122 eum

91 3146 259 3221 salutauit3
285 3147 419 3229 Hacque
427 3147 538 3228 facere
559 3141 666 3208 milites
688 3147 784 3208 iussit.
830 3144 1001 3222 Hannibal,
1021 3155 1143 3209 uastata

97 3231 281 3316 Campania,
297 3234 376 3294 inter
395 3231 562 3296 Casilinum
578 3233 721 3316 oppidum
734 3241 765 3294 et
784 3230 965 3294 Calliculam
980 3241 1107 3294 montem
1121 3254 1142 3293 a

92 3319 193 3381 Fabio
207 3319 339 3394 clausus,
354 3321 513 3380 sumentis
529 3319 574 3380 ad
586 3340 700 3380 cornua
714 3319 801 3379 boum
815 3316 950 3400 alleqatis
964 3326 993 3379 et
1006 3319 1142 3394 incussis,

86 3405 279 3488 praesidium
294 3405 511 3481 Ronlanorum,
527 3405 608 3489 quod
626 3403 807 3479 Calliculam
827 3403 982 3479 indolebat,
992 3403 1141 3487 fieqaoit:

91 3492 188 3553 etsie
211 3500 415 3574 mamqressus
438 3501 482 3553 est
503 3492 622 3553 saltum.
669 3489 811 3574 Idemque
839 3488 878 3566 Q.
894 3489 989 3552 Fabii
1009 3489 1146 3552 Manui

91 3579 259 3654 dictatoris,
276 3599 369 3662 quum
389 3579 600 3662 circumposita
620 3585 727 3652 ureret,
749 3597 824 3660 aqro
838 3577 983 3661 pepercit,
1004 3576 1144 3638 utillum

92 3674 241 3747 tanquam
272 3665 457 3748 proditorem
493 3673 660 3748 suspectum
687 3664 818 3745 faceret.
878 3662 1008 3726 Amnilio
1040 3662 1145 3725 ddnde

92 3750 209 3813 Paullo
244 3759 275 3813 et
305 3751 445 3812 Terentio
480 3749 615 3812 Varrone
647 3749 816 3812 consulibus
847 3758 877 3811 et
907 3750 1042 3826 ducibus,
1076 3771 1144 3812 cum

93 3839 230 3899 maxima
252 3837 337 3900 clade
360 3837 504 3898 adoerm
525 3836 732 3899 Hannibalem
757 3836 802 3898 od
827 3833 951 3900 Cannas
970 3845 1145 3921 pnqnatum

92 3932 156 3986 est:
190 3945 335 4008 caesaque
360 3945 393 3984 eo
413 3923 529 4007 proelio
554 3923 764 3986 Romanorum
786 3923 992 4008 quodraqinta
1015 3925 1145 4008 qtcinque

93 4009 202 4085 millio,
226 4031 294 4072 cum
315 4009 429 4071 Paullo
452 4008 570 4072 coraule
594 4018 624 4071 et
646 4010 832 4072 seruatoribus
857 4012 1015 4095 octoqinta,
1039 4031 1145 4072 consu·

94 4097 212 4160 lariozs
233 4105 324 4180 atque
339 4098 504 4179 praetoriis
526 4105 584 4158 aut
607 4095 752 4158 aediliciis
775 4096 910 4180 triqinta.
955 4097 1145 4180 Postquam

94 4183 211 4245 cladem
226 4204 320 4267 quum
335 4205 356 4244 a
371 4182 516 4244 nobilibus
530 4181 761 4245 adolescentibus
771 4191 898 4266 propter
912 4183 1145 4266 desperationem

94 4269 252 4332 coruilium
272 4268 309 4329 de
329 4268 523 4353 relinquenda
538 4267 634 4330 Italia
654 4270 790 4343 iniretur,
809 4268 848 4332 P.
867 4269 1023 4332 Cornelius
1043 4268 1146 4351 Scopio

95 4357 234 4420 tribunus
250 4355 387 4430 ueilitum,
404 4357 458 4440 qui
467 4363 572 4440 postea
583 4355 753 4438 Africanus
769 4365 961 4438 nuncupatus
976 4365 1028 4430 cst,
1043 4356 1146 4418 stricto
