2866 4770
330 243 394 304 516
718 235 832 303 ΤΙΤΙ
862 236 999 304 LIVII

177 383 442 454 11.c.549.‘mum
466 372 631 460 acceperit.
677 371 745 437 lllia
764 373 959 460 nuptialibus
982 371 1107 438 facibus
1128 371 1252 458 regiam
1274 371 1388 435 confla·

178 455 208 503 A.
225 455 255 504 ⁰·
272 467 327 516 α03·
337 469 459 550 ‘grasse
469 481 571 524 suam:
596 457 681 523 illam
690 459 805 523 firriam
815 472 1001 546 pestemque
1010 457 1166 523 omnibus
1174 457 1388 522 delinimentis

337 547 498 612 ‘animum
516 567 609 609 suum
629 545 776 610 avertiaee
796 559 893 695 atrpue
913 544 1084 610 alienasse:
1111 567 1175 609 nec
1195 544 1388 630 conquime

338 641 348 672 ‘
356 633 458 698 donec
472 631 540 720 ipsa
554 631 700 695 manibus
720 631 785 698 suis
799 655 840 696 ne
854 633 919 697 aria
932 631 992 696 sibi
1013 653 1103 695 arma
1118 630 1277 695 adversm
1290 630 1390 715 hospi·

338 727 421 784 ‘tem
437 730 532 805 atque
548 717 686 782 amicum
700 717 849 782 induerit
895 717 1027 782 Perdito
1042 729 1155 781 tamen
1172 730 1275 803 atque
1283 716 1390 781 afflicto
1429 715 1430 720 ’

338 813 348 844 ‘
356 806 415 870 sibi
430 805 491 870 hoc
503 805 537 868 in
551 803 685 867 miseriis
700 803 802 868 solatii
817 826 895 882 esse,
907 803 995 890 quod
1010 804 1045 867 in
1060 803 1215 867 omnium
1231 803 1390 867 hominurn

339 891 568 955 ‘inimicissimi
591 889 650 954 sibi
677 889 810 954 domum
834 913 871 956 ac
893 902 1024 976 penates
1046 889 1192 954 eandem
1215 902 1339 976 pestem
1359 910 1390 952 ac

339 977 472 1042 ‘firriam
487 976 632 1041 transisse
644 976 759 1041 videat.
799 975 917 1064 Neque
931 976 1192 1064 prudentiorem,
1202 997 1312 1062 neque
1322 997 1391 1040 eon-

339 1063 544 1128 ‘stantiorem
580 1061 793 1140 Masinissam,
828 1083 924 1149 quarn
961 1061 1158 1150 Syphacem,
1191 1084 1274 1138 eme,
1303 1061 1391 1125 etiam

339 1151 488 1215 ‘iuventa
509 1149 726 1213 incautiorem.
774 1149 871 1214 Certe
893 1148 1018 1213 stultius
1041 1147 1136 1212 illum
1157 1161 1263 1234 atque
1285 1147 1392 1211 intem·

272 1277 280 1296 ·
338 1235 522 1324 ‘perantius
536 1257 723 1321 cam,quam
739 1234 940 1312 seduxisse!
984 1233 1076 1300 Haec
1092 1257 1163 1299 non
1175 1233 1291 1299 hostili
1305 1233 1391 1298 modo
1430 1274 1431 1290 r

338 1323 422 1400 odio,
445 1321 502 1386 sed
524 1321 637 1386 amoris
659 1322 756 1386 etiam
782 1321 926 1398 stimulis,
949 1332 1087 1384 amatam
1115 1320 1210 1408 apud
1239 1320 1391 1385 aemulum

337 1429 481 1486 cernens,
497 1429 597 1494 quum
612 1405 762 1483 dixisset3
785 1429 851 1472 non
875 1405 1027 1471 mediocri
1045 1429 1123 1471 cura
1146 1405 1315 1494 Scipionis
1333 1406 1393 1470 ani-

337 1516 427 1559 mum
455 1493 587 1581 pepulit.
634 1492 678 1557 Et
706 1493 803 1558 fidem
827 1493 1012 1557 criminibus
1040 1505 1153 1580 raptae
1186 1515 1294 1581 prope
1318 1493 1409 1560 interl

336 1603 426 1644 arma
454 1581 596 1667 nuptiae,
618 1601 724 1668 neque
750 1578 906 1656 consulto,
930 1601 1036 1679 neque
1058 1592 1255 1666 exspectato
1279 1579 1391 1654 Laelio,

337 1666 514 1742 faciebant3
539 1679 668 1753 tamque
688 1687 840 1754 praeceps
859 1665 1029 1743 festinatio,
1045 1677 1092 1742 ut,
1109 1687 1180 1752 quo
1202 1665 1261 1730 die
1276 1679 1391 1752 capum

337 1751 462 1817 hostem
476 1750 615 1829 vidisset,
628 1751 743 1816 eodem
756 1751 957 1817 matrimonio
967 1751 1110 1815 iunctam
1125 1752 1199 1816 acci
1246 1765 1306 1828 ret,
1316 1764 1348 1816 et
1358 1749 1392 1813 sd

380 1850 469 1903 nates
484 1837 644 1902 hostissui
659 1837 800 1938 nuptiale
815 1858 939 1902 sacrum
954 1837 1135 1901 conficeret.
1258 1837 1391 1902 foediora
1431 1838 1432 1918 l

361 1946 416 1989 aec
427 1923 617 1988 ridebantur
633 1923 686 1989 Sci
709 1925 785 2000 roni,
798 1922 885 2010 quod
899 1923 1003 2010 ipsum
1014 1923 1049 1986 in
1065 1921 1235 2009 Hispania
1249 1923 1406 1988 iuvencum
1431 1929 1432 1936 ’

337 2009 457 2075 nullius
477 2010 578 2075 forma
598 1947 765 2097 pcprilirat
785 2010 937 2097 captivae.
982 2007 1074 2073 Haec
1100 2031 1218 2074 secum
1240 2009 1391 2076 volutanti

339 2095 468 2162 Laelius
485 2119 522 2160 ae
544 2095 713 2161 Masinissa
733 2106 991 2184 supervenerunt.
1039 2093 1133 2170 Quos
1180 2119 1266 2160 uum
1283 2097 1391 2184 pariter

339 2183 432 2247 ambo
446 2195 479 2248 et
493 2183 633 2270 benigno
647 2182 739 2247 vultu
756 2183 941 2269 excepisset,
956 2193 989 2246 et
1003 2181 1141 2270 egregiis
1197 2182 1320 2248 udibus
1337 2183 1391 2245 sre-

339 2269 451 2356 quenti
465 2270 623 2356 praetorio
643 2268 849 2345 celebrassct3
872 2268 1045 2334 abductum
1063 2268 1098 2331 in
1113 2282 1285 2333 secretum
1300 2268 1391 2333 stasi-

338 2354 456 2420 nissam
476 2355 520 2420 sic
541 2355 729 2442 alloquiturt
755 2354 896 2442 ‘Aliqua
916 2367 948 2419 te
968 2353 1126 2431 existimo,
1143 2353 1333 2431 Masinissa,
1347 2355 1390 2418 in·

341 2449 504 2507 ‘tuentem
519 2441 553 2505 in
569 2463 620 2505 me
635 2441 729 2519 bona,
745 2454 778 2506 et
791 2441 949 2529 principio
967 2441 1001 2506 in
1022 2439 1187 2527 Hispania
1202 2441 1246 2506 ad
1262 2442 1390 2527 iungen-

339 2528 436 2592 ‘dam
464 2549 590 2592 mecum
619 2528 791 2592 amicitiam
814 2528 945 2604 venisse,
969 2539 1004 2591 et
1026 2545 1137 2614 postea
1160 2527 1201 2591 in
1226 2527 1339 2592 Africa
1362 2541 1388 2591 tc

340 2614 370 2677 ‘i
432 2635 464 2678 m
486 2635 622 2701 spesque
648 2636 759 2679 omnes
781 2627 851 2679 tuas
872 2615 907 2677 in
929 2612 1028 2678 fidem
1050 2635 1157 2678 meam
1186 2615 1386 2679 commisiaee

338 2706 350 2738 ‘
393 2699 463 2785 tqui
483 2699 572 2764 nulls
593 2722 702 2765 earum
728 2701 827 2764 virtus
850 2712 908 2778 est,
929 2711 1060 2788 propter
1082 2721 1163 2786 quas
1192 2700 1388 2788 appetendis

338 2783 417 2849 ‘tibi
432 2785 517 2850 visus
531 2787 600 2864 sim,
617 2809 682 2873 qua
770 2808 881 2872 acque,
896 2798 992 2874 atque
1007 2787 1225 2874 temperantis
1244 2801 1281 2851 et
1294 2786 1388 2852 conti·

340 2879 350 2910 ‘
360 2871 470 2936 nentia
489 2871 669 2951 libidinum,
689 2872 841 2958 goriatus
859 2871 982 2938 firerim.
1028 2870 1124 2936 Hauc
1145 2884 1181 2936 te
1202 2896 1336 2960 quoque
1351 2871 1388 2934 ad

339 2965 477 3022 ‘ceteras
499 2969 569 3022 tuas
590 2959 722 3023 eximias
743 2959 885 3038 virtutes,
907 2957 1085 3036 Masinissa,
1105 2957 1268 3024 adiecisse
1289 2959 1385 3023 velim

339 3043 436 3108 ‘Non
465 3055 522 3122 est,
546 3066 623 3122 non,
647 3044 727 3108 mihi
752 3045 856 3123 crede,
880 3057 1004 3110 tanturn
1025 3045 1065 3109 ab
1090 3043 1245 3110 hostibus
1268 3045 1388 3110 nnana

339 3131 456 3195 ‘aetati
470 3141 595 3194 nostrae
609 3130 796 3218 periculum,
809 3142 965 3218 quantum
980 3131 1020 3195 ab
1033 3129 1239 3196 circumiirsis
1249 3131 1387 3218 undique

339 3224 350 3255 ‘
357 3216 580 3304 voluptatibus
628 3215 696 3292 Qui
711 3216 1048 3305 eassuatemperantia
1057 3217 1387 3290 lienavitacdornuit,

339 3301 459 3367 ‘multo
482 3303 584 3368 maius
612 3301 710 3367 decus
733 3304 949 3390 maioremque
978 3302 1143 3368 victoriam
1166 3303 1233 3369 sihi
1258 3303 1387 3392 peperit,

340 3397 456 3476 ‘quam
477 3411 537 3454 nos
560 3387 583 3454 S
626 3388 705 3454 hace
727 3389 812 3454 vieto
832 3390 993 3455 habemus
1041 3388 1147 3466 Quae,
1169 3411 1226 3454 me
1250 3389 1387 3464 absente,

339 3484 486 3540 ‘strenue
511 3497 547 3540 ac
583 3476 694 3540 ortiter
716 3475 828 3553 fecisti,
850 3475 987 3542 libenter
1014 3487 1049 3540 et
1072 3477 1336 3552 commemorari,
1357 3489 1388 3538 ct

341 3561 508 3627 ‘meminit
544 3572 650 3626 cetera
678 3574 709 3625 te
738 3561 844 3649 ipsum
873 3573 1018 3651 reputare
1047 3573 1165 3639 tecum,
1197 3585 1312 3649 quam,
1340 3581 1387 3626 me

340 3646 496 3725 ‘dicente
511 3649 697 3713 erubescere
717 3645 809 3713 malo.
857 3645 989 3737 Syphax
1001 3647 1113 3736 populi
1128 3645 1277 3713 Romani
1290 3649 1389 3736 auspi·

340 3733 419 3799 ‘ciis
436 3735 540 3799 victus
560 3748 734 3822 captusque
755 3746 812 3799 est
857 3733 972 3822 Itaque
993 3735 1070 3822 ipse,
1089 3735 1222 3812 coniux,
1243 3757 1387 3824 regrum,

340 3830 446 3907 ‘agen
471 3819 598 3909 oppida,
624 3820 779 3898 homines,
806 3821 860 3907 qui
885 3820 1040 3898 incolunt,
1064 3819 1224 3908 quicquid
1249 3820 1388 3909 deniqne

368 4056 493 4119 pltuptae
498 4058 712 4122 propelliaptum
721 4058 845 4121 eleganter
875 4056 962 4120 arguit
995 4055 1084 4119 Neque
1101 4056 1168 4105 enim
1184 4058 1221 4106 ad
1240 4057 1387 4122 iurgandum

337 4117 427 4167 dicitur
440 4119 537 4181 quidvis
549 4123 641 4184 raptim
655 4122 756 4172 factum.
774 4121 843 4172 Gno-
876 4136 933 4169 eum
952 4119 1067 4183 Scipione
1084 4120 1222 4169 amicitiam
1241 4129 1344 4171 renem
1365 4122 1386 4168 in

337 4195 394 4231 rrov.
877 4185 1024 4248 Hispaniam
1041 4185 1179 4244 Masinissa,
1191 4183 1239 4234 sed
1255 4187 1291 4235 sd
1307 4187 1386 4234 iuran-

372 4259 382 4291 r
401 4247 434 4292 In
459 4247 600 4307 Hispania]
636 4247 677 4294 Ita
703 4247 845 4296 emendarit
877 4249 921 4297 dos
936 4249 1029 4298 auxilio
1040 4247 1264 4312 Carffisginienscs.
1301 4251 1386 4299 m

337 4305 444 4378 (ζῳων.
452 4322 497 4369 pro
504 4309 567 4370 vulg.
576 4311 604 4357 ln
611 4311 771 4384 Harpamarn,
778 4313 844 4374 quod
876 4311 948 4364 abiis
958 4314 990 4364 ad
1002 4312 1275 4364 nonannoeane
1294 4315 1375 4364 cm.

338 4372 845 4437 nummuaetscnptr,etipsarss
