2874 4772
360 213 611 282 Llnxxvl.
647 213 758 282 cAP.
782 219 833 280 26.
1064 219 1124 282 311

64 349 137 416 alio
148 371 419 417 successurorum
465 350 655 418 Aetolorum
666 352 823 440 impetum
835 349 1012 417 tardaverat
1022 351 1125 439 primo
1136 368 1169 420 u.
1181 369 1211 420 c.
1228 382 1283 438 ⁵4¹·

63 435 300 502 coniurationis
322 437 407 502 fama
429 437 665 504 Acarnanicae:
693 437 811 504 deinde
833 436 961 503 auditus
982 437 1069 502 Phili
1091 435 1164 540 pil·
1181 435 1211 486 0·
1228 449 1283 484 ²¹¹·

63 522 239 600 adventus,
254 523 381 609 regredi
395 524 491 590 etium
507 523 540 588 in
555 525 685 590 intimos
699 547 756 590 coe
780 523 804 589 't
821 523 910 590 lines.
957 521 1075 588 NecP
1110 551 1126 574 ὸ

63 607 190 696 lippus,
206 629 400 708 quanquam,
415 633 457 676 ne
478 609 734 697 opprimerentur
782 633 943 688 eumenes,
958 609 1125 675 itineribus

64 694 196 780 maguis
211 707 299 772 uerat,
315 694 399 760 ultra
416 695 517 760 Dium
537 707 585 760 est
603 717 794 782 progressus.
840 695 932 774 Inde,
948 719 1049 784 quum
1069 719 1125 761 au·

63 779 173 932 ffit
196 779 336 846 reditum
358 780 549 848 Aetolorum
570 803 612 848 ex
635 781 827 860 Acarnania,
850 793 883 848 et
908 783 975 870 ipse
1001 781 1125 848 Pellam

117 949 288 1030 Iaerinus,
310 952 392 1018 veria
412 952 569 1041 principio
591 975 611 1017 a
633 952 776 1041 Corcyra
797 953 957 1040 profectus
981 953 1123 1032 navibus,
1181 950 1233 1012 26.

66 1049 223 1125 superato
242 1037 385 1104 Leucata
398 1038 625 1128 promontorio,
664 1060 743 1103 uum
756 1039 894 1104 venimet
909 1038 1123 1126 Naupactum,
1133 1033 1278 1096 Anaeymn

65 1124 265 1224 Anticyram
279 1123 356 1190 inde
371 1147 404 1192 se
466 1125 598 1190 titutum
617 1147 636 1190 e
672 1125 729 1203 xit,
746 1136 782 1190 ut
818 1136 921 1189 raesto
939 1125 985 1190 ibi
1006 1123 1124 1212 Scopas
1133 1103 1265 1212 ffiffi

34 1237 50 1274 ι
69 1209 249 1298 Aetoquue
265 1223 378 1276 essent.
450 1211 495 1276 ita
506 1211 664 1312 Anticyra
673 1223 722 1277 est
735 1211 771 1277 iu
871 1209 1022 1276 ‘deluere
1036 1224 1124 1302 parte

67 1297 181 1362 sinum
212 1295 455 1362 Corinthiacum
483 1297 682 1362 intrannbus.
740 1295 843 1364 Breve
874 1307 957 1362 terra
985 1296 1046 1361 iter
1075 1319 1123 1375 eo,

68 1382 178 1451 brevis
199 1383 359 1470 navigatio
376 1383 416 1448 ab
440 1381 609 1471 Naupacto
630 1396 687 1448 est.
733 1382 844 1448 Tertio
861 1382 961 1448 ferme
983 1397 1055 1471 post
1071 1381 1124 1448 die

70 1467 236 1556 utrimque
247 1469 425 1557 oppugnari
436 1483 549 1556 coepta
560 1481 616 1534 est.
664 1467 919 1548 Gravioramari
930 1468 1125 1570 oppugnatio

70 1555 1022 1794 truttetttttttllttgtgttttttttt
1036 1555 1126 1706 tta

70 1748 193 1814 paucos
212 1726 281 1792 dies
298 1749 369 1794 rece
394 1739 426 1792 ta
443 1727 518 1792 urbs
538 1750 597 1816 per
616 1727 656 1793 de
692 1741 812 1794 nonem
831 1728 958 1794 Aetolis
978 1727 1124 1806 traditur,

35 1845 57 1879 a
95 1811 193 1878 raeda
207 1834 249 1878 ex
325 1825 359 1878 to
407 1813 530 1880 omanis
544 1813 646 1879 cessit

119 1897 247 1964 Literac
293 1899 406 1966 aevino
420 1899 572 1978 redditae,
584 1899 748 1966 consulem
759 1922 834 1966 eum
848 1901 1011 1965 absentem
1020 1899 1126 1965 deela-

72 1996 190 2063 ratum,
220 1997 254 2050 et
282 2007 494 2052 successorem
523 1987 631 2054 venire
661 1985 698 2051 P.
717 1984 903 2072 Sulpicium.
960 1983 1124 2062 Ceterum,

72 2069 227 2137 diunmo
242 2070 287 2136 ibi
308 2071 420 2137 morbo
434 2071 616 2159 implicitus,
632 2071 731 2136 serius
822 2071 965 2136 omnium
986 2070 1126 2135 Romam

71 2157 171 2222 venit.
222 2155 271 2222 M.
288 2156 470 2236 Marcellus,
500 2179 601 2245 quum
631 2156 741 2220 Idibus
749 2094 898 2220 sffimiifl
926 2155 1125 2220 consulatum
1135 2167 1169 2219 U.
1182 2169 1211 2218 ο.
1227 2182 1283 2232 542·

73 2242 197 2321 inisset,
219 2256 366 2310 senatum
387 2267 427 2309 eo
449 2242 512 2321 die,
535 2242 631 2308 moris
653 2240 749 2308 modo
771 2264 874 2319 causa,
897 2241 1026 2305 habuit:
1050 2234 1165 2328 pro·L
1183 2233 1212 2283 ⁰·
1229 2247 1283 2310 ²¹9·

73 2327 184 2407 fessus,
202 2328 301 2394 ‘nibil
315 2351 358 2408 se,
375 2330 504 2395 absente
519 2328 649 2415 collega,
661 2351 767 2416 neque
783 2327 823 2392 de
838 2327 1009 2414 republica,
1019 2349 1125 2413 neque
1135 2297 1283 2410 ldppffi‘i'ss

75 2413 140 2479 ‘de
151 2414 330 2502 provinciis,
342 2429 496 2481 acturum.
544 2414 631 2478 Scire
642 2437 686 2492 se,
695 2413 879 2501 frequentes
890 2412 1012 2479 Siculos
1026 2425 1194 2502 propuleris
1206 2425 1244 2476 11.

74 2501 210 2565 ‘urbem
230 2501 265 2565 in
278 2501 361 2566 villis
375 2501 621 2566 obtrectatorum
636 2521 765 2565 suorum
780 2521 856 2566 esse.
904 2498 1040 2578 Quibus,
1056 2489 1204 2564 tan-⁰⁰⁸⁸

74 2595 167 2650 ‘tum
188 2587 305 2664 abesse,
326 2599 363 2652 ut
425 2609 440 2650 r
462 2608 495 2650 se
518 2609 584 2652 nou
605 2585 699 2652 licem
719 2585 825 2675 palam
847 2585 970 2651 Romae
993 2587 1127 2652 crimina

74 2671 186 2739 ‘edita
204 2672 379 2759 fictaqueu
420 2671 557 2737 inimicis
576 2672 716 2761 vulgare,
737 2687 783 2751 ut,
799 2672 834 2736 ni
853 2671 1048 2751 simularent,
1069 2672 1127 2738 ali·

74 2767 193 2846 ‘quem
216 2758 276 2824 sibi
299 2758 454 2836 timorem,
477 2759 606 2824 absente
629 2760 759 2846 collega,
782 2758 912 2824 dicendi
933 2758 974 2824 de
996 2757 1126 2825 consule

74 2854 177 2922 ‘esse,
192 2843 259 2931 ipse
279 2843 318 2910 iis
335 2845 496 2932 extemplo
511 2844 641 2910 daturus
658 2857 803 2911 senatum
821 2845 925 2910 luerit
972 2845 1039 2910 Ubi
1054 2845 1126 2932 qui·

74 2929 174 2995 ‘dem
196 2929 317 3017 collega
335 2930 481 3009 vemsset,
501 2953 568 2996 nou
587 2953 751 3019 passurum
767 2932 939 3018 quiequam
980 2932 1046 2995 rius
1063 2931 1125 3017 agi,

75 3025 86 3058 ⁶
98 3037 197 3104 quam
222 3029 259 3081 ut
290 3015 390 3082 Siculi
418 3017 454 3082 in
483 3029 628 3082 senatum
655 3016 908 3081 introducantur.
954 2954 1126 3080 Eclectum

76 3112 198 3190 ‘prope
227 3125 248 3167 a
276 3101 324 3168 Μ.
343 3101 495 3169 Cornelio
565 3125 581 3167 r
610 3115 708 3168 totam
741 3101 880 3168 Siciliam
909 3101 1063 3178 habitum,
1090 3115 1127 3166 ut

75 3189 341 3290 ‘quamplurimi
378 3200 502 3253 uestum
518 3125 608 3254 deire
624 3188 762 3252 Romam
775 3188 930 3253 venirent.
977 3186 1126 3251 Eundem

76 3274 197 3340 ‘luteris
224 3273 309 3340 falsis
332 3213 444 3342 uilem
470 3274 627 3362 implesse,
651 3272 771 3339 bellum
796 3273 832 3337 in
857 3271 965 3338 Sicilia
987 3294 1066 3351 esse,
1090 3284 1127 3339 ut

76 3367 88 3401 ‘
99 3383 190 3426 suam
214 3359 342 3428 budam
365 3361 507 3428 minuat!
551 3358 712 3426 Moderati
737 3358 836 3424 animi
857 3357 991 3448 gloriam
1013 3382 1052 3426 eo
1074 3357 1126 3424 die

75 3445 212 3534 adeptus
221 3445 342 3525 consul,
351 3459 496 3513 senatum
507 3447 641 3523 dimisit3
665 3467 809 3534 acprope
817 3445 974 3511 iustitium
984 3445 1127 3511 omnium

76 3555 186 3600 rerum
200 3533 343 3600 flaturum
358 3534 534 3612 videbatur,
550 3533 654 3598 donec
668 3532 748 3598 alter
761 3531 872 3598 consul
891 3531 933 3600 ad
947 3533 1058 3596 urbem
1074 3552 1128 3596 ve·

76 3619 185 3685 nisset.
234 3619 356 3699 Otium,
380 3633 417 3686 ut
437 3620 527 3698 solet,
550 3619 700 3686 excitavit
725 3617 826 3706 plebis
848 3640 1006 3684 rumores:
1032 3613 1127 3684 ‘belli
1137 3632 1261 3690 Quantae

77 3705 351 3784 ‘diuturnitatem
369 3717 402 3772 et
422 3718 558 3773 vastatos
637 3729 671 3770 os
693 3705 777 3770 cirea
793 3705 915 3782 urbem,
954 3726 995 3768 na
1013 3702 1128 3770 infesto
1138 3697 1167 3747 P.
1176 3698 1210 3747 R·

76 3793 224 3879 ‘agmine
239 3793 314 3858 isset
330 3791 504 3872 Hannibal,
516 3807 582 3860 ete
628 3804 750 3858 aratam
759 3727 1080 3867 delectibuslltaliam,
1095 3801 1129 3856 et

76 3889 197 3966 ‘prope
207 3880 377 3967 quotannis
385 3881 544 3946 exercitus
552 3878 910 3966 caesos’querebantur3
928 3873 1129 3944 ‘etconsules

113 4107 270 4170 rainelmo]
279 4105 366 4162 Quum
373 4105 492 4168 Anticyra
499 4105 586 4154 aflera-
619 4103 653 4152 lia
663 4119 761 4180 quoque
776 4104 886 4153 clamem
902 4103 1007 4154 nominis
1023 4106 1080 4152 urbs
1095 4103 1128 4150 ad

76 4175 144 4220 bone
164 4171 239 4219 modo
260 4170 367 4230 bauddi,
387 4169 461 4219 modo
483 4167 587 4218 Phocidl
620 4168 990 4218 &normannicarum
1004 4168 1066 4216 Hor.
1079 4166 1127 4228 Ep.

76 4233 184 4297 antiph
200 4234 240 4294 sit,
250 4233 312 4284 duae
322 4235 394 4282 urbes
406 4232 505 4282 nomine
515 4231 586 4282 Anti-
619 4231 652 4280 ad
661 4231 741 4281 Piaon.
752 4245 806 4296 3⁰0·
816 4235 838 4281 rr·
849 4234 928 4282 tellus
937 4231 1065 4290 Antium
1075 4235 1119 4280 ete.

78 4297 588 4412 a·
621 4297 836 4422 rauce
