2888 4768
393 217 453 280 196
775 205 888 273 ΤΙΤΙ
918 204 1052 272 LIVII

238 366 271 416 υ.
283 365 312 415 0.
329 365 383 427 538.
393 350 526 426 cladem,
536 359 631 435 atque
642 348 677 411 in
692 345 834 410 Bruttios
845 368 879 410 ra
901 344 968 424 tim,
981 367 1022 410 ne
1034 343 1195 410 Gracchus
1203 354 1394 430 smequcretu.

236 433 268 481 A.
285 431 314 480 ⁰·
331 443 386 489 ²¹⁴·
395 436 557 502 concessit
598 432 762 510 Consules,
773 367 944 498 Marcellus
958 445 1051 510 retro,
1063 431 1148 497 unde
1161 445 1295 508 venerat,
1306 429 1395 494 Nclsn

238 544 329 593 Fabius
395 523 495 598 redit;
520 521 634 586 Fabius
655 521 690 584 in
712 518 875 584 Samnium
895 518 936 582 ad
953 518 1149 605 populandus
1167 541 1256 620 agros
1274 517 1329 580 teci
1348 515 1397 579 ien-

238 607 365 657 Samnium
395 609 514 695 dasque
529 608 631 684 armis,
648 627 729 694 quae
744 604 933 681 defecerant,
950 605 1043 670 urbes
1062 617 1219 693 processrt
1265 538 1396 668 Caudinus

238 677 324 722 ”m
397 695 521 761 Samnis
535 695 659 782 gravirn
674 693 868 768 devastatus3
915 691 1012 756 crusti
1023 691 1085 757 late
1100 691 1176 778 agri,
1191 689 1317 778 praedae
1387 722 1397 734 ·

395 782 471 846 dum
494 781 724 866 hominumque
743 791 838 842 actae.
886 713 940 865 gp
963 777 1014 842 ida
1033 779 1064 842 vi
1082 792 1182 865 capta,
1207 710 1396 863 Compnlddh

395 867 531 946 Telesia,
564 866 646 932 Com
743 862 859 940 Melae,
890 862 916 927 F
952 863 1033 928 sulae
1063 878 1096 929 et
1125 863 1327 930 Orbitanium.
1363 859 1397 922 Er

395 953 534 1020 Lucanis
556 953 638 1018 Blan
662 975 719 1018 aar
751 950 928 1037 Apulorum
948 950 1054 1015 Aecae
1076 963 1282 1038 oppugnatae.
1323 945 1411 1012 hfilnr

394 1040 532 1106 hostium
551 1041 587 1104 in
604 1039 655 1103 his
676 1037 805 1102 urbibus
826 1037 939 1124 viginti
960 1037 1102 1124 quinque
1122 1050 1224 1124 capta,
1239 1048 1292 1100 aut
1309 1033 1397 1098 occisa:

241 1145 359 1220 Perpgsa
381 1141 428 1221 'et
445 1127 565 1214 recepti
585 1125 734 1213 perfugae
757 1123 891 1188 trecenti
911 1124 1129 1223 septuaginta3
1153 1145 1235 1211 quos
1248 1143 1338 1210 quum
1353 1118 1398 1183 llo

240 1210 310 1272 urge
325 1225 480 1278 caenurtam
503 1213 637 1276 misisset
658 1208 776 1288 consul,
793 1209 821 1274 v‘
862 1209 887 1273 's
901 1209 935 1273 in
956 1211 1083 1274 comitio
1103 1211 1185 1274 caesi
1204 1231 1317 1284 omues,
1329 1229 1358 1270 ac
1372 1203 1411 1276 de:

239 1274 376 1388 ἷζῑῗζξω
397 1321 473 1364 saxo
498 1298 623 1364 deiecti.
669 1296 759 1362 Haec
782 1319 801 1360 a
886 1295 984 1361 Fabio
1009 1297 1092 1360 intra
1176 1319 1230 1362 cos
1250 1295 1313 1360 dies
1330 1305 1397 1390 gesta

398 1385 588 1451 Marcellum
617 1384 656 1449 ab
689 1381 841 1470 gertmdis
869 1383 963 1447 rebus
990 1381 1137 1447 valetuo
1166 1382 1297 1448 adversa
1326 1377 1398 1444 none

399 1473 509 1538 tenuit.
555 1471 600 1536 Et
617 1494 636 1535 a
652 1483 795 1557 praetore
816 1468 856 1543 Q„
875 1467 983 1548 Fabio,
1003 1469 1054 1534 cui
1072 1469 1155 1533 circa
1174 1468 1334 1533 Luceriam
1351 1485 1399 1552 pro

397 1559 501 1624 vincia
515 1571 591 1634 erat,
608 1557 719 1621 Accua
733 1555 886 1643 oppidum
903 1577 961 1642 per
979 1577 1034 1620 eos
1047 1554 1115 1619 dies
1129 1555 1161 1619 vi
1181 1569 1321 1643 captum:
1340 1549 1399 1614 stati·

397 1669 417 1709 v
459 1668 498 1710 ue
514 1644 555 1709 ad
570 1643 736 1708 Ardoneas
750 1643 951 1706 communita.

418 1667 531 1795 a(burn
542 1729 620 1795 haec
631 1728 785 1794 aliislocis
796 1729 836 1793 ab
848 1727 1001 1794 Romanis
1009 1741 1171 1815 geruntm,
1181 1729 1247 1794 iam
1262 1727 1399 1792 Tarentum

398 1829 591 1982 hillidii
614 1815 1047 1966 Htlllthtttttlff
1069 1815 1399 1967 ⁰⁰⁰¹¹it¹t¹tt¹¹tht

399 2013 512 2078 agmen
534 1989 647 2077 coepit
695 1986 787 2051 Nihil
801 1987 846 2052 ibi
865 1987 1025 2064 violatum,
1039 1923 1151 2075 hgehoui)
1164 2010 1298 2076 usquam
1310 1987 1351 2048 ris
1364 2003 1400 2045 er·

398 2099 519 2142 cessum
545 2089 609 2141 ests
637 2074 879 2162 apparebatque,
902 2095 967 2138 non
992 2074 1026 2137 id
1048 2075 1204 2140 modestia
1225 2073 1349 2138 militum
1365 2079 1399 2162 ⁸l¹

398 2163 498 2240 ducis,
527 2163 588 2226 nisi
616 2160 658 2225 ad
686 2159 899 2226 conciliandos
928 2158 1173 2225 Tarentinorum
1202 2161 1328 2234 animos,
1349 2155 1410 2218 tur

242 2262 282 2310 Ad
293 2261 383 2311 Taren·
401 2248 554 2314 Ceterum
569 2269 668 2335 quum
681 2247 876 2334 propemodo
890 2246 988 2310 muris
1002 2249 1189 2324 accessisset,
1206 2246 1294 2312 nullo
1306 2243 1341 2310 ad
1351 2261 1410 2310 cort

241 2332 390 2438 *ffiffiffi
398 2349 540 2422 spectum
561 2335 655 2423 primi
675 2333 818 2420 agminis,
842 2345 878 2396 ut
898 2333 1032 2410 rebatur,
1055 2347 1144 2399 motu
1164 2333 1259 2411 facto,
1279 2325 1399 2397 eumd

241 2404 318 2502 {M
398 2421 475 2486 urbe
490 2421 588 2485 ferme
626 2443 711 2485 assus
726 2419 811 2483 mille
826 2419 916 2484 locat
963 2419 1106 2497 Tarenti,
1122 2420 1229 2486 triduo
1244 2433 1323 2495 anta,
1336 2433 1399 2502 quau

399 2506 562 2572 Hannibal
580 2443 625 2570 ad
640 2505 766 2570 moenia
787 2505 959 2582 accederet,
980 2527 999 2570 a
1019 2505 1066 2570 M.
1079 2505 1209 2571 Valerio
1252 2517 1399 2594 ropraetcrt.

242 2607 278 2656 M.
291 2606 375 2656 Livius
398 2593 454 2680 qui
476 2592 566 2657 classi
583 2591 624 2656 ad
646 2590 851 2656 Brundisium
867 2604 1020 2678 praeerat,
1039 2592 1150 2657 missus
1172 2591 1220 2657 M.
1267 2593 1346 2666 ivios,
1361 2606 1408 2673 pn:

243 2670 377 2719 Tarentum
398 2700 485 2742 more
505 2679 668 2742 iuventute
689 2678 875 2766 conscripta,
897 2677 1117 2828 disppeitisque
1137 2679 1177 2744 ad
1194 2701 1305 2745 omnes
1320 2687 1398 2764 porte

397 2764 543 2850 circaque
558 2785 674 2840 muros,
686 2786 749 2849 qua
762 2786 813 2828 res
826 2763 950 2851 postula
990 2765 1216 2842 tstadonihus,
1235 2767 1288 2830 die
1299 2787 1331 2829 ac
1339 2773 1398 2826 noct

398 2848 570 2950 plurimum
585 2849 734 2949 intentus,
747 2872 851 2936 neque
866 2850 1017 2927 hostibus,
1032 2873 1138 2938 neque
1152 2851 1259 2917 dubiis
1273 2849 1352 2916 sociis
1363 2841 1398 2908 loti

398 2959 570 3087 tttltt'l
585 2936 1398 3123 ln‘l'llulltldn‘lldldlllqullrlmlllnll,llll

398 3107 502 3174 lacum
518 3108 639 3174 Averni
658 3109 803 3185 adissent,
819 3120 874 3173 aut
887 3109 947 3196 ipsi
961 3109 1114 3188 venirent,
1129 3123 1185 3175 aut
1204 3111 1345 3176 nuntium
1356 3105 1397 3168 lic-

399 3217 485 3260 rasve
501 3195 672 3272 mitterent,
687 3217 768 3258 vana
809 3195 937 3259 romissa
951 3219 984 3260 se
1000 3209 1117 3262 temere
1135 3209 1281 3262 secutum
1294 3209 1397 3262 cernent

244 3297 369 3348 Hannibal
399 3295 500 3347 castra
513 3281 589 3346 inde
608 3281 714 3347 movit.
792 3302 845 3344 um
866 3302 1004 3368 quoque,
1019 3283 1137 3348 intacto
1156 3305 1232 3371 agro
1253 3279 1418 3348 Tarentino„

242 3363 377 3478 mla·
399 3389 581 3516 puauqusm
602 3367 747 3468 simulata
765 3366 878 3432 leuitas
899 3367 1057 3468 nihildum
1094 3369 1240 3470 inhierat,
1257 3381 1396 3469 umenspt

411 3453 633 3520 abefactandae
648 3453 724 3519 fide1
743 3453 830 3518 haud
847 3453 1007 3532 absistens,
1030 3454 1053 3520 S
1083 3479 1186 3544 aptam
1204 3469 1241 3521 ut
1261 3467 1346 3530 venit,
1359 3448 1396 3512 fiir

399 3554 541 3606 mentum
572 3562 612 3604 ex
641 3541 723 3626 agris
753 3539 976 3627 Metapontino
1001 3553 1097 3629 atque
1127 3541 1328 3608 Heracleensi
1347 3537 1395 3622 (ivl

242 2739 331 2783 tuetur.

429 3767 541 3817 oseca«
551 3769 718 3830 cppupuctoe]
736 3769 901 3880 Erpupnctcs
936 3781 972 3826 14.
990 3767 1061 3819 Caes.
1074 3769 1225 3819 denum
1238 3786 1261 3819 r.
1275 3784 1309 3832 ¹3·

398 3846 429 3878 ex
440 3831 535 3879 emend.
548 3831 654 3881 Gronov.
665 3831 756 3894 recapit
792 3831 874 3879 ekker.
965 3846 981 3895 9
991 3833 1077 3882 Muris
1086 3835 1231 3894 mosomi]
1240 3831 1395 3882 &aanor

437 3905 450 3954 7
469 3897 509 3944 Dc
529 3910 589 3943 rcaeo
608 3896 705 3954 ὼίοοίί]
737 3910 770 3943 sc.
788 3895 900 3956 Tarpeio.
933 3896 1029 3945 emend.
1041 3895 1148 3946 Gronov.
1160 3913 1185 3946 re
1249 3897 1267 3946 ’t
1278 3895 1366 3947 uerter.
1388 3951 1390 3954 ¹

400 3957 450 4005 Illa
471 3971 526 4018 pam
542 3957 675 4020 Capitolini
694 3958 791 4014 montis,
806 3959 838 4006 de
853 3973 902 4020 qua
969 3973 978 4006 r
996 3961 1036 4008 Μ.
1047 3961 1145 4022 Μυίας]
1196 3975 1224 4009 oc
1242 3975 1327 4010 nomen
1342 3951 1395 4004 01⁵*
1415 3985 1416 3996 π

399 4019 508 4068 damnati
519 4020 701 4080 deiiciebantur,
709 4021 850 4083 simpliciter
862 4036 901 4070 vo
933 4023 998 4084 gorii
1010 4025 1147 4074 coniectum
1157 4025 1251 4074 addidit
1261 4025 1355 4076 Grcuor.
1377 4013 1394 4061 h

399 4085 602 4134 cabaturmum.
620 4084 726 4134 Sraoru.
934 4087 1032 4148 quidem
1046 4089 1080 4137 sic
1091 4095 1190 4138 vocatur
1200 4089 1239 4137 lu'c
1250 4085 1342 4138 Tarenti
1354 4091 1394 4144 W

431 4151 447 4198 8
457 4149 514 4196 Not
525 4149 558 4195 ud
567 4150 738 4209 omwilicudor]
752 4147 901 4197 Particulam
934 4149 1020 4210 fectus,
1031 4151 1084 4202 intr.
1096 4153 1161 4203 xxvi.
1171 4166 1208 4217 39„
1219 4153 1291 4202 urii.
1302 4165 1334 4212 25.
1348 4143 1394 4212 P⁰ll

399 4215 447 4260 nat
465 4226 509 4274 pru
525 4212 568 4260 rad
585 4213 650 4274 apud
670 4212 797 4271 Plautum,
812 4211 902 4260 Teran-
934 4213 988 4263 bius
999 4215 1046 4265 viii.
1058 4229 1095 4279 27.
1109 4217 1135 4265 in
1151 4213 1393 4280 praenumincdismll

400 4276 471 4334 tium,
489 4281 515 4323 et
533 4274 675 4324 Ciceronem
691 4281 830 4338 usurpatam
849 4291 902 4324 esse
934 4292 1039 4340 eumque
1048 4281 1159 4343 appellat
1169 4283 1303 4330 aarum.
1316 4279 1376 4327 01⁸⁸·

400 4347 484 4386 monet
505 4337 611 4387 Gronov.
639 4339 668 4388 cl'.
686 4339 738 4389 Gic.
757 4340 789 4388 ad
810 4341 861 4389 stt.
879 4355 900 4388 v.

307 4599 485 4729 N,
