3002 4798
358 189 400 250 48
750 179 862 247 ΤΙΤΙ
893 179 1029 247 LIVII

196 330 231 380 U.
243 330 272 381 c.
284 343 340 394 534·
359 315 401 382 ad
422 328 524 382 castra
545 317 759 404 stationesque
781 317 921 382 hostium
942 318 1065 383 fecere:
1091 316 1178 381 unde
1204 314 1411 381 multitudine

194 398 226 446 A.
243 395 272 446 ⁰·
286 396 340 444 ²¹⁸·
359 404 459 469 effusa
482 403 576 503 pulsi,
600 425 708 468 trusus
732 403 873 468 subsidio
898 425 1028 470 suorum
1052 403 1207 491 proelium
1234 402 1410 466 restituere.

359 488 458 554 Varia
480 489 556 554 mde
577 512 687 578 pugna
705 503 869 577 sequente,
889 513 974 577 quan
998 511 1073 554 uam
1092 489 1132 554 ad
1156 501 1336 552 extremum
1357 510 1434 567 ere-5

360 587 511 676 quassent
524 588 703 726 fcertamen,
728 577 829 642 maior
854 589 961 641 tarncn
1010 575 1126 641 ostium
1149 573 1304 639 Romanis
1326 573 1435 638 famas

360 673 509 726 victoriae
538 675 593 726 urt.

250 749 301 810 53.
406 747 560 813 Ceterum
586 748 708 812 nemini
733 747 876 812 omnium
903 748 1003 813 maior
1024 747 1208 833 iustiorque,
1229 767 1328 832 quam
1349 745 1411 831 ipsi

196 833 309 907 ⁵?me
360 833 491 913 consuli,
511 834 630 912 videri3
654 834 770 921 gaudio
789 834 903 910 efferri,
923 843 1006 921 ‘qua
1143 833 1307 919 copiarum
1331 830 1411 896 alter

195 911 493 1009 ffiuuff‘consul
510 922 613 985 victus
631 921 722 997 foret,
741 943 779 984 ea
797 943 831 984 se
851 920 971 986 vicisse.
1051 920 1195 986 estitutos
1217 940 1254 982 ac
1276 916 1411 982 refectos

227 976 244 1023 p
301 997 308 1010 '
361 1005 535 1072 ‘militibus
555 1008 693 1071 animos:
719 1029 779 1071 nec
794 1027 890 1090 quem
914 1029 988 1070 uam
1006 1027 1085 1080 esse,
1100 1017 1225 1089 praeter
1244 1001 1409 1088 collegam,

361 1091 438 1177 ‘qui
453 1091 584 1156 dilatam
598 1090 835 1156 dimicationem
846 1029 955 1154 vellet:
976 1110 1061 1166 eum,
1071 1089 1178 1153 animo
1193 1087 1302 1174 magis,
1313 1109 1411 1174 quam

360 1185 419 1241 ‘co
477 1199 522 1252 re,
538 1199 677 1263 aegrum,
693 1175 846 1239 memoria
859 1175 998 1240 vulneris
1013 1174 1113 1240 aciem
1134 1196 1171 1238 ac
1191 1173 1255 1238 tela
1269 1173 1408 1238 horrere.

360 1271 371 1300 ‘
464 1284 530 1326 non
544 1284 611 1326 esse
627 1284 701 1326 curn
715 1283 809 1348 aegro
824 1260 1063 1326 senescendum.
1112 1259 1203 1335 Quid
1221 1259 1310 1324 enim
1327 1258 1411 1324 ultra

360 1348 504 1414 ‘differri
518 1361 575 1413 aut
588 1348 647 1412 teri
664 1348 812 1435 tempus?
855 1346 963 1422 Quem
978 1347 1107 1411 tertium
1122 1345 1296 1422 consulem,
1311 1367 1410 1432 quem

361 1435 480 1500 ‘alium
505 1423 681 1500 citercitum
707 1433 907 1521 exspectari?
957 1431 1071 1498 Castra
1096 1430 1410 1518 Carthaginiensium

360 1521 416 1585 ‘in
431 1519 533 1599 Italia,
549 1543 586 1586 ac
601 1543 699 1608 prope
715 1521 750 1584 in
765 1533 937 1607 conspectu
952 1519 1038 1584 urbia
1052 1540 1128 1583 esse.
1176 1516 1254 1582 Non
1267 1515 1410 1582 Siciliam

359 1618 417 1672 ‘ac
434 1605 611 1672 Sardiniam
626 1607 716 1670 victis
735 1606 908 1693 ademptas,
924 1627 984 1669 nec
1003 1605 1049 1669 cis
1068 1603 1198 1668 Iberum
1217 1601 1410 1689 Hispaniam

360 1703 370 1734 ‘
423 1693 457 1769 ti,
476 1693 533 1757 sed
552 1693 619 1758 solo
642 1693 744 1779 patrio
766 1705 923 1778 terraque,
938 1691 973 1755 in
993 1714 1058 1805 qua
1078 1689 1180 1776 geniti
1198 1688 1313 1764 forent,
1332 1689 1410 1776 pelli

360 1789 371 1820 ‘
414 1801 553 1846 omanos.
602 1778 768 1854 Quantum
785 1778 1004 1878 ingemiscant,
1028 1776 1145 1862 inquit,
1161 1783 1284 1861 ‘patres
1299 1775 1409 1850 nostri,

359 1865 465 1930 ‘circa
489 1864 617 1930 moenia
643 1864 846 1950 Carthaginis
868 1862 985 1930 bellare
1011 1863 1105 1940 soliti,
1131 1861 1158 1926 si
1183 1861 1313 1926 videant
1340 1883 1409 1936 nos,

360 1952 565 2052 ‘progeniem
588 1973 687 2028 auam,
708 1949 789 2014 duos
807 1949 953 2014 consules
974 1947 1216 2034 consularesque
1239 1946 1408 2022 exerciurs,

358 2047 370 2077 ‘
380 2061 414 2102 rn
437 2037 543 2102 media
557 2036 650 2102 Italia
670 2049 822 2124 paventes
843 2036 927 2100 intra
941 2047 1059 2111 castra3
1083 2033 1240 2110 Poenum,
1279 2032 1346 2100 uod
1360 2033 1408 2096 in·

358 2133 430 2190 ‘ter
444 2123 545 2212 Alpes
560 2123 769 2211 Apenninum
795 2145 834 2187 ue
857 2121 924 2209 agri
945 2122 996 2199 sit,
1016 2143 1091 2185 suae
1110 2119 1241 2185 ditionis
1256 2056 1410 2184 lecioee?

359 2210 451 2277 Haec
473 2211 612 2276 assidens
627 2233 722 2298 aegro
736 2147 885 2296 codegae,
901 2207 980 2273 haec
994 2207 1030 2270 in
1043 2205 1202 2295 praetorio
1216 2228 1316 2293 prope
1331 2229 1411 2270 eon-

358 2297 577 2363 cionabundus
591 2319 694 2384 agere.
732 2294 922 2361 Stimulabat
935 2305 969 2358 et
983 2305 1110 2380 tempus
1145 2291 1341 2379 ropinqnum
1356 2315 1410 2356 co-

358 2383 530 2459 mitiorum,
547 2405 588 2448 ne
606 2383 641 2446 in
659 2405 758 2446 novos
772 2381 916 2446 consules
931 2379 1051 2444 bellum
1065 2378 1096 2443 d'
1121 2391 1254 2454 erretur,
1269 2389 1304 2442 et
1318 2400 1411 2444 occa·

356 2469 404 2534 sio
426 2469 461 2532 in
482 2491 515 2532 se
538 2490 640 2532 unum
654 2467 826 2532 vertendae
843 2467 971 2554 gloriae,
986 2465 1066 2530 dum
1085 2487 1180 2550 aeger
1193 2462 1317 2550 collega
1331 2479 1409 2528 erat.

358 2553 482 2641 Itaque,
506 2553 719 2640 nequicquam
742 2553 947 2618 dissentiente
965 2550 1128 2627 Cornelio,
1190 2549 1251 2614 rari
1272 2549 1315 2614 ad
1337 2572 1411 2638 pro·

356 2641 515 2727 pinquum
537 2651 698 2704 certamen
721 2639 836 2704 milites
857 2639 955 2703 iubet.
1002 2573 1306 2723 Hannibalaquum,
1329 2635 1412 2722 quid

357 2726 515 2812 optimum
529 2726 610 2790 foret
631 2724 726 2801 hosti,
741 2736 896 2802 comeret,
912 2725 968 2788 vix
982 2722 1080 2789 ullam
1095 2745 1184 2811 spem
1198 2722 1346 2799 habebat,
1363 2735 1411 2786 te·

357 2835 445 2876 mere
460 2824 556 2911 atque
576 2809 753 2897 improvide
768 2811 939 2896 quicquam
955 2810 1099 2875 consules
1114 2821 1246 2874 acturos.
1296 2809 1411 2883 Quum

357 2899 486 2963 alterius
507 2897 683 2984 ingenium,
701 2895 785 2960 fama
805 2896 902 2983 prius,
918 2895 1036 2962 deinde
1058 2918 1093 2961 re
1115 2896 1288 2983 cognitum,
1305 2895 1411 2982 perci-

359 2997 428 3049 tum
450 3005 487 3048 ac
508 2983 597 3048 ferox
617 2982 711 3046 sciret
729 3003 805 3060 esse,
821 2982 1020 3068 ferociusque
1034 2982 1153 3047 factum
1167 3003 1319 3068 prospero
1333 3003 1410 3046 curu

381 3069 596 3134 raedatoribua
611 3068 675 3134 suis
689 3067 861 3133 certamine
876 3068 1038 3145 crederet3
1061 3067 1171 3134 adesse
1186 3066 1347 3154 gerendae
1363 3068 1410 3132 rei

358 3093 518 3222 Fortunam
540 3155 628 3220 haud
649 3153 819 3219 diffidebat
868 3152 970 3218 Cuius
985 3175 1026 3218 ne
1041 3153 1130 3241 quod
1143 3153 1410 3240 praetermitteret

358 3254 493 3330 tempus,
510 3239 661 3307 sollicitus
682 3241 888 3328 intentusque
904 3253 981 3317 erat,
997 3239 1075 3305 dum
1089 3240 1151 3305 tiro
1165 3239 1306 3305 hostium
1326 3254 1410 3306 esset

357 3329 458 3406 miles,
474 3329 553 3394 dum
573 3325 738 3393 meliorem
760 3349 801 3391 ex
819 3325 953 3392 ducibus
975 3325 1122 3391 inutilem
1143 3325 1258 3390 vulnus
1279 3323 1409 3403 faceret,

357 3415 435 3480 duur
452 3413 618 3480 Gallorum
633 3413 731 3478 animi
744 3413 905 3500 rigerent:
931 3433 1067 3498 quorum
1082 3411 1115 3476 in
1157 3423 1247 3478 ntem
1261 3411 1411 3478 multitu-

357 3501 467 3566 dinem
486 3501 605 3566 sciebat
626 3501 754 3586 segnius
775 3511 964 3575 secuturam,
980 3510 1101 3585 quanto
1115 3435 1241 3585 belgiae
1256 3499 1296 3562 ab
1311 3497 1411 3564 domo

357 3587 565 3652 traherentur.
606 3586 717 3661 Quum
732 3585 774 3648 ob
788 3585 867 3650 haec
882 3583 1020 3671 taliaque
1035 3597 1176 3671 speraret
1189 3583 1409 3670 propinquum

356 3685 527 3748 certamen,
542 3683 576 3736 et
589 3671 702 3749 facere,
717 3670 744 3734 si
758 3683 941 3748 cessaretur,
958 3683 1107 3757 cuperet3
1129 3669 1432 3758 speculatoresquer

390 3932 404 3981 5
427 3921 502 3966 Varla
518 3919 575 3966 inde
587 3933 674 3980 papae
690 3920 815 3980 sequente]
835 3919 865 3967 cs.
898 3933 948 3966 non
959 3917 1081 3968 immerito
1090 3921 1190 3969 fortem
1197 3919 1318 3985 integrum
1328 3928 1411 3986 putet,

359 3983 414 4031 Pol.
431 3981 465 4030 iii.
482 3981 521 4045 69.
552 3979 672 4057 Sequente
684 3995 733 4096 gro
750 3983 813 4044 vulg.
831 3999 865 4032 ee·
898 3989 925 4030 et
941 3983 1044 4044 exponit
1060 3983 1106 4032 hoc
1123 3985 1211 4034 modo:
1229 3985 1309 4034 maior
1323 3987 1410 4036 tamea

359 4046 610 4110 wueeemendavrt
623 4046 673 4095 Iac.
709 4061 791 4094 ronor.
818 4047 865 4096 Ge·
898 4047 965 4094 farne
987 4045 1102 4096 victoriae
1119 4047 1167 4096 tuit
1186 4049 1315 4108 Romanis,
1332 4065 1409 4113 quam

358 4115 437 4158 terum
451 4112 524 4160 verta
536 4111 594 4160 tede
607 4125 695 4172 papeia
710 4111 817 4159 eederttee
830 4125 864 4160 ee
897 4111 964 4160 fama
985 4111 1100 4160 victoriae
1121 4111 1243 4162 hostiurn:
1266 4113 1344 4176 magis
1364 4129 1409 4176 pro

358 4181 505 4236 oneratosque
514 4173 623 4235 reposuit
636 4173 742 4221 Bekker.
900 4173 1031 4222 victoribus
1042 4175 1115 4236 rulgo
1129 4175 1207 4224 habiti
1221 4183 1279 4224 sunt
1290 4176 1410 4236 Romani,

391 4234 507 4286 6Mae'or
534 4245 616 4287 tamen
636 4237 753 4297 baedam]
789 4235 866 4285 Hunc
899 4238 1073 4299 quamhoetcs.
1085 4238 1166 4288 Oasv.

359 4300 441 4348 locum
460 4299 517 4349 varii
536 4300 723 4351 venetensem.
755 4299 867 4351 Clericus
933 4303 999 4363 71⁴3!
1013 4303 1110 4364 secere,
1131 4304 1153 4352 εἰ
1174 4305 1323 4364 werwetar]
1348 4305 1408 4367 Ipse
