3002 4798
338 234 379 292 22
726 234 837 302 ΤΙΤΙ
869 236 1002 305 LIVII

264 386 320 436 5³⁴·
341 367 495 432 tumultus
509 371 661 450 fecerunt,
674 386 710 438 ut
724 396 790 440 non
801 376 932 462 agrestis
946 377 1042 442 modo
1058 375 1239 453 multitudo,
1255 375 1312 440 sed
1326 374 1386 462 ipsi

267 439 322 489 ²¹⁸·
342 453 496 518 triumviri
527 455 674 537 Romani,
698 460 754 546 qui
775 461 817 525 ad
977 475 1131 528 venerant
1152 461 1386 550 assignandum,

341 538 435 637 diffisi
450 540 631 610 Placentiae
642 547 818 638 moenibus,
831 484 993 614 ffiam
1009 548 1219 634 confugerint,
1238 547 1276 612 C.
1288 547 1387 611 Luta·

342 637 414 702 trus,
431 625 471 692 C.
487 626 645 709 Servilius,
662 632 701 696 T.
715 632 852 699 Annius.
882 633 1004 700 Lutatii
1018 657 1137 700 nomen
1152 633 1238 698 haud
1253 633 1387 698 dubium

341 723 405 776 est:
429 735 488 799 pro
504 714 544 779 C.
560 715 692 782 Servilio
711 731 744 784 ct
760 718 798 783 T.
813 720 924 786 Annio
946 722 987 797 Q„
1001 721 1143 786 Acilium
1157 733 1191 784 et
1207 719 1246 784 C.
1261 719 1389 784 Heren-

342 797 433 864 nium
455 799 574 867 habent
595 804 726 890 quidam
748 805 895 870 annales:
923 804 978 872 alii
998 807 1035 871 P.
1051 805 1238 872 Cornelium
1253 805 1387 870 Asinam

343 898 376 951 et
393 883 431 950 C.
445 885 606 974 Papirium
623 889 799 956 Masonem.
845 891 886 956 Id
905 908 1033 994 quoque
1053 893 1188 957 dubium
1207 903 1266 968 est,
1281 891 1409 978 legati,r

344 972 385 1037 ad
399 974 665 1060 expostulandum
681 977 767 1042 missi
781 977 823 1041 ad
839 977 945 1056 Boios,
959 979 1068 1044 vrolati
1083 978 1213 1055 sintan
1227 977 1262 1041 in
1277 978 1388 1041 trium·

183 1063 281 1113 Mutina
294 1065 335 1111 ob
344 1058 427 1124 viros
447 1083 557 1146 agrum
575 1075 732 1128 metantes
750 1059 809 1126 im¹
839 1077 889 1128 tus
908 1065 948 1129 sit
968 1066 1077 1130 factrrs.
1124 1063 1272 1130 Mutinae
1287 1085 1387 1149 quum

180 1143 252 1176 ’Μ
344 1145 573 1226 obsiderentur,
596 1161 630 1212 et
657 1171 746 1236 gena,
769 1087 836 1214 ade
835 1150 1121 1249 oppugnandarum
1149 1150 1277 1216 urbium
1306 1162 1388 1214 artes

343 1230 440 1308 rudis,
458 1233 630 1320 pigenima
650 1235 763 1300 eadem
784 1234 826 1298 ad
848 1235 994 1301 mrlitaria
1015 1259 1120 1324 opera,
1136 1236 1241 1323 segnis
1262 1235 1389 1299 intactis

344 1315 496 1383 assideret
514 1320 622 1397 muris,
638 1320 777 1385 simulari
797 1336 945 1408 coeptum
960 1323 1001 1386 de
1039 1345 1095 1387 ace
1110 1322 1178 1408 agi:
1202 1321 1389 1407 evocatique

344 1403 384 1467 ab
408 1402 575 1470 Gallorum
590 1407 786 1508 principibus
800 1406 897 1494 legati
918 1408 960 1472 ad
977 1346 1181 1496 colloquium,
1199 1429 1265 1471 non
1279 1421 1392 1471 contra

345 1489 394 1553 ius
409 1490 504 1556 modo
518 1507 672 1578 gentium,
688 1493 745 1558 sed
763 1493 880 1558 violata
898 1495 1004 1572 etiam,
1020 1517 1101 1581 quae
1124 1494 1198 1558 data
1211 1493 1246 1556 in
1260 1492 1295 1556 id
1310 1505 1391 1556 tem·

344 1598 405 1663 pus
426 1589 502 1654 erat,
524 1577 598 1656 fide,
621 1578 950 1666 comprehenduntur3
981 1581 1171 1667 negantibus
1194 1577 1305 1655 Gallis,
1328 1579 1414 1642 nisit

346 1662 470 1727 obsides
489 1663 549 1729 sibi
569 1665 788 1744 redderentur,
806 1688 861 1730 eos
880 1665 1071 1731 dimissuros.
1119 1665 1230 1740 Quum
1249 1664 1329 1729 haec
1349 1665 1390 1728 de

345 1747 456 1835 legatis
467 1752 613 1816 nuntiata
623 1764 736 1829 essent,
749 1766 781 1817 ct
793 1751 923 1816 Mutina
936 1753 1191 1840 praesidiumque
1203 1751 1238 1815 in
1248 1750 1391 1838 periculo

345 1848 437 1911 esset,
454 1834 491 1900 L.
505 1835 647 1902 Manlius
666 1850 801 1925 praetor,
818 1838 865 1902 ira
883 1860 1043 1916 accensus,
1059 1839 1195 1902 effusum
1214 1859 1329 1922 agmen
1350 1835 1392 1900 ad

346 1919 508 1985 Mutinam
530 1923 626 1990 ducit.
675 1923 778 1988 Silvae
801 1937 877 1990 tunc
899 1925 982 1989 circa
1003 1925 1085 1989 viam
1108 1936 1207 2000 erant,
1230 1921 1391 2021 plerisque

344 2006 480 2072 incultis.
526 2009 586 2087 Ibi,
602 2010 801 2097 inexplorato
820 2010 989 2097 profectus,
1005 2011 1040 2073 in
1055 2008 1184 2074 insidias
1203 2009 1393 2096 praecipita-

345 2106 405 2169 tus,
421 2094 583 2182 multaque
604 2119 677 2161 cum
697 2096 794 2161 caede
813 2119 941 2160 suorum
962 2119 1055 2182 aegre
1075 2096 1110 2158 in
1125 2107 1249 2195 apertos
1263 2115 1392 2180 campos

345 2181 481 2245 emersit.
505 2180 555 2246 Ibi
570 2195 671 2248 castra
685 2183 897 2258 communita3
922 2193 963 2258 et,
977 2183 1053 2268 quia
1069 2180 1170 2245 Gallrs
1185 2181 1226 2245 ad
1238 2179 1393 2245 tentanda

345 2288 384 2330 ea
397 2267 500 2332 defuit
520 2291 600 2368 spes,
617 2268 726 2333 refecti
747 2281 822 2333 sunt
839 2267 976 2332 militum
997 2267 1105 2344 animi,
1121 2289 1304 2352 quanquam
1319 2288 1416 2339 sex-3

344 2365 454 2416 centos
476 2354 626 2418 cecrdisse
648 2355 722 2418 satis
744 2354 915 2418 constabat.
976 2353 1043 2418 Iter
1064 2352 1180 2418 deinde
1203 2352 1244 2417 de
1265 2352 1392 2438 integro

344 2451 512 2524 coeptum3
544 2461 614 2514 nec,
637 2439 715 2501 dum
736 2461 795 2524 per
815 2439 957 2525 patentia
978 2439 1047 2503 loca
1068 2439 1244 2503 ducebatur
1265 2460 1392 2524 agmen,

345 2524 491 2610 apparuit
507 2523 623 2587 hostis:
647 2524 703 2588 ubi
722 2547 828 2588 rursus
850 2523 945 2588 silvae
966 2525 1109 2602 intratae,
1129 2537 1198 2589 tum
1217 2536 1394 2611 postremos

345 2608 458 2685 adorti,
474 2629 547 2672 cum
562 2631 677 2696 magua
696 2609 907 2696 trepidatione
928 2633 964 2674 ac
984 2633 1099 2697 pavore
1120 2610 1272 2686 omniurn,
1289 2609 1393 2674 octin-

367 2707 457 2758 entos
479 2695 595 2759 milites
623 2695 816 2773 occiderunt,
832 2718 896 2760 sex
918 2695 1008 2782 signa
1033 2696 1189 2761 ademere.
1249 2695 1337 2759 Finis
1358 2707 1394 2760 et

344 2717 449 2844 Gallis
469 2779 644 2858 territandi,
660 2793 693 2846 et
707 2781 843 2868 pavendi
865 2781 1019 2846 Romanis
1038 2781 1109 2858 fuit,
1124 2793 1160 2845 ut
1175 2805 1193 2845 e
1208 2780 1291 2845 saltu
1305 2781 1393 2845 invio

178 371 210 422 U.
222 375 251 423 0.

121 477 126 496 ,
176 437 207 488 Α.
225 439 255 488 0.

346 2878 442 2952 atque
457 2866 612 3016 imlpedito
631 2889 765 2931 evasere.
812 2866 903 2945 Inde,
920 2868 1036 2954 apertis
1055 2867 1132 2932 locis
1146 2865 1237 2931 facile
1252 2877 1394 2931 tutantes

345 2975 470 3039 agmen,
520 2953 627 3017 omani
649 2952 819 3030 Tenetum,
835 2954 941 3018 vicum
963 2954 1179 3041 propinquum
1200 2952 1300 3029 Pado,
1315 2975 1394 3017 con·

346 3038 495 3102 tendere:
534 3039 578 3102 ibi
601 3061 634 3102 se
657 3039 857 3103 munimento
882 3039 924 3103 ad
947 3052 1071 3126 tempus
1100 3039 1393 3124 commeatibusque

292 3141 294 3146 '
346 3123 486 3188 fluminis
507 3136 541 3189 et
564 3122 787 3188 Brixianorum
812 3123 977 3189 Gallorum
1003 3124 1131 3202 auxilio,
1154 3125 1302 3189 adversus
1323 3146 1417 3198 cre-4

278 3258 286 3274 .
346 3224 487 3274 scentem
508 3210 543 3273 in
565 3209 633 3274 dies
654 3209 892 3274 multitudinem
914 3211 1063 3288 hostium,
1085 3211 1276 3275 tutabantur.
1324 3208 1392 3283 Qui

347 3296 502 3361 tumultus
513 3319 546 3361 re
589 3319 627 3361 ns
638 3307 804 3384 postquam
817 3309 864 3360 est
876 3296 1013 3361 Romam
1024 3297 1173 3383 perlatus,
1185 3310 1218 3361 et
1233 3295 1392 3359 Punicum

345 3383 476 3469 insuper
489 3382 550 3447 Gal
565 3382 613 3448 'co
624 3382 707 3448 bello
719 3398 847 3447 auctum
859 3382 969 3447 Patres
980 3387 1184 3469 acceperunt3
1204 3380 1242 3446 C.
1255 3380 1393 3444 Atilium

346 3483 521 3555 praetorem
545 3492 618 3534 cum
641 3491 705 3533 una
726 3469 851 3554 legione
869 3468 1015 3533 Romana
1032 3482 1065 3532 ct
1086 3468 1230 3554 quinque
1253 3464 1393 3530 millibus

382 3667 509 3727 rchatt']
528 3663 620 3710 Nullos
630 3663 722 3723 legatos
732 3667 852 3708 memorat
918 3661 1096 3722 3anqu
1119 3666 1242 3708 tercentos
1265 3659 1391 3717 occidisse]

347 3728 404 3776 Pol.
417 3727 450 3776 ιιι.
461 3741 502 3787 4ο,
517 3727 561 3774 sed
577 3724 722 3783 triumviros,
740 3723 852 3771 Mutinae
885 3725 1032 3787 Quanquam
1046 3725 1137 3772 norbae
1154 3739 1193 3772 rea
1211 3721 1298 3781 Drak,
1314 3737 1393 3785 qaan-

348 3793 451 3848 olausos,
466 3803 522 3837 oum
539 3788 688 3849 colloquium
699 3786 794 3835 a·Boiis
811 3801 853 3848 po
885 3803 958 3849 mrum
976 3787 1010 3834 ad
1027 3793 1123 3836 cantum
1141 3785 1233 3835 Stroth.
1252 3802 1301 3849 qao
1370 3801 1394 3832 m

347 3853 527 3910 stulassentad
543 3867 585 3900 eos
598 3852 647 3900 fide
660 3855 764 3913 accepta
777 3865 853 3912 egres-
886 3852 919 3898 ud
941 3853 1085 3914 qainpmtor
1107 3850 1215 3898 Gronov.
1238 3854 1263 3896 et
1285 3801 1393 3897 Bm

347 3931 475 3979 eoaeaque
483 3915 573 3963 violata
579 3913 766 3976 comprehensos
773 3913 853 3961 fuisse.
887 3915 964 3970 Quod
976 3913 996 3962 si
1008 3927 1059 3962 uss.
1072 3928 1130 3974 prae
1145 3928 1171 3960 se
1185 3915 1275 3972 ierunt,
1285 3913 1334 3960 ad.
1347 3947 1354 3960 .
1367 3947 1393 3961 ..

348 3981 383 4030 Et
391 3979 444 4029 Liv.
453 3979 505 4041 ipse
512 3978 565 4028 infr.
572 3977 748 4026 xxvii.rr.non
754 3977 855 4040 legatos,
887 3979 1006 4036 weidner,
1023 3981 1051 4024 ut
1065 3977 1204 4024 Gronovius
1218 3975 1393 4034 rosimundam

347 4042 609 4093 reditiumriroscirca
617 4042 851 4099 Mutinametxxx.
886 4046 974 4102 potest,
997 4046 1025 4088 ut
1045 4039 1071 4088 in
1094 4055 1153 4088 voce
1175 4039 1220 4087 illa
1241 4041 1282 4097 ad,
1299 4037 1393 4086 incuria

350 4123 387 4169 ¹9·
398 4107 430 4155 ad
443 4106 522 4155 vicum
532 4105 655 4154 Tanatum
663 4120 680 4152 a
691 4103 759 4153 Boiis
769 4109 853 4167 captos
885 4105 1026 4163 scribarum,
1037 4105 1114 4152 lateat
1128 4117 1243 4152 numerus
1263 4111 1319 4160 oen,
1334 4102 1359 4150 b.
1370 4118 1392 4150 e.

347 4171 430 4219 tradit.
447 4171 517 4219 Dua.
884 4168 953 4216 mille
965 4167 1097 4229 quingenti.

381 4250 394 4283 ι
411 4236 470 4284 Nisi
480 4235 570 4283 obndm
580 4235 638 4294 sibl]
657 4233 728 4288 Quos
740 4232 793 4280 Pol.
805 4237 851 4280 tra
917 4247 932 4292 4
949 4233 1138 4291 Brtriarrorum]
1152 4231 1205 4287 Qui
1216 4247 1230 4278 a
1242 4228 1393 4292 principibus

348 4299 411 4347 ditos
428 4297 487 4346 dicit
503 4297 528 4346 in
545 4297 614 4346 exitu
632 4297 684 4345 eius
702 4296 770 4355 belli,
787 4297 852 4357 quod
886 4297 1082 4345 Cenomanorum
1096 4295 1193 4358 populis
1204 4299 1281 4343 erant.

349 4362 483 4425 descripsit,
494 4360 519 4413 ii.
532 4373 632 4423 22-25.
651 4361 716 4410 Rue.
1244 4373 1247 4380 ·
