2866 4770
330 218 394 280 606
712 209 826 276 ΤΙΤΙ
856 209 992 276 LIVII

175 321 251 410 ito.
269 371 322 421 549·
401 348 446 412 im
476 347 564 413 nullo
588 347 709 423 ordine,
736 347 878 434 quidam,
903 359 941 412 nt
966 348 1035 410 sine
1058 345 1203 432 imperio
1229 345 1379 431 occuparia

174 425 206 472 A.
222 425 251 474 ⁰·
268 435 322 484 203·
343 435 418 512 ocis,
434 447 525 500 extra
538 434 652 499 fossam
670 433 766 498 etiam
781 433 963 519 vallumque
979 432 1183 496 habitabant.
1231 430 1325 494 Haec
1341 454 1379 493 re

233 625 263 683 4.

332 521 395 586 lata
412 520 552 607 Scipioni
629 541 661 583 nr
680 520 821 584 fecerant
835 532 936 584 castra
949 518 1092 582 hostium
1113 539 1178 604 per
1193 517 1379 581 moinum

331 606 533 671 incendendi.
597 609 666 670 *um
680 604 710 669 le
733 607 800 682 atis,
817 627 897 690 quos
912 605 1052 668 mitteret
1066 603 1112 666 ad
1130 601 1327 690 Syphacem,
1339 625 1380 664 ca·

331 693 442 758 lenum
456 691 526 756 loco
563 691 659 755 rimos
673 715 693 755 o
734 692 801 755 'nes
818 703 976 778 spectatae
989 689 1121 753 virtutis
1135 703 1244 776 atque
1257 688 1395 775 pendeo-t

332 779 394 844 tiae
417 778 521 842 aemili
540 714 655 842 babitu
676 777 841 853 mittebat3
869 777 935 875 qui,
954 776 1033 840 dum
1053 775 1088 838 in
1111 775 1285 861 colloquio
1301 773 1379 860 legari

332 878 447 942 essent,
463 865 532 950 vagi
553 886 611 950 per·
627 876 737 940 castra,
753 862 833 927 alius
852 861 924 940 aha,
944 862 1050 926 aditus
1069 861 1257 948 exitusque
1277 881 1379 934 omnes

333 952 429 1015 situm
450 950 646 1035 formamque
669 962 703 1014 et
728 950 945 1014 universorum
966 961 1158 1024 castrorum,
1185 961 1223 1012 et
1248 947 1379 1033 partium

357 1060 398 1100 ua
412 1036 525 1112 Poeni,
536 1059 601 1121 qua
616 1034 777 1100 Numidae
790 1035 952 1111 habereut,
962 1048 1123 1121 quantum
1134 1032 1304 1098 intervalli
1313 1034 1394 1106 inter:

371 1121 543 1186 asdrubalis
554 1144 590 1185 ac
605 1121 692 1208 regia
701 1132 804 1185 castra
814 1135 905 1196 esset,
917 1119 1183 1207 specularentur:
1209 1141 1378 1204 moremque

334 1206 428 1272 simul
443 1219 611 1272 noscerent
627 1207 800 1271 stationum
820 1206 997 1292 vigiliarum
1020 1228 1081 1271 ue:
1107 1217 1224 1283 nocte,
1241 1227 1283 1268 au
1299 1205 1379 1268 inter·

335 1294 391 1358 diu
406 1317 448 1380 op
491 1293 647 1358 rtuniores
664 1293 827 1357 insidianti
841 1304 954 1358 essent.
1032 1292 1150 1355 tinter
1171 1292 1290 1356 erebra
1301 1289 1379 1354 colle

335 1380 412 1465 quia
431 1381 483 1444 aii
504 1393 598 1464 atque
619 1378 672 1443 alii
690 1378 731 1443 de
755 1379 919 1456 industria,
935 1401 1000 1465 quo
1018 1376 1172 1463 pluribus
1194 1379 1307 1442 omnia
1320 1389 1380 1439 nota

335 1479 449 1543 essent,
469 1466 682 1530 mittebantur.
731 1465 841 1540 Quum
863 1465 987 1574 saepius
1006 1463 1129 1549 agitata
1150 1486 1208 1528 res
1228 1463 1380 1527 certiorem

373 1573 425 1613 em
440 1551 526 1637 pacis
537 1551 572 1614 in
583 1551 652 1616 dies
666 1563 699 1615 et
716 1550 854 1651 Syphaci
869 1564 903 1614 et
913 1549 1244 1635 Carthaginiensibus
1255 1571 1313 1636 per
1321 1569 1379 1612 enm

334 1572 472 1712 liemon
496 1634 593 1735 legati
609 1637 748 1702 Romam
764 1637 898 1701 ‘vetitos
912 1659 945 1700 se
960 1635 1076 1699 reverti
1091 1635 1136 1698 ad
1151 1633 1379 1722 imperatorem'

335 1721 433 1798 aiunt,
458 1722 538 1786 ‘nisr
560 1735 682 1788 certum
709 1745 893 1810 responsum
919 1723 1020 1786 detur.
1067 1719 1229 1796 Proinde,
1254 1743 1313 1786 aen
1334 1719 1393 1805 ipsit

337 1816 452 1871 ‘staret
471 1808 534 1871 iam
554 1809 720 1886 sententia,
737 1831 793 1872 seu
816 1806 1030 1873 consulendus
1051 1805 1247 1871 Hasdrubal
1262 1821 1298 1871 et
1317 1805 1380 1869 Car·

337 1891 570 1980 ‘tbaginienses
587 1907 701 1972 essent,
718 1894 905 1959 consuleret.
951 1892 1095 1979 Tempus
1110 1913 1195 1968 esse,
1212 1907 1273 1957 aut
1286 1913 1379 1979 paoeu

338 1988 428 2044 ‘corn
472 1981 515 2055 ni,
532 1993 587 2044 aut
600 1979 720 2044 bellum
734 1981 858 2044 naviter
871 1978 958 2065 geri!
1001 1978 1093 2042 Dum
1108 1979 1297 2042 consulitur
1314 1977 1378 2040 Hm·

336 2065 437 2130 druba
459 2065 499 2130 ab
514 2065 668 2153 Syphace,
680 2067 721 2131 ab
737 2065 936 2130 Hasdrubale
949 2063 1259 2149 Carthaginiensem
1283 2079 1380 2148 etspe-

336 2151 491 2216 culatores
505 2152 613 2215 omnia
626 2151 759 2228 visendi,
775 2164 808 2216 et
829 2150 882 2215 Sci
905 2151 936 2214 io
951 2150 992 2215 ad
1006 2150 1230 2235 comparanda
1250 2173 1300 2226 ea,
1313 2169 1380 2234 qim

336 2238 370 2300 in
385 2258 452 2301 rem
467 2251 567 2313 erant,
583 2248 708 2324 tempus
722 2237 841 2301 habuit.
919 2249 932 2299 t
947 2258 987 2300 ex
1002 2236 1170 2300 mentione
1183 2258 1222 2300 ac
1237 2259 1296 2323 spe
1309 2235 1380 2321 paris

336 2322 539 2409 negligentia,
556 2335 592 2386 ut
605 2323 652 2398 fit,
665 2323 751 2409 apud
765 2322 890 2386 Poenos
906 2320 1081 2386 Numidam
1108 2344 1149 2384 ue
1166 2335 1240 2386 orta
1251 2319 1380 2392 carendi

336 2408 473 2495 nequid
494 2406 607 2473 hostile
623 2408 751 2472 interim
772 2419 963 2494 paterentur.
1009 2344 1161 2470 Tandem
1186 2407 1324 2472 relatum
1342 2428 1381 2467 re-

336 2516 496 2592 sponsum,
518 2494 718 2593 quibusdam,
739 2495 816 2581 quia
835 2494 928 2558 nimis
949 2515 1065 2580 cupere
1086 2491 1263 2558 Romanus
1284 2513 1381 2580 pacem

335 2579 511 2656 vrdebatrrr,
527 2580 646 2666 iniquis
659 2603 718 2665 per
733 2581 929 2644 occasionem
944 2579 1092 2655 adieetis3
1117 2601 1205 2664 quae
1221 2599 1396 2666 peroppms

337 2679 413 2728 turre
436 2666 579 2750 cupienti
599 2664 708 2730 tollere
728 2666 868 2730 indutias
892 2665 1033 2751 Scipioni
1052 2687 1184 2728 causam
1208 2667 1379 2752 praebuere

337 2751 388 2812 Ac
404 2750 518 2814 nuntio
538 2753 631 2836 regis,
647 2774 747 2837 quum
761 2751 933 2816 relaturum
948 2773 981 2814 se
1001 2749 1044 2814 ad
1062 2750 1238 2815 consilium
1253 2751 1379 2822 dinan

337 2847 461 2921 postero
484 2836 536 2900 die
557 2837 730 2923 respondit,
755 2837 819 2901 ‘Se
839 2860 905 2902 uno
918 2837 1034 2902 frustra
1052 2835 1224 2914 tendente,
1240 2837 1321 2902 nulli
1337 2834 1379 2899 alii

339 2930 470 3008 ‘pacem
490 2923 653 3008 placuisse.
700 2923 913 2988 Renuntiaret
927 2923 1033 3009 igitur,
1049 2921 1173 2984 nullam
1193 2924 1295 2988 aliarn

339 3007 451 3094 ‘pacis
468 3031 563 3094 quarn
584 3009 702 3074 relictis
724 3009 1049 3094 Carthaginiensibus,
1066 3005 1112 3094 Sy
1136 3007 1214 3072 haci
1235 3032 1313 3073 curu
1355 3029 1380 3069 c»

339 3094 461 3158 ‘manis
481 3095 568 3158 esse.’
612 3094 662 3159 Ita
677 3094 761 3159 tollit
776 3095 924 3171 indutias,
940 3106 977 3158 ut
991 3093 1091 3157 libera
1104 3030 1171 3158 dire
1195 3095 1327 3182 incepta
1338 3115 1380 3156 er·

338 3193 544 3266 sequeretur:¹
564 3179 773 3267 deductisque
792 3181 924 3245 navibus
938 3179 986 3266 (et
1006 3179 1070 3242 iarn
1089 3179 1174 3243 veris
1199 3181 1380 3268 principium

338 3264 420 3350 erat)
435 3265 596 3330 machinas
611 3279 841 3353 tormentaque,
858 3265 945 3330 velut
964 3265 1076 3329 amari
1095 3287 1310 3350 aggreaeurus
1324 3264 1382 3328 Uti-

339 3373 418 3428 cam,
428 3351 571 3437 imponit
619 3352 663 3416 Et
677 3353 743 3417 duo
758 3351 857 3415 millia
867 3351 1003 3416 militum
1019 3349 1061 3414 ad
1074 3351 1289 3450 capiendum,
1302 3371 1381 3439 quem

339 3449 433 3501 autea
448 3448 602 3514 tenuerat,
618 3437 777 3503 tumulum
792 3459 887 3525 super
903 3437 1031 3502 Uticam
1047 3437 1164 3500 mittit:
1190 3439 1294 3502 simul
1308 3451 1339 3502 ut
1349 3436 1382 3498 ab

339 3545 388 3599 eo,
404 3523 491 3609 quod
505 3525 644 3611 parabat,
660 3525 694 3588 in
709 3524 837 3588 alterius
851 3523 898 3587 rei
912 3545 1020 3587 curam
1035 3535 1242 3588 converteret
1256 3524 1383 3590 hostiurn

340 3753 471 3816 praecipue
483 3753 572 3816 passim
588 3755 657 3802 nullo
672 3755 757 3802 ordine
769 3757 846 3804 atta
879 3757 929 3803 duo
946 3755 1018 3818 primi
1030 3753 1169 3819 principes,
1182 3759 1239 3808 duo
1254 3759 1326 3821 primi
1340 3759 1385 3804 lam

340 3818 437 3864 marlia
447 3819 566 3866 anrrrdine
577 3819 659 3876 textis,
668 3833 723 3879 pars
731 3819 846 3878 maxima,
879 3819 932 3868 tati.
951 3821 1065 3869 Gronov.

340 3876 464 3940 (plerique
478 3880 576 3945 eorum)
590 3887 670 3930 storea
684 3897 781 3943 quoque
797 3887 846 3930 teo-
914 3887 1001 3944 7Qua
1025 3885 1152 3934 Numidae
1178 3885 1315 3948 ham]
1341 3887 1385 3933 ne

341 3941 380 4013 tis,
391 3941 552 4002 habitabant;
569 3945 668 4006 quidam
679 3951 750 3993 extra
760 3948 848 3994 fossam
881 3947 937 3996 dere
955 3961 1000 4009 pro
1016 3948 1127 3996 habitare
1147 3948 1200 3996 dici
1220 3950 1386 3998 euimedrem

341 4009 415 4052 otram
427 4005 578 4067 vallumque,
589 4013 617 4056 ut
630 4009 657 4056 in
672 4009 731 4056 locis
742 4009 794 4058 sine
804 4009 848 4057 im·
882 4010 1010 4059 Drakenb.
1024 4025 1089 4072 supr.
1104 4013 1172 4059 xxvi.
1190 4026 1232 4074 34.
1247 4013 1304 4062 infr.
1318 4011 1387 4060 mir

341 4067 409 4130 perio
431 4070 562 4129 occupatis
592 4074 688 4122 arona
710 4072 813 4121 efficitur·
834 4087 848 4120 e
884 4087 920 4133 14.
938 4074 969 4121 cf.
981 4073 1033 4122 Cic.
1044 4073 1092 4135 Ep.
1103 4075 1136 4122 ad
1148 4074 1250 4125 Divers.
1262 4076 1338 4125 etta

342 4132 422 4191 palea,
434 4132 472 4178 vel
484 4131 543 4178 ulva
554 4137 629 4182 texta
647 4135 727 4184 cmv.
914 4137 929 4184 8
945 4139 994 4186 Seu
1016 4139 1063 4198 ipsi
1084 4145 1162 4187 stant
1182 4140 1236 4187 ian
1257 4139 1386 4196 πυκνὴ]

373 4192 503 4242 6Prlmoe
521 4197 630 4256 walnas]
653 4199 734 4246 Primi
752 4200 848 4248 ordiam
881 4199 1034 4262 suppleret
1067 4202 1231 4250 nsumdaret.

343 4259 424 4324 vetere
435 4256 523 4304 militia
534 4263 602 4305 erant
612 4273 655 4306 sex
666 4260 800 4320 primorum
811 4277 847 4308 or·
913 4265 1042 4326 olaiqnia
1066 4279 1099 4312 ae
1108 4263 1386 4330 Gondiuonuuaqm

343 4315 428 4362 dmum
445 4319 611 4368 centuriones:
636 4322 685 4370 duo
704 4323 775 4382 primi
794 4325 847 4385 pili,
882 4327 1076 4387 vocemqnidam
1088 4327 1333 4380 maleinnerrrarum.
