3002 4798
296 165 299 172 '
384 197 427 260 46
769 191 1047 261 r1r1L1v11

223 333 258 386 U·
269 333 299 382 0·
312 348 367 396 sse

222 401 254 448 A.
270 398 300 448 C.
313 399 368 450 218.

386 325 487 393 velle:
511 339 623 394 contra
641 327 768 394 eludere
788 329 926 408 Poenus,
943 343 976 394 et
990 341 1067 405 arte,
1082 349 1148 392 non
1164 325 1205 402 vi,
1225 347 1293 390 rem
1314 347 1436 412 gerere,

388 415 591 501 naviumque,
612 437 708 501 quarn
728 416 868 480 virorum
890 428 946 481 aut
967 435 1137 490 armorum,
1157 410 1251 476 malle
1275 424 1439 475 certamen

387 500 498 564 facere.
545 499 631 566 Nam
651 513 688 565 ut
713 501 805 566 sociis
825 501 988 566 navalibus
1012 499 1131 564 affatim
1151 499 1339 561 instructam
1358 496 1439 560 clas-

388 607 465 664 sem,
481 587 526 650 ita
546 587 673 674 inopem
694 587 795 651 milite
815 588 990 652 habebant:
1014 600 1057 662 et,
1072 583 1174 650 sicubi
1188 595 1335 648 conserta
1349 582 1438 646 naris

388 684 479 750 esset,
495 671 742 772 haudquaquam
759 696 817 760 par
834 695 985 738 numerus
999 684 1190 736 armatorum
1205 691 1247 733 ex
1261 690 1300 732 ea
1314 691 1438 818 pugna-

387 757 450 822 bat
499 757 598 834 Quod
619 760 675 823 ubr
695 759 949 824 animadversum
967 772 1024 835 est,
1040 771 1073 821 et
1088 755 1242 820 Romanis
1264 776 1320 818 mu
1334 753 1437 818 titudo

388 865 446 908 sua
459 845 548 908 auxit
563 845 714 923 animum,
731 858 764 908 et
777 845 919 932 paucitas
934 843 995 908 illis
1009 841 1133 907 minuit.
1180 839 1353 927 Extemplo
1365 861 1437 925 sep-

389 942 454 993 tem
469 953 564 994 naves
578 929 719 995 Punicae
734 931 987 1006 cimumrentae3
1010 929 1117 1016 fugam
1133 939 1255 992 ceterae
1271 938 1434 1012 ceperunt.

389 1013 482 1080 Mille
501 1028 534 1080 et
557 1017 751 1104 septingenti
765 1017 853 1082 fuere
869 1017 904 1080 in
918 1016 1050 1080 navibus
1065 1013 1159 1113 capti,
1175 1013 1291 1076 milites
1306 1025 1437 1076 nautae·

389 1123 470 1186 que;
495 1102 528 1165 in
554 1101 604 1166 his
628 1113 691 1166 tres
716 1100 838 1167 nobiles
863 1101 1184 1188 Carthaginienslum.
1232 1095 1351 1162 Classis
1370 1097 1437 1162 Ro-

388 1209 483 1250 mana
500 1186 677 1263 incolumis,
694 1210 759 1251 una
773 1200 898 1252 tantum
912 1187 1069 1274 perforata
1083 1184 1166 1261 navi,
1182 1183 1239 1248 sed
1253 1206 1292 1248 ea
1307 1206 1435 1270 quoque

388 1271 457 1358 ipsa
471 1270 598 1349 reduce,
615 1273 648 1335 in
663 1285 791 1359 portum
806 1273 910 1337 rediit.

433 1356 617 1422 Secundum
632 1357 715 1422 hanc
735 1380 885 1446 pugnam,
901 1357 1045 1423 nondum
1105 1356 1166 1420 aris
1179 1356 1258 1433 eius,
1274 1355 1332 1442 qui
1347 1354 1456 1420 Mos-6

387 1466 481 1508 sanae
502 1456 601 1522 erant,
619 1443 669 1508 Ti.
689 1443 763 1509 Sem
787 1445 895 1509 ronius
917 1443 1027 1509 consul
1046 1379 1227 1510 rlisanam
1248 1441 1348 1506 venit
1395 1441 1455 1505 Eir

386 1529 503 1593 fretum
522 1529 654 1594 intranti
673 1553 729 1594 rex
783 1531 849 1596 ‘ero
868 1529 998 1595 classem
1019 1541 1161 1620 ornatam
1180 1527 1308 1592 obviam
1323 1527 1433 1592 duxit:

387 1627 660 1702 transgressusque
680 1638 722 1680 ex
744 1617 886 1703 regiain
907 1615 1095 1704 praetoriam
1118 1636 1241 1690 navem,
1259 1613 1436 1700 gratulatus
1478 1625 1479 1660 l

387 1701 536 1786 sospitem
559 1724 631 1766 cum
655 1703 798 1767 exercitu
818 1713 851 1766 et
872 1703 1006 1766 navibus
1028 1701 1201 1777 advenisse,
1224 1712 1434 1787 precatusque

388 1807 460 1885 pros
503 1809 571 1850 rum
589 1809 625 1851 ac
640 1786 763 1852 felicem
780 1788 814 1851 in
828 1787 969 1853 Siciliam
984 1787 1166 1862 transitum
1185 1799 1302 1850 statum
1318 1785 1435 1851 deinde

386 1894 437 1936 rus
520 1883 552 1936 et
565 1872 877 1974 Carthaginiensium
891 1886 1006 1938 conata
1020 1871 1184 2022 supposuit:
1209 1871 1435 1959 pollicitusque

386 1969 444 2034 est,
456 1981 521 2044 quo
536 1958 643 2024 animo
657 1981 761 2046 pnore
776 1959 860 2024 bello
873 1959 1028 2047 populum
1076 1979 1225 2023 omanum
1240 1957 1366 2023 iuvenis
1379 1959 1437 2022 ad·

386 2043 525 2120 iuvisset,
541 2067 580 2109 eo
594 2067 703 2110 senem
721 2045 912 2110 adiumrum.
958 2044 1167 2109 Frumentum
1181 2044 1435 2130 vestimentaque

386 2151 454 2194 sese
469 2129 646 2216 legionibus
660 2131 797 2196 consulis
812 2131 886 2196 soci'
927 2153 968 2196 ue
985 2129 1150 2194 navalibus
1164 2130 1260 2216 gratis
1274 2131 1436 2230 praebitu-

386 2237 467 2280 rum.
508 2215 638 2282 Grande
652 2216 828 2304 periculum
844 2153 997 2282 Liiheeo
1012 2216 1240 2302 maritimisque
1254 2215 1435 2280 civitatibus

387 2325 464 2379 esse,
489 2315 523 2366 et
545 2303 734 2402 quibusdam
757 2304 936 2368 volentibus
961 2323 1058 2367 novas
1080 2302 1229 2366 ressone.
1276 2301 1331 2366 Ob
1358 2303 1452 2368 haect

387 2387 509 2452 consuli
535 2388 616 2452 nrhil
640 2389 855 2454 cunctandum
882 2389 993 2466 visum,
1018 2389 1098 2475 quin
1121 2387 1311 2488 Lilybaeum
1337 2387 1433 2452 classe

386 2485 527 2572 peteret:
552 2486 586 2538 et
599 2495 656 2538 rex
671 2497 705 2538 re
729 2475 821 2574 'aque
839 2473 944 2539 classis
965 2497 1031 2538 una
1051 2474 1191 2561 profecti.
1238 2471 1434 2561 Navigantes

386 2558 473 2636 rnde,
489 2571 665 2646 pugnatum
739 2559 963 2648 Ldybaeumf
1052 2583 1092 2624 ue
1115 2573 1148 2624 et
1169 2572 1276 2648 captas
1294 2559 1433 2624 hostium
1480 2601 1481 2636 ᾗ

220 2637 225 2644 ’
319 2697 327 2713 .
388 2665 493 2720 naves,
516 2667 674 2732 accepere.
723 2645 925 2734 ALilybaeo
940 2635 1059 2722 cohsu,
1077 2643 1220 2712 Hierone
1242 2669 1315 2710 cum
1338 2646 1433 2711 classe

387 2730 475 2816 regia
488 2729 627 2808 dimisso,
637 2730 811 2818 relictoque
825 2745 969 2818 praetore
980 2731 1023 2795 ad
1034 2732 1185 2796 tuendam
1199 2730 1325 2796 Siciliae
1337 2755 1433 2808 oram,

388 2815 455 2903 ipse
469 2816 504 2879 in
519 2817 654 2881 insulam
669 2815 827 2895 Melitam,
842 2840 923 2904 quae
939 2840 958 2881 a
974 2817 1290 2903 Carthaginiensibus
1305 2819 1434 2884 teneba-

389 2915 449 2980 tur,
473 2901 603 2967 traiecit.
649 2903 845 2968 Advenienu‘
868 2902 1033 2969 Hamilcar
1060 2901 1211 2990 Gisgonis
1235 2902 1320 2966 filius
1345 2927 1434 3003 prae·

388 2987 489 3052 fectus
503 2987 660 3074 praesidii,
673 3011 746 3052 cum
757 2988 864 3075 paullo
879 2989 984 3053 minus
994 2989 1119 3053 duobus
1134 2988 1272 3052 millibus
1286 2987 1433 3064 militum,

389 3095 431 3160 op
454 3072 542 3137 idum
565 3097 606 3138 ue
633 3096 706 3138 cum
731 3073 834 3138 insula
860 3074 1011 3140 traditur:
1035 3074 1110 3138 inde
1192 3087 1345 3160 tpaucos
1368 3075 1433 3140 dies

448 3159 525 3224 'tum
541 3097 741 3260 lilybaeum,
757 3159 936 3258 captivique
952 3172 985 3224 et
1002 3182 1021 3223 a
1037 3097 1191 3224 consulis
1187 3172 1221 3226 et
1239 3182 1260 3223 a
1279 3172 1432 3247 praetore,

411 3258 513 3310 raeter
541 3245 591 3310 ins
647 3269 680 3310 es
709 3245 874 3310 nobihtate
904 3245 996 3322 viros,
1022 3246 1081 3309 sub
1111 3267 1228 3310 corona
1255 3246 1431 3310 venierunt

387 3268 562 3418 i'ostquam
582 3269 678 3396 ribnea
698 3344 787 3419 parte
810 3331 884 3396 satis
907 3343 1007 3396 tutam
1027 3330 1166 3396 Siciliam
1189 3332 1339 3396 censebat
1360 3355 1433 3396 eon·

387 3417 446 3494 sul,
469 3417 511 3482 ad
531 3417 649 3482 insulas
663 3416 811 3494 Vulcani,
827 3417 904 3518 quia
920 3417 1004 3481 fama
1023 3431 1090 3482 erat
1109 3431 1190 3482 stare
1212 3417 1256 3481 ibi
1279 3415 1433 3482 Punicam

388 3502 528 3580 classem,
545 3503 685 3568 traiecit:
709 3525 771 3568 nec
788 3524 956 3590 quisquam
978 3502 1117 3566 hostium
1139 3501 1223 3566 circa
1243 3523 1296 3566 eas
1317 3503 1433 3568 insulas

388 3588 544 3654 inventus
592 3587 661 3653 Iam
686 3589 766 3652 forte
793 3588 1028 3652 transmiserant
1051 3587 1093 3653 ad
1116 3587 1299 3652 vastandam
1324 3587 1433 3653 Italiae

387 3697 493 3754 oramr
517 3672 773 3760 depopulatoque
788 3672 966 3738 Vibonensi
986 3696 1071 3761 agro,
1087 3674 1198 3739 urbem
1220 3672 1316 3738 etiam
1338 3687 1451 3746 terre-o

420 3853 436 3903 6
455 3857 571 3904 Nondum
591 3856 678 3915 peteris
698 3857 764 3915 nus]
794 3853 895 3917 Pugnae
927 3851 954 3903 tt
965 3871 1011 3916 σοι,
1023 3857 1110 3906 Aesch
1123 3855 1253 3907 Promo.

387 3917 502 3966 nimirum
513 3919 545 3966 ad
555 3917 708 3980 Lilybaeum.
720 3917 803 3966 Gnou.
961 3935 977 3982 9
999 3921 1127 3970 Vibonensi
1134 3923 1206 3983 apro]
1220 3873 1294 3970 Carta
1302 3921 1353 3984 agri
1363 3923 1433 3972 Burt-

423 3992 436 4043 7
452 3982 584 4041 Eisretum
591 3982 708 4041 intranti]
720 3981 761 4030 Sic
767 3982 898 4044 legendum
931 3981 1029 4040 tiorum,
1040 3983 1108 4032 cuitu
1123 3986 1183 4033 artu
1196 3985 1256 4033 olim
1269 3985 1336 4034 dicta
1350 3989 1434 4050 Hippo

389 4044 544 4093 asseiaurdiu
558 4045 653 4093 monuit
664 4045 792 4107 Sigonius:
810 4046 897 4092 cuias-
931 4047 970 4095 rel
988 4047 1070 4108 potius
1088 4047 1217 4108 'luciana
1235 4055 1320 4112 postea
1342 4051 1402 4100 Vibo
1417 4065 1433 4097 a

387 4107 527 4156 sentiuntur
538 4108 612 4156 nostri
624 4108 801 4167 codiceqetiu
813 4108 898 4171 primis
936 4111 1019 4169 When,
1046 4115 1071 4159 et
1099 4112 1191 4160 Vrbem
1216 4113 1336 4172 Valentia,
1362 4113 1434 4162 bodie

389 4171 447 4220 Put.
480 4171 563 4233 Vulgo
573 4173 705 4232 etjretum.
718 4172 799 4229 Cass.
928 4175 1252 4226 MonteLeoneetBr'eoua:
1270 4177 1336 4224 unde
1349 4179 1434 4227 Valer-

421 4235 603 4292 sonituram
621 4237 768 4295 comtibus]
798 4235 895 4285 Graeco
928 4239 974 4286 tini
993 4241 1019 4284 et
1041 4239 1184 4289 Vibonem
1202 4239 1270 4289 dicti.
1287 4239 1343 4289 inrr.
1360 4255 1433 4288 xxxv.

388 4298 897 4362 moreloquendiquemadmodumtsatvp
929 4300 1046 4361 4o.Rur.
1211 4313 1214 4320 ’
