2888 4768
357 223 453 289 LIB.
478 221 589 288 XXV.
624 219 725 289 CAP.
750 229 801 292 25.
1042 233 1102 294 261

63 359 262 509 &demi
274 371 311 424 ut
322 358 461 448 alloquio
471 359 536 424 leni
547 359 733 448 pellicerent
747 360 853 426 hostes
867 361 909 426 sd
923 361 1103 428 dedendam
1112 379 1147 494 p.
1159 380 1189 495 g.
1205 393 1260 446 ⁵42

63 467 81 508 u
135 467 174 510 m·
762 478 773 492 ι
1136 481 1143 495 .
1183 461 1261 497 ΛΗ.

101 531 269 597 Tenebant
290 532 493 598 Achradinae
518 547 624 621 portas
647 557 817 622 murosque
841 535 978 601 maxime
1002 549 1103 602 trans·
1159 541 1211 602 25.

60 617 157 704 fugae,
181 620 298 706 quibus
320 620 409 690 nulla
433 634 500 684 erat
525 643 583 708 per
605 621 803 686 conditiones
826 623 937 687 veniae
961 646 1051 710 spes:
1079 625 1103 690 ii

59 727 115 768 nec
139 705 227 770 adire
255 729 370 784 muros,
397 729 457 771 nec
486 707 605 794 alloqui
631 731 824 795 quemquam
850 709 941 796 passi.
987 709 1101 797 Itaque

39 791 237 871 sMarcellus,
249 808 417 881 postquam
429 794 463 858 id
478 793 640 880 inceptum
656 795 779 859 irritum
790 795 860 872 fuit,
872 795 913 860 ad
926 795 1102 884 Euryalum

59 878 144 964 sigua
160 879 271 945 referri
290 880 389 946 iussit.
435 880 593 946 Tumulus
615 897 663 945 est
686 881 720 944 in
744 896 887 946 extrema
906 896 996 970 parte
1016 885 1102 948 urbis

38 987 160 1034 sversus
174 967 298 1045 amari,
313 969 446 1054 viaeque
466 968 636 1032 imminens
654 967 769 1032 ferenti
787 968 821 1032 in
842 991 931 1055 agros
952 969 1102 1034 mediter·

57 1073 212 1140 raucaque
228 1053 360 1132 insulae,
376 1053 598 1142 percommode
616 1054 694 1118 situs
714 1053 756 1118 sd
773 1070 967 1120 commeatus
981 1057 1102 1144 excipi-

58 1138 162 1204 endos.
193 1140 344 1205 Praeerat
359 1141 434 1205 huic
448 1142 512 1206 arci
524 1140 731 1206 Philodemus
744 1141 791 1206 Ar
814 1143 891 1219 ivus,
904 1143 943 1207 ab
956 1142 1101 1231 Epicyde

57 1224 229 1312 impositus.
276 1227 331 1292 Ad
346 1250 442 1314 quem
456 1228 568 1292 missus
583 1251 603 1292 a
616 1226 770 1292 Marcello
788 1165 881 1306 dosis,
897 1251 981 1294 unus
996 1253 1037 1294 ex
1051 1230 1102 1294 in·

58 1312 273 1379 terfectoribus
295 1315 432 1402 tyranni,
447 1337 557 1402 quum,
572 1313 604 1378 lo
649 1337 668 1378 ο
687 1337 831 1380 sermone
852 1315 970 1394 habito,
986 1315 1102 1381 dilatus

57 1419 111 1483 per
130 1399 365 1466 damnationem
388 1415 478 1478 esset,
500 1401 610 1465 retulit
653 1400 796 1480 lamella,
818 1415 881 1467 tem
906 1426 942 1468 us
964 1425 1038 1468 eum
1060 1402 1102 1467 ad

57 1484 295 1552 deliberandum
317 1488 493 1576 sumpsisse.
541 1487 652 1562 Quum
672 1488 698 1553 is
717 1488 862 1554 diemde
880 1425 932 1554 die
950 1489 1101 1566 differret,

57 1569 131 1636 dum
145 1572 193 1637 Hi
216 1587 360 1662 pocrates
381 1587 477 1662 atque
494 1573 635 1639 Himilco
655 1573 861 1640 admoverent
882 1591 983 1642 castra
1003 1576 1033 1642 le
1057 1577 1102 1640 'o-

57 1679 183 1746 nesque,
194 1595 289 1725 haud
306 1661 430 1739 dubius,
447 1661 473 1726 si
488 1661 522 1726 in
537 1683 642 1726 arcem
656 1662 828 1748 accepisset
841 1685 905 1740 eos,
920 1663 1020 1728 deleri
1068 1685 1103 1728 c-

57 1763 183 1811 manum
206 1747 384 1813 exercitum
408 1747 565 1812 inclusum
591 1748 689 1813 muris
714 1771 825 1835 posse3
858 1749 1039 1827 Marcellus,
1066 1761 1103 1814 ut
1112 1767 1232 1830 Neapolis

38 1827 232 1920 tEuryalum
253 1857 358 1921 neque
379 1835 470 1912 tradi,
486 1857 591 1922 neque
611 1834 682 1922 capi
702 1835 783 1900 vidit
800 1857 901 1922 posse,
917 1837 1000 1901 iuter
1015 1836 1136 1902 Nea·et
1147 1832 1235 1895 Tycha

57 1917 151 2002 polim
166 1937 199 1986 et
214 1919 361 2009 Tycham
376 1921 521 2007 (nomina
540 1921 678 2008 partium
698 1921 793 1999 urbis,
810 1936 843 1987 et
862 1923 960 1987 instar
977 1923 1103 1988 urbium

57 2005 143 2092 sunt)
157 2008 265 2094 posuit
284 2020 393 2085 castra,
410 2009 534 2084 timens,
550 2023 602 2084 n'e,
617 2007 644 2071 si
660 2007 841 2094 frequentia
859 2009 1005 2074 intrasset
1023 2008 1102 2087 loca,

58 2093 210 2159 contineri
240 2095 280 2159 ab
305 2093 448 2159 discursu
477 2092 567 2158 miles
596 2092 707 2157 avidus
735 2094 870 2194 praedae
896 2117 962 2158 non
987 2109 1102 2182 posset.

37 2175 167 2266 elegati
187 2203 229 2246 eo
248 2181 288 2246 ab
303 2180 417 2270 Tycha
435 2193 468 2244 et
489 2179 628 2266 Neapoli
647 2201 720 2244 cum
739 2179 847 2246 infulis
866 2193 900 2245 et
919 2180 1104 2246 velamentis

57 2281 221 2344 venerunt,
236 2281 410 2356 precantes,
426 2280 464 2331 ut
485 2289 506 2330 a
526 2265 676 2332 caedibus
699 2281 733 2332 et
755 2266 794 2330 ab
816 2267 1104 2368 incendiisparce-

1111 1898 1242 1946 deduntur.

57 2365 149 2418 retur.
196 2355 250 2420 De
290 2375 404 2418 uorum
426 2353 581 2441 precibus,
597 2375 693 2440 quam
715 2353 890 2441 postulatis,
907 2375 1006 2441 magrs
1028 2377 1104 2419 con-

57 2436 124 2504 silio
145 2441 265 2518 habito,
326 2440 459 2506 arcellus
482 2463 524 2505 ex
549 2440 692 2505 omnium
715 2441 874 2506 sententia
896 2439 998 2505 edixit
1020 2439 1105 2505 mili·

59 2523 148 2604 tibus,
181 2537 191 2570 ⁶
203 2549 244 2592 ne
269 2528 341 2615 quis
363 2527 498 2592 liberum
521 2549 634 2614 corpus
655 2526 806 2593 violaret:
838 2539 944 2592 cetera
967 2527 1103 2615 praedae

39 2611 199 2683 7‘firtura’
255 2613 431 2702 Castraque
462 2615 553 2679 tectis
585 2614 741 2702 parietum
774 2635 832 2715 pro
865 2635 956 2678 muro
986 2627 1102 2702 saepta.

38 2694 159 2765 tPcrtis
172 2701 304 2788 regione
319 2701 493 2790 platearum
513 2701 695 2789 patentibus
715 2713 865 2766 statrones
883 2700 1102 2789 praesidiaque

58 2781 219 2872 disposuit,
242 2809 283 2853 ne
308 2789 379 2876 quis
401 2789 436 2852 in
459 2786 602 2853 discursu
625 2787 762 2852 militum
784 2789 922 2874 impetus
945 2788 979 2851 in
1003 2801 1104 2852 castra

58 2869 123 2935 lieri
134 2887 253 2974 posset
299 2873 390 2952 Inde,
416 2875 507 2962 signo
533 2875 617 2951 dato,
644 2873 760 2938 milites
785 2874 1020 2938 discurreruntt
1052 2897 1103 2938 re-

57 2954 224 3049 fractisque
238 2961 368 3040 forrbus,
383 2983 484 3048 quum
505 2960 612 3025 omnia
630 2971 747 3025 terrore
768 2983 805 3025 ae
825 2959 965 3024 tumultu
983 2973 1045 3024 stre

59 3059 135 3124 rent,
158 3073 180 3113 a
200 3048 350 3114 caedibus
371 3060 479 3111 tamen
504 3059 713 3132 temperatum
736 3059 793 3111 est.
840 3045 974 3133 Rapinis
997 3068 1042 3110 nu
1067 3069 1103 3110 us

59 3143 129 3198 ante
148 3135 263 3201 modus
276 3135 346 3211 fuit,
363 3155 459 3222 quarn
479 3133 586 3197 omnia
605 3131 756 3198 diuturna
773 3132 924 3198 felicitate
943 3131 1104 3197 cumulata

91 3349 162 3406 sad
172 3347 325 3408 Euryalum]
343 3343 467 3406 Euryalus
479 3357 522 3392 arx
538 3341 564 3388 in
596 3347 677 3390 ments
691 3339 788 3404 proprie
802 3346 827 3390 et
843 3341 936 3405 signata
952 3342 1103 3404 dicebantur,

60 3420 151 3460 summa
171 3410 334 3473 Epipolsrum
355 3414 426 3472 purte
445 3412 503 3457 erat.
533 3407 563 3454 cf.
597 3419 757 3467 quaeeunque
778 3407 901 3468 supplioes
926 3407 1103 3456 misericordiae

61 3469 171 3538 Thucyd.
183 3475 214 3524 vi.
226 3485 265 3539 97.
596 3470 731 3518 movendae
747 3485 821 3520 eausa
837 3471 1013 3533 praeferebant,
1025 3478 1052 3520 ut
1066 3487 1102 3522 ra-

91 3555 105 3599 4
126 3541 215 3592 Versus
230 3555 247 3588 a
262 3539 339 3599 mari]
358 3535 471 3595 Avernus,
487 3548 564 3582 remo-
597 3548 650 3581 mos
661 3533 730 3582 oleae
741 3534 808 3583 vittis
818 3536 954 3595 obvolutos,
964 3541 1010 3586 etc.
1028 3535 1076 3586 Ca.

61 3603 99 3648 tus
112 3618 127 3651 a
140 3603 211 3662 mari,
226 3602 253 3650 in
265 3603 455 3651 mediterraneas
470 3597 564 3648 insulas
631 3609 644 3658 7
661 3598 796 3662 Castraque
807 3601 1019 3662 comportatum]
1044 3601 1102 3650 Hoc

62 3671 140 3723 partes
149 3683 239 3716 uersus.
597 3661 666 3720 dicit,
677 3669 754 3712 castra
765 3663 878 3712 Marcelli
894 3663 958 3713 inter
969 3665 1102 3728 Neapon

93 3733 187 3790 slntsr
194 3733 324 3793 Neapolim
334 3737 357 3780 st
370 3731 486 3791 Tycham]
498 3729 564 3776 Nea-
597 3741 626 3774 ac
642 3725 754 3789 Tycham
772 3727 859 3790 posits,
877 3728 1044 3778 aedificiorum
1059 3745 1102 3792 pa·

60 3795 119 3850 pota
129 3797 239 3844 sicdicta
247 3793 357 3856 est,quia
367 3799 489 3857 postrema
499 3791 564 3840 aedi·
597 3789 669 3838 rietes
685 3805 729 3852 pro
745 3806 815 3840 muro
831 3797 874 3840 aut
891 3793 956 3841 vallo
975 3793 1101 3843 habuisse:

40 3859 45 3868 “
63 3855 132 3907 ficata
146 3861 240 3908 fuerat:
261 3860 349 3920 Tycha,
362 3859 427 3920 quod
443 3857 468 3905 in
485 3871 515 3904 ea
529 3871 564 3904 es-
597 3853 647 3904 u've
658 3861 720 3905 tacta
731 3859 855 3920 paratam
866 3856 929 3906 dixit
944 3872 989 3920 pro
1005 3858 1102 3921 parieti-

62 3925 98 3968 set
117 3923 311 3986 antiqrsissinrum
330 3923 454 3972 Fortunae
472 3921 564 3969 fanum
597 3920 643 3968 bus
657 3919 715 3983 ipsis
727 3921 823 3970 structis
838 3922 871 3970 ad
887 3922 1003 3984 tegendas
1015 3923 1103 3981 aeden

64 3981 187 4038 Testisest
197 3988 251 4038 Cic.
261 3985 564 4050 inVerr.ir.119.Casv.
597 3983 647 4032 sire
664 3984 767 4048 scripsit,
782 3993 910 4049 castraque
928 3993 1042 4036 usuram
1056 4002 1102 4048 ps-

65 4047 92 4096 ct
103 4065 166 4114 supr.
178 4052 243 4100 xxiv.
256 4066 294 4100 21.
596 4051 705 4099 rictibus.
722 4050 838 4100 Gaouor.
874 4050 1026 4099 Sententiam
1045 4050 1103 4098 satis

94 4112 109 4162 6
123 4117 184 4166 tam
193 4117 282 4176 luridi*
292 4121 316 4164 st
326 4115 478 4173 adsumta]
502 4113 564 4174 Sup-
596 4113 676 4175 aperit
687 4113 748 4163 haec
759 4114 901 4176 explicatio,
911 4115 953 4163 sed
965 4114 1041 4162 oratic
1052 4127 1101 4161 scer

64 4175 248 4236 plicam-more.
286 4179 375 4228 Infulis
393 4177 468 4226 ‘vebti
489 4191 564 4226 asoar-
596 4177 641 4225 bra
651 4182 699 4236 est;
714 4193 770 4228 nam
784 4179 868 4238 essm,
882 4185 1010 4240 castraque
1025 4183 1103 4238 septu,

64 4238 130 4292 dotes
145 4260 213 4296 sacra
227 4243 357 4294 faciebant.
390 4241 459 4292 Hinc
475 4256 564 4290 ussum·
597 4242 810 4304 etdlapcmitncn
822 4241 959 4290 cohaerent.
978 4241 1049 4288 Dua.

64 4308 119 4363 Pisa
130 4315 186 4358 suut
201 4325 216 4358 a
232 4307 392 4383 supplicibus,
403 4312 431 4355 ut
442 4305 566 4368 religiosae
629 4306 644 4352 8
660 4307 768 4366 Recluso
774 4307 927 4368 plateam]
946 4305 1045 4353 Pistass
1054 4317 1103 4352 rer·

64 4369 134 4424 restis
151 4373 249 4424 obiectu
265 4387 301 4422 irs
317 4371 461 4422 mitesceret.
499 4371 565 4422 Vsla·
598 4383 638 4417 sus
648 4369 794 4431 putantibus.
