2888 4768
374 189 437 249 224
755 176 868 244 ΤΙΤΙ
895 178 1034 244 LIVII

215 325 250 378 U·
262 327 292 378 c.
309 341 363 393 5³9·
375 319 557 404 ‘antiquam
572 315 755 380 societatem
764 315 918 403 respiciat
966 313 1107 390 Quodsi
1124 318 1220 383 abire
1237 320 1282 383 ab
1295 319 1347 398 Rs

214 391 246 441 Α·
262 395 293 444 ⁰·
309 403 496 480 ²¹³·‘liceat,
520 402 622 466 redire
645 401 686 466 ad
708 425 762 467 eos
784 425 850 468 non
871 402 981 478 liceat;
1009 401 1064 464 cui
1089 401 1239 468 dubium
1264 407 1349 486 escflll
1383 396 1384 464 l

374 489 477 554 ‘brevi
502 488 627 553 deserta
653 489 692 554 ab
716 489 809 554 sociis
839 489 985 554 Romana
1007 509 1057 552 res
1085 487 1350 554 foeden'brssmlcls

373 575 498 640 ‘omnia
512 575 546 639 in
562 573 655 640 Italia
670 575 778 640 iuncta
786 576 891 640 visura
904 576 966 640 sit?
991 573 1031 640 Se
1047 583 1288 641 tumemus
1298 580 1350 660 tlte,
1384 594 1385 619 ¹

372 660 449 748 ‘qui
465 661 590 727 Altinio
599 661 674 727 fidei
683 663 855 750 quicquam
866 675 993 728 censeat
1007 651 1246 733 habendum,sed
1256 647 1352 714 medum

372 757 382 787 ‘
393 761 636 814 consecuturum
649 749 772 815 consilii
785 750 875 814 viam
922 747 1038 850 Neque
1048 770 1124 812 eum
1135 767 1186 833 pro
1196 741 1352 819 horamque
1385 792 1386 810 r

372 843 451 922 ‘pro
466 836 551 901 socio
567 835 600 899 in
615 836 793 923 praesentia
806 836 961 913 habitum,
977 835 1076 900 lrbera
1090 829 1222 898 custodia
1232 823 1298 890 haud
1307 841 1367 917 pret

373 923 446 987 ‘cul
461 922 597 988 acastris
612 923 736 1010 placere
752 923 786 986 in
801 922 908 1010 aliqua
922 922 988 988 firla
1001 922 1128 987 civitate
1142 915 1243 984 servari
1254 933 1297 1000 per
1306 905 1355 972 bell
1386 995 1387 1004 ἱ

373 1019 538 1110 ‘tempusr
562 1023 742 1097 perpetrato
765 1009 857 1086 bello,
874 1022 943 1074 tum
965 1006 1211 1079 consultandum,
1225 992 1356 1104 ιιῐιπιιιῑίὶῑ·ς

373 1097 489 1161 ‘fectro
503 1097 590 1184 prior
608 1096 679 1183 plus
694 1096 807 1161 merita
820 1096 861 1160 sit
882 1119 1015 1182 poenae,
1031 1118 1071 1160 an
1085 1093 1138 1158 hic
1156 1091 1259 1157 reditis
1269 1103 1351 1186 teum

373 1183 472 1248 Fabio
490 1205 655 1248 assensum
675 1196 739 1258 crt3
764 1183 947 1270 catenisque
970 1183 1084 1270 ligatus
1102 1179 1228 1245 traditur
1245 1186 1270 1238 et
1281 1180 1356 1258 lpsetl

372 1270 519 1335 comites:
544 1283 578 1334 et
599 1270 667 1333 auri
689 1269 764 1334 satis
785 1291 937 1356 magnum
959 1270 1093 1369 pondus,
1113 1265 1197 1368 quod
1215 1282 1300 1328 secum
1316 1273 1358 1320 tun

372 1355 530 1434 attulerat,
542 1354 573 1420 ei
587 1357 703 1421 servari
718 1357 846 1420 iussum
895 1353 1028 1420 Calibus
1042 1378 1115 1420 eum
1127 1351 1255 1418 mterdiu
1266 1345 1359 1439 solutud

372 1443 519 1508 custodes
539 1443 769 1529 sequebamur:
793 1455 887 1508 nocte
907 1442 1048 1507 clausum
1070 1439 1271 1535 asservabant·
1297 1431 1359 1515 dipl

372 1529 460 1593 domi
474 1529 613 1616 primum
628 1529 799 1594 desiderari
814 1529 987 1617 quaerique
1002 1541 1050 1593 est
1063 1543 1207 1615 coeptus:
1229 1523 1291 1588 darn
1300 1518 1359 1588 sana

372 1637 430 1764 per
453 1628 552 1678 totam
574 1615 686 1680 urbem
709 1615 845 1703 vulgata,
867 1615 1050 1694 tumultum,
1071 1629 1107 1679 ut
1129 1612 1260 1702 principe
1278 1605 1359 1700 euim,

385 1701 465 1766 ecit:
490 1713 641 1788 metuque
657 1724 763 1766 rerum
778 1726 930 1767 novarum
945 1701 1105 1789 extemplo
1118 1700 1218 1765 nuntii
1231 1697 1265 1761 ed
1278 1693 1361 1758 llannl·

372 1787 476 1853 belem
492 1786 587 1852 missi.
635 1787 762 1864 Quibus
777 1811 978 1877 nequaquam
994 1790 1131 1853 offensus
1145 1787 1269 1860 Poenus,
1281 1779 1360 1868 quite!

373 1874 487 1962 ipsum,
510 1886 547 1938 ut
573 1875 739 1962 ambiguae
762 1875 838 1940 fidei
863 1877 975 1953 mmm,
998 1889 1178 1962 suspectum
1203 1865 1361 1955 iampridem

373 1961 518 2039 habebat,
534 1975 567 2026 et
582 1983 708 2026 causam
723 1975 834 2026 nactus
848 1977 916 2026 erat
931 1977 995 2026 tam
1010 1962 1085 2026 ditis
1100 1961 1232 2026 hominis
1244 1959 1309 2022 bona
1318 1971 1362 2048 pot

373 2048 498 2114 sideudi
514 2048 739 2134 vendendique
749 2073 758 2126 ;
781 2062 923 2114 ceterum
942 2063 980 2113 ut
999 2049 1063 2113 irae
1084 2049 1191 2135 magis,
1205 2067 1286 2134 quam
1300 2059 1362 2134 am·

374 2136 446 2214 tiae,
462 2135 573 2200 datum
589 2135 755 2201 crederent
766 2135 920 2212 homines
937 2133 1158 2220 crudelitatem
1173 2135 1284 2220 quoque
1297 2144 1373 2226 gau-¹
1392 2189 1393 2192 ,

214 2225 330 2303 (ἷοῐιῐιικ,
376 2223 433 2286 tati
455 2222 588 2301 addidit,
605 2222 677 2288 coni
742 2245 837 2308 mque
855 2222 924 2286 eius
938 2245 976 2286 ac
995 2221 1110 2287 liberos
1130 2222 1165 2285 in
1181 2227 1362 2285 castremus

214 2305 267 2404 {2¹3
277 2291 342 2403 {2¹}
376 2309 561 2396 quaestione
590 2245 824 2397 priusuiabiu,
850 2309 989 2397 primum
1018 2308 1058 2373 de
1088 2308 1165 2394 fuga
1193 2304 1299 2380 Altini,
1318 2297 1364 2398 idn
1393 2378 1394 2403 χ

213 2417 280 2467 auat
291 2420 323 2467 ab
376 2408 531 2481 quantum
546 2396 614 2459 auri
629 2397 814 2483 argentique
830 2395 917 2460 domi
931 2395 1077 2460 relictum
1092 2408 1185 2472 esset,
1200 2394 1264 2458 satis
1275 2400 1363 2474 cogunt

216 2483 366 2532 Hmnibae.
376 2481 533 2557 omnibus,
548 2481 636 2546 vivos
651 2483 830 2547 combussit

262 2565 316 2626 46·
419 2566 544 2644 Fabius,
571 2568 611 2633 ab
637 2567 786 2633 Suessula
811 2568 979 2656 profectus,
1008 2568 1113 2655 Arpos
1142 2568 1268 2655 primum
1292 2556 1364 2626 institi

216 2651 296 2724 ΛΦΨ
307 2665 347 2711 as·
375 2675 568 2740 oppugnare.
616 2653 681 2718 Ubi
705 2679 804 2741 quum
825 2678 844 2719 a
866 2656 1049 2756 quingentis
1069 2655 1134 2720 fere
1160 2654 1288 2741 passibus
1304 2659 1366 2714 ema

218 2717 324 2826 Fabi&
375 2740 539 2827 posuisset,
555 2740 786 2827 contemplatus
802 2765 842 2806 ex
865 2764 1044 2842 proprnquo
1066 2742 1162 2805 situm
1178 2741 1258 2805 urbis
1274 2753 1365 2802 moerus¹

375 2849 449 2914 que,
465 2849 546 2914 quae
570 2849 641 2913 pars
660 2826 815 2892 tutissima
829 2829 995 2894 moenibus
1015 2839 1092 2905 erat,
1108 2851 1173 2914 qua
1194 2826 1366 2903 marimana-

374 2913 490 2978 lectam
522 2913 699 2979 custodiam
728 2914 818 2991 vidit,
849 2938 888 2979 ea
915 2916 1114 3002 potissimum
1145 2913 1266 3064 aggredi
1291 2905 1365 2975 saut

1144 3024 1184 3065 an

377 2999 578 3088 Comparatis
590 3001 746 3078 omnibus,
759 3024 840 3087 quae
856 3002 897 3066 ad
909 3002 1002 3066 urbes
1013 3024 1077 3088 opp
1210 3023 1241 3066 as
1251 2999 1305 3064 usui
1316 3003 1366 3064 sunt

375 3089 598 3152 centurionum
618 3088 730 3152 robore
752 3111 792 3152 ex
816 3101 882 3152 toto
905 3089 1047 3153 exercitu
1068 3088 1108 3154 de
1122 3088 1197 3174 egit,
1220 3088 1367 3176 tribunosqlt

375 3174 457 3239 viros
472 3175 568 3240 fortes
582 3174 621 3238 iis
635 3174 795 3262 praefecit,
811 3187 843 3238 et
858 3175 975 3239 milites
989 3187 1163 3252 sexcentos,
1180 3187 1316 3261 quantum
1325 3179 1368 3231 ets

375 3261 477 3325 visum
499 3273 557 3338 est,
581 3263 743 3326 attribuit:
768 3284 895 3348 eosque,
919 3260 974 3326 ubi
996 3274 1126 3348 quartae
1148 3261 1177 3325 ν’
1203 3260 1270 3326 iliae
1289 3260 1368 3343 signu

375 3347 551 3425 cecinisset,
567 3347 608 3411 ad
623 3371 697 3412 eum
713 3347 817 3412 locum
838 3348 936 3414 scalas
955 3348 1046 3412 iussit
1059 3349 1149 3413 ferre.
1170 3285 1285 3412 lgPorta
1297 3341 1368 3409 ibitu-

375 3432 458 3498 milis
477 3447 510 3499 ct
529 3449 663 3521 angusta
682 3446 759 3512 erat,
774 3435 826 3499 via
846 3435 1039 3523 infrequenti
1059 3457 1117 3522 per
1131 3434 1283 3499 desertam
1294 3443 1369 3520 partlm

376 3521 481 3586 urbis:
517 3543 588 3586 eam
617 3533 741 3608 portam
770 3521 861 3586 scalis
887 3522 974 3609 prius
1001 3536 1207 3608 transgressos
1234 3521 1273 3586 ad
1292 3525 1380 3582 numu

408 3759 660 3821 stammana]
687 3761 756 3816 Quid
767 3759 799 3808 sit
811 3759 886 3808 libera
918 3759 967 3817 sit;
992 3775 1067 3822 quare
1089 3760 1218 3822 legendum
1240 3758 1337 3812 avara
1350 3751 1371 3798 ¹⁰¹

376 3821 488 3870 custodia
498 3822 624 3884 sequentia
634 3824 770 3872 declarant:
787 3825 886 3872 Calibus
918 3839 974 3872 cum
988 3823 1096 3873 Gronov.
1107 3826 1246 3886 rapacitate
1256 3827 1327 3873 censet

375 3901 431 3934 cam
441 3887 550 3934 interdiu
562 3888 667 3936 mutam
683 3889 790 3936 masada
803 3903 885 3950 reque·
951 3903 965 3935 a
980 3890 1046 3936 Eam
1059 3895 1156 3950 portam
1167 3925 1174 3937 .
1187 3875 1373 3950 „tramam

376 3950 475 3998 bantur.
917 3968 1015 4000 murum
1032 3954 1148 4015 perpere]
1172 3951 1225 4008 Qui
1243 3959 1323 4014 portam
1334 3942 1373 3993 suls

412 4013 616 4063 romatianae
637 4030 732 4077 quoque
751 4017 883 4076 pravitati]
918 4016 1058 4078 bansgrersi
1073 4022 1139 4076 sunt,
1152 4032 1194 4066 eos
1210 4015 1372 4065 nece-euntl

378 4078 419 4127 Ita
430 4091 475 4139 pro
486 4079 552 4139 vulg.
563 4079 706 4127 crudelitate
720 4093 814 4142 quoque
828 4095 885 4140 pra·
918 4081 949 4130 ed
971 4095 1069 4130 murum
1092 4095 1199 4144 pergere,
1219 4096 1293 4142 quum
1311 4079 1328 4126 ir
1345 4073 1373 4141 ips

375 4142 884 4204 vaaam‚reeeperuntsuoth.etssekker.
918 4159 988 4192 muro
1005 4144 1061 4194 sint.
1096 4147 1182 4202 Quare
1198 4161 1229 4194 ax
1245 4141 1373 4206 ratpald·

377 4206 426 4256 Sed
444 4205 535 4255 Stroth.
551 4207 671 4267 praeite&
687 4205 728 4253 rix
744 4206 827 4254 locum
844 4207 885 4256 hic
918 4207 952 4255 mi
964 4209 1055 4258 codicis
1066 4209 1248 4258 emendandum
1259 4209 1373 4262 adauae

377 4285 429 4318 aare
444 4275 524 4330 putat,
537 4283 613 4331 quum
630 4271 662 4318 de
678 4270 773 4318 duobus
788 4271 883 4319 Hanni·
914 4278 1021 4332 portam,
1030 4275 1103 4322 malie
1116 4275 1191 4336 prius
1203 4277 1373 4335 taenearum*

377 4333 438 4381 tali·
454 4333 525 4392 vitiis,
542 4333 687 4383 sc.avaritie
704 4340 730 4382 et
746 4333 789 4393 ira,
806 4349 884 4383 sermo
916 4351 981 4395 ram,
998 4339 1102 4398 aperire.
1124 4339 1206 4388 eurr.
1242 4338 1321 4387 Contu
1332 4339 1373 4380 ΗΜ
