2888 4768
333 221 397 284 248
722 207 836 278 ΤΙΤῙ
862 209 998 278 LIVIl

178 361 213 412 υ.
225 359 255 412 c.
271 371 326 424 aas
335 349 571 438 hortandosque
581 369 690 415 versus
703 346 830 426 milites,
842 347 1020 426 ostendere,
1030 347 1065 411 in
1073 361 1194 449 quanto
1202 349 1386 416 dlsofirnine

177 427 208 476 Α
226 426 256 476 ⁰·
272 439 327 476 ²¹²·
336 461 373 505 ac
387 437 529 528 periculo
543 434 711 502 fortissima
724 435 837 500 cohors
848 435 1005 501 sociomm
1019 435 1184 500 eternium
1199 437 1385 526 legioeoeet.

337 526 451 612 Itaque
466 547 524 613 pro
547 547 579 589 se
595 524 731 611 quisque
746 544 856 586 omnes
873 543 1048 609 peraeque
1068 535 1164 608 atque
1179 523 1298 613 iniqua
1311 525 1388 600 loen,

361 633 439 676 uum
448 611 591 698 undique
601 609 665 675 tela
679 609 921 686 coniicerentur,
931 630 1079 694 armaque
1091 623 1124 672 et
1138 631 1275 697 corpora
1285 613 1389 677 hostes

338 636 522 776 libiicerent,
552 696 739 785 pervadunt,
772 695 1026 782 irrumpuntque.
1085 693 1186 760 Multi
1221 698 1388 774 vulnerati,

339 786 434 851 etiam
449 806 529 871 quos
543 785 623 848 vires
643 782 833 870 sanguisque
848 781 1016 860 desereret,
1032 793 1068 845 ut
1085 781 1169 846 intra
1182 783 1308 850 vallum
1322 786 1390 850 bos-

339 873 420 938 tium
442 871 602 948 caderent,
625 869 817 935 nitebantur.
865 867 970 956 Capta
990 869 1097 968 itaque
1120 886 1291 937 momento
1315 887 1392 936 tern-

339 959 433 1061 poris,
453 957 540 1023 velut
559 957 593 1021 in
616 956 711 1044 plano
734 957 803 1033 sito,
824 977 884 1020 nec
947 970 1086 1019 rmumta
1104 971 1217 1022 matra.
1269 958 1391 1024 Caedes

339 1047 425 1123 rude,
441 1045 584 1109 uoniam
600 1066 708 1131 pugna
722 1056 799 1119 erat,
815 1041 903 1108 omni
927 1065 963 1106 us
982 1041 1066 1106 intra
1078 1042 1197 1107 vallum
1213 1045 1389 1131 permixtis

342 1131 444 1221 Supra
452 1155 508 1196 sex
517 1131 617 1195 millia
625 1130 763 1195 bostium
773 1129 884 1205 occisa,
894 1151 989 1216 supra
997 1143 1117 1215 septem
1128 1130 1233 1195 millia
1241 1133 1391 1220 capitum,

340 1241 413 1285 eum
436 1217 714 1283 frumentatoribus
744 1215 917 1303 Campanis
946 1216 1096 1315 omnique
1123 1216 1344 1303 plaustrorum
1365 1233 1392 1282 et

339 1307 555 1370 iumentorum
577 1317 738 1391 apparatu,
754 1319 854 1390 capta.
901 1301 946 1367 Et
964 1301 1026 1366 alia
1044 1324 1157 1402 ingens
1178 1305 1307 1391 praeda
1328 1305 1392 1381 fin,

340 1415 436 1481 quam
450 1391 579 1468 Hanno,
588 1389 833 1492 populabundus
843 1389 958 1476 passim
971 1410 1069 1476 quum
1083 1403 1166 1468 isset,
1175 1413 1220 1455 ex
1235 1393 1393 1457 sociorum

340 1479 450 1567 populi
466 1479 606 1543 Romam
625 1478 707 1565 agris
722 1489 867 1541 traxerat.
913 1474 1004 1552 Inde,
1019 1475 1152 1540 deiectis
1169 1477 1320 1543 hostium
1333 1501 1395 1544 eas·

340 1567 406 1643 tris,
423 1565 645 1630 Beneventum
665 1563 803 1628 reditum
824 1575 880 1640 est,
903 1562 1116 1650 praedamque
1138 1563 1184 1628 ibi
1202 1567 1306 1631 ambo
1325 1589 1395 1631 oon·

340 1651 424 1717 eules
438 1652 526 1737 (nam
543 1665 575 1715 et
591 1652 654 1738 Ap.
670 1649 825 1715 Claudius
840 1671 879 1714 eo
892 1663 965 1736 post
976 1671 1099 1749 paucos
1113 1649 1182 1715 dies
1195 1653 1310 1740 venit)
1324 1675 1395 1718 ren·

340 1737 501 1816 diderunt,
520 1737 769 1824 diviseruntque.
816 1735 859 1800 Et
877 1734 996 1813 donata,
1015 1757 1151 1824 quorum
1173 1759 1279 1824 opera
1300 1754 1395 1805 castra

341 1823 479 1889 bostium
498 1838 591 1912 capta
607 1836 716 1889 erant:
740 1835 814 1888 ante
834 1821 912 1887 elios
935 1824 1102 1887 Accuaeus
1122 1822 1294 1910 Pelignus,
1310 1841 1345 1891 et
1358 1826 1394 1891 T.

184 1909 277 1984 nanno
341 1910 503 1977 Pedanius
527 1911 675 2011 princeps
699 1910 809 1974 tertiae
839 1909 981 1997 legionis
1027 1907 1147 1974 Hanno
1169 1912 1211 1976 ab
1241 1911 1413 1978 Cominius

182 1975 302 2087 ffiffissg
343 1997 464 2077 Cerito,
480 2021 546 2085 quo
560 2011 706 2062 nuntiata
719 2009 891 2061 castrorum
915 1995 1020 2061 clades
1034 2009 1092 2074 est,
1107 2019 1181 2061 cum
1199 2001 1321 2084 paucis
1334 2000 1397 2064 sru·

341 2087 578 2162 mentatoribus,
590 2107 670 2184 quos
680 2083 760 2148 forte
775 2105 882 2148 secum
894 2083 1056 2159 babuerat,
1068 2082 1162 2171 fugae
1173 2085 1290 2172 magis,
1300 2109 1396 2174 quam

234 2180 284 2241 15.
341 2171 472 2250 itineris,
489 2172 634 2237 modom
656 2169 798 2235 Bruttios
812 2169 915 2234 rediit
961 2169 1006 2234 Et
1027 2168 1109 2234 Cam
1175 2171 1182 2184 '
1210 2173 1397 2238 auditasua

184 2264 307 2340 cmpuli
341 2260 459 2346 pariter
467 2259 687 2345 sociorumque
700 2255 800 2334 clade,
813 2255 823 2319 l
883 2270 932 2321 tos
947 2256 988 2320 ad
1000 2193 1214 2322 Hannibili'm
1226 2258 1397 2337 miserunt,

184 2329 398 2446 sssslffigqui
420 2347 614 2422 nuntiarent,
631 2344 731 2409 ‘duos
753 2364 830 2408 cons
864 2365 898 2408 es
920 2343 961 2408 ad
983 2341 1204 2410 Beneventum
1228 2367 1313 2424 esse,
1332 2347 1397 2412 diei

343 2518 395 2582 ‘ni
417 2540 550 2605 propere
573 2518 748 2595 subveniat,
766 2516 900 2582 celerius
923 2515 951 2581 C
995 2539 1079 2592 uam,
1101 2539 1198 2604 quarn
1221 2522 1344 2606 Arpos,
1366 2522 1397 2584 in

343 2614 553 2691 ‘potestatem
581 2603 721 2669 hostium
744 2615 918 2668 venturam.
1000 2625 1017 2667 e
1048 2602 1224 2668 Tarentum
1247 2607 1397 2692 quidem,

343 2699 353 2730 ⁶
364 2713 429 2754 non
451 2690 547 2756 modo
573 2712 688 2767 arcem,
711 2689 792 2756 tanti
818 2689 933 2755 debere
955 2711 1033 2768 esse,
1056 2703 1092 2754 ut
1116 2689 1164 2755 Ca
1186 2713 1272 2769 uam,
1299 2717 1414 2781 quamn

343 2775 553 2864 ‘Carthagini
578 2799 712 2864 aequam
738 2776 780 2842 sit
802 2775 921 2855 solitus,
946 2775 1104 2841 desertam
1129 2713 1396 2868 indefensamque

343 2873 353 2903 ‘
387 2863 483 2951 opulo
506 2864 653 2930 Romano
675 2861 797 2928 tradat’
841 2861 1014 2940 Hannibal,
1037 2885 1131 2928 curae
1152 2863 1212 2928 sibi
1234 2863 1307 2932 fore
1330 2889 1395 2932 rein

344 2887 542 3052 silopanum
556 2950 725 3039 pollicitus,
736 2950 770 3014 in
783 2949 961 3050 praesentia
969 2949 1034 3014 duo
1049 2949 1308 3038 milliaequitum
1323 2975 1396 3018 cum

341 3037 474 3190 18ςῖιὶ
475 3037 582 3116 mittit,
603 3061 668 3126 quo
690 3035 848 3124 praesidio
870 3059 961 3124 agros
982 3035 1240 3124 populationibus
1261 3055 1396 3126 poaeent

364 3147 399 3189 ro
423 3150 433 3189 1
476 3149 518 3190 re.

184 3233 274 3282 Arcem
285 3148 363 3282 'rap
386 3210 540 3277 Romanis
561 3209 698 3285 interim,
713 3209 795 3274 sicut
815 3207 947 3273 aliarum
961 3231 1077 3286 rerum,
1092 3209 1170 3275 arcis
1186 3209 1393 3290 Tarentinae,

182 3297 308 3410 mx
342 3298 564 3448 praesidiique,
580 3295 732 3396 quodibi
749 3294 955 3446 opsideretur,
967 3319 1047 3447 gurg
1065 3319 1145 3446 essq
1187 3297 1224 3362 C.
1240 3297 1394 3402 Servilius

184 3426 307 3565 labb
345 3395 780 3536 stltsttlll‘ss‘tt.
799 3396 1010 3534 {itinn
1030 3400 1393 3562 mittitis

186 3551 302 3605 ¹³⁰¹²²⁸²¹¹·
344 3559 475 3623 navibus
495 3557 617 3622 onustis
636 3557 670 3620 in
708 3569 812 3620 ortum
832 3555 1042 3621 Tarentinum
1060 3556 1144 3620 inter
1162 3554 1308 3624 hostium
1327 3583 1393 3626 cus·

344 3645 445 3710 todias
467 3643 623 3732 pervenit.
701 3642 771 3706 uius
792 3641 941 3720 adventu,
958 3643 1014 3742 qui
1035 3655 1120 3720 ante,
1135 3641 1170 3706 in
1191 3645 1315 3746 exigua
1330 3671 1391 3735 spe,

342 3732 446 3797 vocati
461 3753 553 3818 saepe
563 3730 605 3795 ad
619 3728 836 3794 transitionem
849 3730 889 3794 ab
898 3729 1040 3794 bostrbus
1091 3751 1107 3793 r
1120 3729 1281 3818 colloqura
1292 3749 1391 3810 erant,

343 3817 427 3882 ultro
441 3816 482 3881 ad
492 3815 720 3881 transeundum
734 3815 839 3881 hostes
849 3816 1005 3880 vocabant
1019 3839 1053 3881 so
1078 3816 1305 3906 'citabantqua
1354 3819 1391 3886 Et

342 3916 412 3967 erat
430 3904 504 3967 satis
518 3901 657 3967 validum
679 3902 882 3989 praesidium,
898 3901 1051 3968 uaductis
1068 3903 1110 3968 ad
1128 3925 1233 3969 arnam
1258 3905 1390 3974 Tarenti

344 3988 506 4066 tuendam,
518 3988 574 4075 qui
590 3987 771 4075 Metaponti
785 4003 885 4069 erant,
898 3989 1058 4056 militibus
1093 3987 1207 4079 Itaque
1217 3989 1391 4082 Metapon-

344 2441 427 2496 ‘rter
440 2431 600 2521 aCapua3
624 2445 748 2495 tantum
760 2452 826 2494 non
840 2429 882 2494 ad
891 2441 996 2518 portes
1008 2443 1041 2494 et
1055 2451 1161 2495 muros
1170 2430 1296 2496 bellum
1312 2455 1395 2498 ems:
1442 2427 1443 2460 ³

374 4243 390 4292 8
401 4243 521 4305 Princeps
532 4242 618 4290 ter-tim
625 4239 738 4302 teotonis]
752 4238 774 4286 E
784 4238 848 4300 prin·
913 4253 929 4303 9
945 4241 1004 4288 Noa
1014 4239 1081 4288 modo
1091 4239 1184 4299 am]
1199 4239 1230 4288 Id
1238 4242 1388 4300 mnodum.

342 4307 446 4371 cipibus,
462 4306 486 4356 b.
502 4321 523 4355 e.
540 4319 571 4354 ex
587 4319 671 4352 eorum
688 4303 795 4352 rnilitum
812 4317 848 4351 or·
881 4303 961 4351 multo
977 4302 1058 4351 minua
1072 4317 1163 4363 meam,
1179 4309 1208 4352 ut
1220 4303 1276 4355 Cle.
1286 4305 1321 4354 de
1334 4305 1387 4354 Dlr.

342 4369 456 4432 dinaqui
464 4371 591 4434 priadpsr
601 4373 725 4417 rorantur.
741 4367 848 4416 bruera.
881 4366 907 4416 ii.
918 4378 957 4429 55.
968 4373 993 4417 at
1004 4367 1101 4430 panim.
1118 4367 1190 4418 Dus.
