2878 4772
324 232 419 299 LIB.
444 233 590 299 XXVII.
624 233 735 301 CAP.
760 241 811 301 39.
1030 237 1092 303 387

35 369 125 436 tium
136 369 193 436 ba's
203 371 310 458 copias
321 371 454 436 navibus
465 369 647 436 adduxisse:
664 385 698 437 et
709 373 940 460 sagittariorum
950 373 1091 438 fundito-
1102 385 1136 434 U.
1148 387 1177 436 e.
1194 399 1248 450 54⁵·

34 477 178 545 rumque
193 455 235 522 ad
249 469 401 544 quattuor
414 457 514 522 millia
528 479 569 522 ex
586 457 694 524 Sicilia
710 458 941 524 catamitum
958 457 1085 526 misisse.
1100 450 1129 499 A·
1147 452 1176 500 Ο·
1194 463 1247 514 ²⁰⁷·

86 545 259 609 Auxerunt
275 544 398 609 Romae
419 544 590 609 tumultum
609 544 718 610 literae
733 567 774 611 ex
791 545 898 611 Gallia
916 545 1028 612 allatae
1047 549 1088 614 ab
1145 552 1195 613 39.

34 629 80 694 L
98 629 212 696 Porcio
226 643 391 718 praetore:
417 629 676 698 ‘Hasdrubalem
688 633 819 697 movisse
834 655 874 698 ex
890 632 1039 712 bibernis,
1055 633 1239 710 etHutruau

35 717 128 780 ‘iam
150 715 251 804 Alpes
273 717 425 783 transire:
448 729 521 782 octo
543 717 642 782 millia
663 716 819 806 Ligurum
840 720 1018 807 conscripta
1039 699 1236 810 ar-“ffl'fflf

34 812 221 890 ‘mataque,
236 803 446 868 coniunctura
466 826 500 869 se
520 816 713 891 transgresso
733 805 767 868 in
785 803 909 870 Italiam
929 827 1006 884 esse,
1026 777 1113 872 nisip
1141 799 1146 812 '

34 889 243 955 ‘mitteretur
260 890 295 953 in
310 889 454 978 Ligures,
470 889 527 976 qui
549 913 604 954 eos
625 890 709 955 bello
729 904 904 978 occuparet
952 891 1087 958 Secum

34 975 201 1041 ‘invalido
227 977 378 1053 exercitu,
405 976 512 1064 quoad
539 989 643 1041 tutum
669 990 804 1064 putaret,
831 981 1088 1064 progressurum?

34 1060 114 1125 Hae
140 1059 248 1126 literae
275 1061 428 1140 consules,
451 1063 565 1164 raptim
592 1063 737 1128 consecto
763 1063 900 1141 delectu,
922 1066 1085 1142 maturius,

32 1169 136 1234 quam
166 1146 404 1226 constituerant,
438 1169 525 1214 exire
559 1149 594 1213 in
625 1149 802 1237 provincias
834 1166 1016 1237 coegerunt,
1048 1173 1087 1216 ea

32 1247 158 1312 mente,
185 1245 221 1299 ut
251 1246 385 1322 uterque
416 1234 540 1300 hostem
566 1235 600 1300 in
629 1257 687 1300 sna
711 1234 874 1322 provincia
898 1236 1084 1314 contineret,

31 1341 145 1406 neque
170 1321 332 1408 coniungi,
359 1335 415 1386 aut
442 1321 584 1386 conferre
614 1321 647 1385 in
678 1343 777 1386 unum
802 1321 885 1386 vires
913 1335 1083 1424 pateretur.

32 1405 217 1471 Plurimum
238 1407 273 1470 in
295 1429 366 1472 eam
388 1429 455 1472 rem
478 1407 600 1472 adiuvit
621 1431 640 1472 o
663 1408 729 1472 inio
753 1406 961 1473 Hannibahs:
1010 1409 1084 1486 uod,

31 1491 98 1556 etsi
120 1514 158 1556 ea
178 1505 296 1558 aestate
320 1495 523 1558 transiturum
544 1494 579 1558 in
601 1493 620 1557 1
663 1495 726 1559 iam
748 1494 875 1559 fiatrem
897 1431 1083 1574 crediderat,

31 1578 243 1656 recordando,
270 1602 352 1667 quae
378 1580 445 1667 ipse
477 1580 511 1644 in
538 1581 671 1646 transitu
696 1603 783 1645 nunc
810 1579 971 1658 Rhodani,
997 1599 1084 1646 nunc

33 1663 182 1751 Alpium,
205 1687 278 1730 cum
301 1666 483 1731 hominibus
504 1666 644 1755 locisque
665 1666 839 1754 pugnando
860 1689 919 1755 per
940 1667 1083 1756 quinque

32 1771 162 1816 meuses
172 1751 377 1830 exhausisset,
390 1751 475 1817 haud
500 1775 636 1840 usquam
648 1765 712 1818 tam
724 1752 848 1818 facilem
860 1763 1083 1842 maturumque

32 1837 245 1903 nauatume
325 1839 437 1904 ctabat
477 1776 534 1902 ‘lla
559 1839 679 1903 tardius
704 1840 854 1904 movendi
878 1863 919 1904 cx
942 1839 1084 1906 hibernis

31 1945 130 1988 causa
153 1923 224 1988 fuit.
302 1937 426 1990 aterum
452 1923 645 1989 Hasdrubali
671 1937 705 1989 et
729 1947 786 1990 sua
810 1938 844 1989 et
868 1925 1002 1990 aliorum
1027 1947 1083 2013 spe

30 2010 145 2074 omnia
163 2009 315 2076 celeriora
333 2023 429 2097 atque
447 2010 645 2098 expeditiora
658 2011 755 2075 ibere.
802 2009 880 2075 Non
894 2011 981 2075 enim
995 2033 1083 2076 rece-
1092 2030 1208 2080 Gallico

30 2108 153 2184 pentut
181 2096 277 2161 modo
304 2097 442 2161 Arverni
471 2119 555 2174 eum,
585 2096 799 2183 deincepsque
829 2097 909 2162 aliae
941 2096 1082 2162 Gallicae
1092 2095 1190 2170 alpius

30 2196 131 2270 atque
147 2181 286 2270 Alpinae
304 2197 435 2268 gentes3
459 2182 632 2247 sedetiam
652 2195 777 2247 secutae
797 2183 932 2247 suntad
952 2160 1234 2272 δεΗυωεξζὶξζξξξυ,

31 2267 79 2334 Et
93 2291 195 2355 quum
211 2291 269 2356 per
288 2269 413 2333 munita
432 2267 582 2356 pleraque
604 2268 738 2333 transitu
756 2268 868 2346 stabis,
884 2291 966 2354 quae
988 2283 1083 2334 antea

28 2355 121 2418 invia
134 2355 270 2432 firerant,
285 2355 442 2430 ducebat3
467 2367 535 2418 tum
551 2355 656 2431 etiam,
672 2354 842 2419 duodecim
857 2377 1012 2419 annorum
1034 2379 1082 2421 as-

28 2440 204 2506 suetudine
215 2441 331 2542 perviis
343 2439 481 2528 Alpibus
492 2439 591 2517 iactis,
603 2441 688 2504 inter
698 2439 823 2505 mitiora
837 2441 900 2506 iam
915 2441 1081 2507 hominum

27 2527 186 2593 transibat
214 2527 350 2615 ingenia.
405 2525 561 2592 Invisitati
589 2547 729 2614 namque
758 2539 852 2592 antea
884 2525 1079 2615 alienigenis,

28 2635 93 2679 nec
108 2611 215 2679 videre
236 2614 297 2701 ipsi
317 2611 472 2678 advenam
491 2612 527 2677 in
545 2635 604 2678 sua
622 2625 706 2678 terra
725 2615 850 2690 assueti,
865 2613 954 2678 omni
970 2616 1080 2702 generi

29 2699 174 2766 humano
195 2699 393 2764 insociabiles
412 2712 512 2764 erant
559 2697 603 2764 Et
617 2699 725 2849 primo
745 2699 856 2787 ignari,
872 2721 937 2787 quo
951 2699 1080 2765 Poenus

28 2799 188 2875 pergeret,
204 2807 275 2850 suas
289 2807 384 2873 rupes
398 2808 517 2872 suaque
532 2798 616 2851 caste
641 2809 668 2863 a,
685 2797 718 2850 et
773 2809 882 2851 corum
897 2785 1079 2851 homiuum-

27 2896 95 2960 que
140 2871 268 2937 raedam
289 2871 357 2958 peti
378 2871 597 2937 crediderant:
620 2872 705 2937 sarna
746 2872 840 2936 einde
855 2873 971 2936 Punici
992 2872 1078 2949 belli,

27 2895 344 3110 mittitur
367 2979 496 3108 :a
509 2957 602 3108 rit
644 3041 1078 3119 ε

26 3133 115 3197 inter
133 3153 167 3196 se
187 3131 282 3196 maris
302 3066 519 3218 tepnearumqrie
539 3064 644 3218 spatili
656 3129 816 3206 discretas,
832 3127 873 3192 de
892 3063 1079 3215 impeffit

27 3242 47 3284 ο
72 3218 145 3282 ibus
164 3231 293 3283 certare.
340 3213 412 3282 Hae
428 3237 539 3281 causae
555 3227 744 3303 aperuerant
759 3215 859 3301 Alpes
874 3213 1076 3280 Hasdrubali.

26 3317 185 3456 edilium
207 3303 296 3406 quod
309 3303 478 3454 ‹pelerffie
493 3302 623 3454 itirpprip
643 3300 821 3402 profectum
840 3313 916 3378 erat,
935 3301 969 3366 id
990 3323 1078 3367 mora
1085 3316 1207 3430 {pm-d

26 3403 415 3566 mmpptenagtrrpdipppat
434 3401 699 3563 catdmapdstsrisebpin
703 3473 714 3538 i
739 3473 746 3488 ‘
767 3408 891 3539 &griffi
903 3403 1134 3562 blllbffiatzda'

26 3565 150 3629 tionem
165 3586 252 3630 esse:
276 3575 309 3628 et
324 3562 471 3628 nobilitas
485 3560 628 3628 coloniae
642 3497 812 3626 induxerat
826 3583 910 3638 eum,
926 3581 1078 3646 magnum

25 3669 63 3714 ae
86 3651 213 3733 excidio
233 3649 303 3715 eius
325 3649 411 3714 urbis
436 3661 590 3714 terrorem
613 3647 725 3714 ceteris
748 3659 852 3712 ratum
875 3646 1075 3712 iniecturum.

27 3735 109 3799 Nou
133 3737 237 3823 ipsum
263 3735 365 3800 solum
391 3755 430 3798 ea
454 3735 650 3836 oppugnatio
674 3733 841 3821 impediit3
867 3732 924 3797 sed
951 3731 1077 3797 Hanni-

25 3819 134 3886 balem
150 3835 223 3908 post
235 3821 352 3886 famam
366 3821 514 3886 transitus
529 3843 607 3900 erus,
623 3833 712 3886 tanto
731 3842 787 3908 spe
807 3842 863 3884 sua
883 3818 1075 3898 celeriorem,

25 3907 94 3972 iarn
114 3917 295 3972 moventem
314 3929 356 3972 ex
375 3905 527 3985 hibernis,
543 3908 762 3973 continuerat:
787 3906 905 4007 quippe
925 3918 1076 3992 reputan-

25 4007 105 4071 tem,
121 4015 186 4058 non
206 3992 308 4058 solum
351 4015 425 4058 uam
445 3992 533 4058 lenta
551 3993 678 4058 urbium
698 4004 893 4080 oppugnatio
913 4006 1003 4070 esset,
1019 3991 1076 4056 sed

10 4080 125 4180 tetiam
141 4102 237 4166 quam
254 4079 321 4167 ipse
404 4092 452 4143 tra
466 4079 601 4145 eandem
618 4079 705 4145 illam
720 4079 886 4156 coloniam,
902 4079 942 4144 ab
957 4077 1076 4144 Trebia

25 4177 131 4230 victor
144 4187 312 4252 regressus,
328 4177 489 4231 tentasset

65 4321 80 4385 ξ
99 4311 178 4368 ΟΜ
196 4311 249 4386 ipss
260 4311 375 4373 snam]
407 4309 537 4374 Nusquam
569 4310 724 4385 Memoratur
733 4313 829 4358 tantum
841 4304 986 4380 Emporium
999 4317 1076 4366 prope

25 4375 118 4435 legitur
125 4373 251 4424 Hannibal
260 4380 366 4424 tentasse
375 4375 536 4424 Placentiam.
564 4370 724 4424 'Placentiam
740 4375 926 4495 tentasgecsrppr.
937 4381 987 4417 xxi.
1000 4377 1037 4430 57.
1051 4373 1076 4415 et
