2888 4768
376 215 439 278 268
759 209 872 278 ΤΙΤΙ
899 207 1036 278 LIVH

220 361 297 428 lic.
313 348 442 424 amanis
463 346 658 426 adiunctum,
680 349 824 437 receptui
845 348 978 414 cecinit:
1002 370 1043 414 ne
1060 347 1166 436 regine
1185 368 1271 434 opes,
1286 367 1406 434 quarum

219 429 251 478 Α·
266 427 298 478 ⁰·
314 433 461 499 ²¹²·fama
474 435 583 513 maior,
598 457 695 536 quam
709 457 767 514 res,
783 449 860 512 erat,
875 435 1097 523 diriperentur.

268 537 319 598 31,
424 519 470 586 Su
491 543 599 609 presso
612 535 735 609 impetu
750 522 897 598 militnm,
907 535 941 586 et
951 523 999 600 iis,
1009 521 1066 609 qni
1080 521 1115 586 in
1127 520 1314 586 Achradina
1323 533 1407 594 erant,

521 609 546 672 's
560 609 697 696 spatium
712 608 862 696 locusque
877 609 895 674 f
986 609 1079 674 datus
1093 621 1158 684 est;
1177 621 1211 672 et
1224 607 1408 694 Syracusani,

378 694 506 759 tandem
529 695 620 761 liberi
642 708 739 773 metu,
755 696 854 782 portis
869 697 921 760 Ae
945 695 1072 762 radinae
1088 695 1213 782 apertis,
1229 707 1366 760 oratores
1378 692 1409 754 ad

379 780 567 846 Marcellum
590 781 731 861 mittunt,
746 782 827 846 nihil
841 795 987 870 petentes
1001 781 1097 858 aliud,
1113 803 1210 869 quam
1224 779 1409 844 incolumia

221 884 366 948 Syracusani
378 881 444 932 tem
466 869 526 932 sibi
547 869 716 956 liberisque
738 869 811 934 suis.
858 867 1039 946 Marcellus,
1058 867 1188 934 consilio
1208 867 1371 942 advocato,
1385 881 1410 928 er

222 950 368 1064 permittaris
379 953 528 1020 adhibitis
553 956 649 1020 etiam
674 953 696 1020 S
735 957 886 1034 celmanis,
912 955 967 1043 qui
992 978 1050 1043 per
1074 955 1249 1020 seditiones
1279 953 1410 1040 purisisb

221 1079 254 1128 10.
353 1041 363 1051 '
379 1041 475 1107 domo
490 1042 572 1107 intra
585 1043 686 1130 pressi
713 1042 743 1108 ’a
754 1042 898 1108 Romana
909 1055 1007 1120 erant,
1019 1041 1199 1128 respondit:
1220 1039 1323 1105 ‘Non
1337 1039 1410 1127 plura

380 1130 456 1279 ‘pqr
472 1151 572 1194 annos
587 1129 819 1216 quinquaginta
840 1129 1006 1194 benefacta
1021 1127 1180 1204 Hieronis,
1196 1150 1300 1215 quarn
1321 1125 1410 1214 paucis

379 1223 390 1254 ‘
423 1215 429 1228 '
469 1215 559 1280 annis
581 1215 736 1280 maleficia
756 1238 876 1294 eorum,
916 1216 949 1280 ui
971 1214 993 1280 S
1070 1237 1139 1280 usas
1160 1215 1339 1291 tenuerint,
1353 1233 1410 1298 erga

379 1310 389 1341 ⁶
439 1301 551 1388 pulum
567 1302 749 1368 Romanum
767 1324 843 1368 esse.
891 1239 956 1368 ded
977 1324 1127 1389 peraque
1149 1323 1277 1377 eorum,
1294 1324 1357 1388 quo
1370 1299 1410 1363 de

378 1396 389 1426 ‘
420 1388 534 1466 uerint,
546 1389 712 1466 recidisse3
731 1389 958 1477 foederumque
973 1401 1137 1476 ruptorum
1153 1389 1163 1450 i
1254 1390 1299 1452 ab
1313 1410 1346 1452 se
1359 1409 1411 1472 gre

379 1475 499 1540 ‘viores
525 1474 635 1552 multo,
659 1498 755 1562 quam
780 1475 918 1563 populus
944 1475 1109 1541 Romsnm
1135 1498 1174 1538 co
1187 1475 1288 1552 uerit,
1314 1495 1410 1561 poenas

378 1562 548 1647 ‘exegisse
596 1561 637 1627 Se
653 1561 782 1650 quidem
798 1563 926 1627 tertium
947 1585 1067 1628 annum
1081 1561 1320 1626 circumsedere
1338 1561 1411 1648 sya-

378 1656 505 1712 ‘cusaaz
532 1671 598 1713 non
612 1661 650 1713 ut
663 1648 798 1737 populus
815 1649 979 1714 Romanus
1000 1671 1122 1714 servam
1143 1648 1315 1712 civitatem
1336 1647 1412 1710 habe

377 1743 388 1772 ‘
396 1743 454 1810 ret,
466 1733 523 1799 sed
537 1757 579 1798 ne
595 1736 824 1823 transfugarum
840 1735 937 1801 duces
949 1749 1072 1836 captam
1088 1749 1122 1799 et
1135 1757 1326 1822 oppressam
1342 1750 1411 1798 tene·

378 1829 475 1885 ‘rena
524 1819 614 1896 Quid
634 1823 797 1910 potuerint
813 1821 1000 1911 Syracusani
1014 1822 1126 1898 facere,
1143 1821 1300 1908 exemplo
1314 1821 1361 1885 vel
1374 1841 1412 1883 eo·

378 1905 665 1994 ‘Syracusanorum
681 1931 759 1986 esse,
775 1909 831 1996 qui
852 1909 935 1974 intra
955 1909 1111 1997 praesidia
1125 1907 1282 1972 Romana
1302 1908 1411 1980 fuerint¹

377 1993 447 2059 ‘vel
469 1993 649 2095 Hispanum
673 1995 787 2060 ducem
805 1995 976 2074 Merinum,
993 1996 1049 2082 qui
1070 1993 1271 2083 praesidium
1295 1993 1413 2060 tradide

377 2080 445 2159 ‘rit
461 2081 512 2146 vel
527 2103 667 2170 1psorum
684 2081 953 2171 Syracusanorum
972 2096 1142 2183 postremo,
1158 2103 1271 2146 serum
1288 2081 1412 2169 quiden,

377 2167 452 2234 ‘scd
466 2167 546 2233 forte
561 2169 736 2234 consilium.
784 2169 940 2234 Omnium
955 2169 1015 2234 sibi
1029 2169 1173 2234 laborum
1194 2168 1413 2254 perieulomn·

377 2263 469 2341 ‘que,
485 2256 570 2320 enea
583 2255 710 2321 moenia
726 2255 922 2344 Syracusana
943 2268 1027 2320 terra
1047 2256 1189 2342 marique
1212 2267 1284 2320 tam
1299 2254 1357 2320 diu
1373 2275 1413 2318 cr-

377 2340 589 2420 ‘haustorum
602 2365 805 2443 nequaquam
820 2355 944 2407 tantum
958 2342 1097 2407 fructum
1112 2363 1189 2418 esse,
1200 2363 1306 2427 qnam
1321 2365 1356 2406 cs
1391 2361 1424 2402 re·

377 2425 566 2514 ‘Syracusas
580 2431 738 2516 potussse?
782 2428 862 2494 Inde
878 2442 1026 2515 quaestor
1040 2451 1114 2494 cunr
1127 2427 1294 2515 praesidio
1309 2428 1350 2492 ad
1381 2425 1413 2488 'a

376 2535 446 2578 sum
472 2514 513 2579 ad
536 2515 751 2602 accipiendam
779 2517 947 2604 pecuniam
973 2515 1092 2603 regiam
1117 2513 1413 2600 custodiendamque

219 2615 353 2692 tlrbsdiri3
376 2599 497 2664 missus.
544 2601 630 2666 Urbs
644 2602 824 2691 diripienda
846 2602 939 2667 militi
959 2602 1033 2668 dats
1046 2617 1103 2679 est,
1119 2601 1313 2666 custodibus
1327 2600 1413 2664 divisis

218 2680 309 2758 prensa
319 2695 364 2728 rm-
378 2707 435 2772 per
459 2685 570 2751 domos
595 2711 715 2767 eorum,
739 2690 795 2776 qui
825 2690 910 2754 intra
937 2688 1092 2776 praesidia
1116 2687 1271 2752 Romana
1297 2689 1412 2754 furerem

217 2747 492 2860 Riefflgjffiiiuum
514 2772 613 2839 multa
634 2775 709 2852 irae,
725 2777 826 2841 multa
844 2775 1002 2853 avaritiae,
1017 2775 1111 2842 spada
1127 2774 1284 2861 exempla
1298 2776 1413 2840 ederen-

217 2889 290 2926 mora.
378 2870 439 2936 mr,
456 2858 693 2939 Archimedem,
709 2863 879 2927 memoriae
901 2863 1061 2950 proditum
1079 2873 1136 2940 est,
1152 2861 1186 2924 in
1203 2873 1301 2927 tanto
1316 2857 1425 2927 tumul-3

378 2958 423 3024 tu,
440 2959 595 3034 quantum
617 2962 709 3034 capto
729 2950 804 3014 urbs
826 2949 860 3013 in
882 2949 1026 3014 discursu
1046 2947 1271 3034 diripientium
1295 2950 1412 3013 militurn

375 3033 459 3098 ciere
481 3045 616 3121 poterat,
630 3034 791 3100 intentum
812 3034 929 3113 formis,
945 3057 1024 3122 quas
1044 3035 1077 3099 in
1099 3033 1232 3122 pulvere
1253 3035 1413 3122 descripe

374 3133 433 3197 rat,
456 3120 495 3185 ab
520 3121 629 3208 ignaro
652 3121 765 3200 milite,
811 3122 859 3186 uis
883 3135 974 3200 esset,
998 3120 1209 3186 interfectum.
1260 3125 1369 3209 Aegre
1390 3118 1411 3181 il

375 3205 566 3271 Marcellum
588 3207 706 3286 tulisse,
722 3231 778 3296 sep
814 3223 966 3296 tutaeque
989 3230 1097 3273 curum
1119 3207 1287 3274 habitam:
1314 3224 1346 3274 et
1359 3229 1411 3295 pre

406 3420 422 3463 4
438 3403 601 3466 Nequaquam
615 3409 710 3452 lennem
719 3404 835 3462 snsctum
847 3418 881 3452 ss·
913 3399 1060 3450 coniecturis
1081 3399 1169 3450 nostris
1189 3399 1234 3450 hic
1257 3402 1335 3452 detan
1353 3402 1411 3448 laus

374 3482 408 3525 ss,
424 3482 497 3530 psum
514 3469 614 3528 erpere]
637 3465 717 3516 Locus
733 3467 881 3529 deploratus
914 3466 1023 3527 placeret
1039 3465 1116 3527 muns
1132 3465 1230 3527 legere:
1250 3469 1366 3516 Osinius·
1380 3465 1411 3512 rili
1427 3469 1428 3528 l

374 3529 514 3580 Gronovius
531 3530 676 3592 mspieatur,
691 3547 765 3594 msera
782 3533 804 3579 ri
823 3547 882 3593 per·
914 3531 1024 3580 lebetum
1035 3565 1042 3580 .
1053 3565 1060 3579 .
1073 3565 1079 3578 .
1091 3545 1248 3593 messe
1258 3531 1410 3593 dimensa-s

374 3611 428 3645 esre
437 3595 565 3656 Syracusis
573 3597 697 3657 poleium.
730 3595 787 3644 Alb.
800 3595 882 3645 Rube-
914 3601 980 3642 mum
994 3610 1051 3651 sess,
1063 3595 1126 3656 estod
1135 3609 1225 3656 aspere
1235 3597 1371 3656 Syracusas
1381 3607 1409 3654 pe

374 3659 430 3707 nius
440 3659 563 3721 vulgatam
578 3659 752 3722 interpretatur
767 3659 814 3708 hoc
831 3673 881 3706 mo·
913 3660 1006 3709 ἐπίωσί.
1040 3659 1110 3717 Quod
1120 3693 1126 3706 .
1138 3693 1144 3707 .
1157 3661 1300 3719 ,ροευίειρι
1314 3659 1409 3708 exhrlsmt

374 3723 421 3772 do:
444 3737 599 3784 nequaquam
616 3739 647 3772 ex
664 3724 777 3772 omnibus
795 3723 881 3772 labori·
914 3721 1008 3784 scripti,
1025 3728 1050 3770 et
1072 3721 1228 3770 vetustimiml
1251 3723 1324 3772 editi.
1357 3723 1409 3769 llaec

374 3786 420 3834 bus
433 3787 595 3848 periculisque
605 3793 701 3837 tantum
713 3803 765 3838 esse
775 3785 882 3836 fructum
913 3785 988 3849 igilur
997 3787 1060 3836 foret
1070 3786 1143 3834 huius
1155 3785 1204 3834 ioci
1217 3787 1357 3836 sententis:
1372 3797 1409 3831 ne

373 3849 429 3907 sibi,
446 3857 566 3910 qmnturn
585 3867 672 3912 sepem
689 3853 822 3914 Syracusae
838 3867 880 3914 po-
913 3856 978 3900 toss
989 3851 1109 3899 Marcello
1120 3849 1145 3898 in
1156 3850 1288 3900 obsidione
1299 3853 1409 3914 syracus

373 3913 516 3973 tuissentsi
530 3913 555 3963 in
566 3915 699 3965 amicitiem
712 3918 881 3966 Romanorum
913 3929 968 3962 rum
987 3915 1118 3964 exhamtos
1135 3915 1240 3974 labores,
1255 3920 1286 3962 ut
1306 3917 1344 3963 vel
1359 3915 1409 3974 iper
1427 3945 1428 3948 =

374 3981 469 4025 matius
490 3979 645 4028 esculentas
666 3979 798 4030 rediissent.
832 3980 881 4030 Sed
914 3977 1047 4041 Syracusae
1068 3985 1155 4041 ceptae
1175 3978 1266 4041 erigus
1289 3979 1322 4028 sit
1343 3951 1428 4028 sormi

374 4040 534 4090 haecomnia
551 4057 637 4104 parum
652 4043 748 4093 faciunt
762 4046 795 4094 sd
813 4059 880 4092 men·
913 4058 1013 4093 merces
1031 4045 1113 4093 Casu.

374 4109 425 4154 lem
437 4105 559 4165 Marcelli,
570 4106 612 4167 qui
623 4106 766 4170 exaggerare
777 4109 830 4158 vult
845 4109 880 4158 ls-
946 4120 959 4170 5
976 4109 1291 4165 nortmannum·
1302 4107 1407 4170 proditu
1427 4127 1428 4172 ξ

374 4169 445 4218 bores
461 4170 507 4218 sibi
523 4169 549 4217 in
565 4169 690 4220 obsidione
707 4171 880 4234 Syracusarum
912 4173 961 4232 sss]
978 4171 1248 4222 DeArchimedisessn
1258 4171 1340 4220 lissiae
1348 4172 1407 4232 cml
1427 4173 1428 4224 l

374 4233 515 4292 sxhaumos,
525 4238 553 4282 ut
566 4249 597 4282 ex
608 4249 638 4282 eo
649 4235 793 4298 Syracusani
809 4237 881 4285 intel·
915 4236 983 4285 Plut.
1000 4235 1026 4286 in
1042 4236 1172 4294 Marcello,
1182 4241 1207 4284 el
1219 4235 1279 4283 Vsl.
1293 4237 1360 4284 Mu
1371 4231 1407 4278 nd
1427 4229 1428 4246 ¹

374 4295 527 4359 ligantque
545 4312 626 4360 poena
643 4299 710 4362 digni
728 4299 784 4349 sint
817 4300 883 4348 Tota
914 4299 937 4352 7.
971 4301 1012 4350 De
1027 4299 1079 4349 eius
1093 4301 1204 4363 sepulcro
1215 4298 1272 4348 ride
1283 4299 1338 4350 Cic.
1349 4298 1407 4347 Turt-

374 4361 440 4408 erum
452 4361 528 4410 oratio
539 4360 614 4424 spiret
624 4362 784 4414 sevenlalenn
818 4363 844 4414 Si
856 4369 882 4414 el
915 4364 1019 4421 Quaest
1031 4381 1053 4415 v.
1066 4379 1104 4428 ην
1115 4370 1142 4416 et
1151 4379 1203 4428 sqq.
1219 4364 1305 4413 cmv.
