2866 4770
247 257 257 282 i
361 218 456 285 LIB.
481 219 595 284 XXX.
629 219 740 284 CAP.
765 225 795 283 8.
1040 224 1104 284 509

57 387 128 430 sens
150 365 370 450 Barcinaeque
393 385 503 428 omnes
522 363 668 427 factionis
689 362 807 426 bellum
828 363 997 441 malebant,
1018 365 1102 429 vicit.
1115 387 1149 436 U.
1161 388 1190 438 c,
1207 403 1262 452 549·

57 451 138 516 Inde
150 450 294 515 delectus
308 451 341 512 in
354 449 432 514 urbe
448 450 593 534 agrisque
608 449 717 512 haberi
728 463 869 536 coeptus,
881 463 915 514 et
929 451 969 515 ad
981 450 1003 516 S
1026 451 1105 538 pha·
1113 453 1143 501 Α·
1161 453 1191 502 ⁰·
1207 467 1262 528 25³3·

57 561 126 602 cem
141 537 236 624 legati
252 535 347 612 missi,
363 557 486 599 summa
500 557 560 621 ope
581 547 614 600 et
628 535 732 621 ipsum
752 550 949 623 reparantem
965 475 1084 602 bellum
1094 563 1101 602 ε
1112 517 1240 630 ffissffl'

57 647 158 712 quum
173 645 253 687 uxor
267 645 333 686 non
347 623 420 698 iam,
437 634 473 685 ut
490 634 574 698 ante,
591 619 760 698 blanditiis,
776 624 850 687 satis
864 625 1048 710 potentibus
1063 625 1205 694 adbellm
1216 659 1252 694 re

57 711 200 775 animum
226 709 369 786 amantis,
393 705 449 772 sed
473 707 621 794 precibus
647 721 680 771 et
705 709 920 774 misericordia
945 711 1102 788 valuisset,
1112 715 1207 770 parant.

57 797 153 883 plena
172 795 373 860 lacrimarum
395 795 565 870 obtestans,
584 815 625 857 ne
647 807 770 881 patrem
790 817 882 859 suum
905 797 1103 884 patriamque

57 882 215 970 proderet,
240 881 417 966 iisdemque
443 880 578 944 fiammis
602 880 840 966 Carthaginem,
863 883 979 968 quibus
1004 897 1105 948 castra

57 969 311 1054 conflagrassent,
334 967 456 1030 absumi
478 966 604 1030 sineret.
653 966 748 1052 Spem
794 990 900 1054 noque
927 983 1104 1068 opportune

58 1053 195 1118 oblatam
219 1054 393 1117 afferebant
418 1052 531 1138 legati:
564 1065 715 1139 quattuor
744 990 843 1118 millia
870 1054 1105 1119 Celtlberorum

57 1141 142 1205 circa
160 1140 272 1204 urbem
296 1139 426 1203 nomine
447 1140 585 1216 Abbam,
602 1140 641 1204 ab
659 1141 924 1226 conquisitoribus
943 1141 1007 1204 suis
1029 1163 1106 1206 con-

58 1227 155 1291 ducta
174 1226 206 1289 in
229 1225 395 1312 Hispania,
411 1225 556 1312 egregiae
578 1227 762 1303 iuventutis,
779 1227 839 1292 sibi
860 1228 1048 1292 occurrisse:
1073 1238 1106 1291 et

59 1311 294 1377 Hasdrubalem
316 1311 503 1398 propediem
524 1313 620 1377 affore
643 1335 715 1378 cum
739 1335 835 1377 manu
857 1313 1105 1400 haudquaquam

57 1398 299 1463 contemnenda
345 1397 448 1484 Igitur
463 1419 528 1462 non
543 1399 681 1485 benigne
697 1400 793 1463 modo
807 1400 918 1486 legatis
932 1399 1105 1486 rospondit,

57 1484 115 1548 sed
138 1483 278 1549 ostendit
301 1484 396 1547 etiam
423 1484 661 1549 multitudinem
687 1486 857 1572 agrestium
880 1486 1106 1562 Numidarum,

57 1571 174 1656 quibus
188 1591 247 1657 per
262 1569 392 1634 eosdem
406 1569 475 1634 dies
489 1593 578 1635 arma
591 1594 754 1658 equosque
766 1572 915 1648 dedisset,
930 1585 964 1636 et
978 1595 1107 1637 omnem

56 1656 255 1722 iuventutem
271 1657 405 1720 affirmat
419 1658 598 1722 excitumm
614 1681 655 1722 ex
669 1681 776 1745 regno.
824 1658 932 1723 ‘Scire
947 1657 1106 1734 incendio,

58 1750 69 1780 ‘
77 1765 144 1806 nou
158 1742 289 1830 proeli0‚
305 1742 428 1806 cladem
444 1757 623 1829 acceptam:
649 1767 723 1809 eum
737 1745 821 1810 hello
833 1743 1013 1809 inferiorern
1028 1766 1106 1820 esse,

59 1837 68 1867 ‘
80 1828 137 1915 qui
152 1828 246 1892 armis
260 1829 423 1892 vincatur!
468 1828 558 1892 Haec
570 1828 681 1916 legatis
695 1853 852 1916 responsa.
899 1830 943 1894 Et
957 1843 1029 1918 post
1039 1830 1108 1894 dies
1116 1838 1208 1900 Copias

57 1936 177 2002 paucos
191 1935 297 1978 rursus
318 1911 499 1977 Hasdrubal
515 1928 548 1977 et
569 1914 700 2001 Syphax
721 1917 826 2001 copias
846 1917 1028 1979 iunxerunt.
1075 1903 1259 2016 Iamsi·-

58 2000 163 2064 omnis
177 1999 335 2063 exercitus
348 1999 410 2062 fuit
425 1999 554 2084 triginta
566 2000 665 2064 ferme
681 2000 816 2064 millium
832 2014 1030 2065 armatorum.
1115 1982 1195 2094 {unae
1206 1981 1249 2014 run

105 2084 298 2172 Scipionem,
314 2084 401 2149 velut
415 2085 478 2148 iam
493 2084 661 2162 debellato,
677 2086 764 2171 quod
779 2086 820 2150 ad
837 2086 860 2151 S
904 2087 1014 2151 hacem
1029 2087 1109 2152 Car·
1176 2099 1206 2158 8.

59 2170 340 2259 thaginiensesque
362 2171 520 2248 attineret,
544 2171 659 2236 Uticae
682 2194 853 2258 oppugnan
877 2195 914 2236 ae
936 2174 1107 2250 intentum,

58 2260 187 2345 iamque
203 2258 365 2322 machinas
383 2256 605 2322 admoventem
621 2257 728 2334 muris,
744 2259 858 2323 avertit
871 2260 955 2324 fama
969 2259 1110 2324 redinte-

58 2345 140 2432 grati
154 2343 247 2409 belli:
272 2344 468 2493 modicisqpe
478 2344 648 2444 praesidiis
663 2344 704 2408 ad
713 2344 851 2432 speciem
862 2345 957 2409 modo
972 2345 1110 2410 obsidio-

58 2432 110 2495 nis
129 2443 213 2496 terra
227 2431 370 2517 marique
385 2451 419 2494 re
434 2429 512 2508 ‘ct1s,
528 2432 596 2517 ipse
611 2453 685 2495 cum
708 2432 819 2496 robore
835 2431 993 2496 exercitus
1008 2432 1053 2495 ire
1069 2431 1111 2495 ad

58 2516 166 2582 hostes
222 2517 292 2602 igit.
339 2515 448 2580 Primo
463 2516 497 2580 in
513 2518 646 2594 tumulo,
659 2529 809 2604 quattuor
820 2518 917 2581 ferme
933 2517 1032 2582 millia
1046 2517 1110 2581 dis·
1120 2529 1253 2603 traditos

59 2615 181 2667 tantea
222 2603 331 2667 castris
351 2601 456 2690 regiis,
472 2603 636 2668 consedit:
660 2616 787 2690 postero
801 2603 854 2667 die
874 2626 947 2668 cum
966 2627 983 2668 e
1009 2593 1256 2668 uitatui0⁸³⁰¹p¹⁰·

57 2690 94 2752 in
117 2688 255 2775 Magnos
277 2689 337 2776 (ita
358 2688 488 2774 vocant)
509 2711 646 2790 campos,
668 2690 825 2754 subiectos
847 2689 877 2754 ei
899 2627 1033 2767 tumuio,
1054 2690 1111 2754 de·

96 2797 194 2851 essus,
221 2775 423 2840 succedendo
449 2775 491 2838 ad
513 2788 665 2840 stationes
690 2775 840 2853 hostium,
863 2775 1110 2862 lacessendoque

58 2797 182 2925 {ivibus
196 2861 334 2948 proeliis,
350 2859 435 2924 diem
451 2861 643 2948 absumpsit:
668 2874 701 2925 et
715 2885 773 2947 per
790 2863 961 2947 insequens
976 2862 1111 2926 biduum

60 2945 263 3011 tumultuosis
278 2945 353 3011 hinc
373 2960 469 3032 atque
489 2946 577 3010 illinc
592 2948 832 3010 excursionibus
852 2947 886 3009 in
901 2949 1013 3022 vicem,
1029 2947 1112 3009 nihil

59 3032 149 3096 dictu
178 3033 253 3096 satis
281 3033 415 3116 dignum
444 3032 596 3095 fecerunt
650 3030 775 3103 Quarto
804 3029 857 3093 die
886 3031 1046 3117 utrimque
1076 3032 1110 3095 in

40 3118 163 3182 raciem
174 3116 361 3182 descensum
377 3129 432 3180 est
480 3115 645 3179 Romanus
660 3115 819 3214 principes
833 3128 904 3200 post
915 3115 1110 3180 hastatorum

37 3203 163 3290 aprima
176 3204 276 3290 signa,
288 3204 323 3267 in
334 3202 481 3267 subsidiis
493 3201 616 3265 triarios
627 3202 808 3266 constitmt:
833 3202 1010 3284 equitatum
1021 3201 1111 3266 Itali·

60 3311 135 3353 cum
161 3290 201 3353 ab
223 3288 337 3354 dextro
359 3311 467 3364 cornu,
491 3288 531 3352 ab
553 3287 643 3351 laevo
666 3285 824 3350 Numidas
846 3285 1045 3351 Masinissam
1071 3311 1109 3352 ue

61 3375 218 3461 opposuit.
266 3374 397 3462 Syphax
413 3373 668 3459 Hasdrubalque,
686 3371 868 3436 Numidicis
883 3373 1031 3437 adversus
1046 3311 1111 3438 lta-

60 3460 158 3525 licum
194 3483 211 3524 e
236 3461 381 3536 uitatum,
415 3458 731 3544 Carthaginiensibus
765 3473 876 3523 contra
910 3458 1108 3524 Masinissam

38 3545 180 3622 elocatis,
229 3547 376 3610 eltiheros
392 3546 425 3609 in
446 3545 583 3609 mediam
599 3545 699 3608 aciem
715 3544 750 3608 iu
765 3545 895 3609 adversa
908 3545 999 3632 signa
1012 3544 1111 3632 legio-

97 3730 107 3762 ι
126 3716 258 3776 Principes
266 3720 320 3776 post
330 3715 481 3762 tatarorum
488 3714 572 3776 prima
604 3711 769 3760 Mutationem
781 3712 905 3773 quandam
922 3713 947 3760 in
963 3712 1058 3774 legione
1074 3728 1110 3760 or-

61 3779 146 3839 riynu]
166 3779 227 3826 Post
244 3778 313 3839 signa
326 3777 488 3836 hastatorum,
507 3791 571 3837 quaa
603 3775 712 3823 dinanda
732 3791 798 3823 nunc
819 3775 910 3824 factam
932 3776 1006 3824 tuisse
1027 3779 1110 3825 admo·

61 3841 142 3902 prima
156 3846 234 3900 erant,
244 3840 270 3888 id
286 3847 332 3900 ast,
342 3856 373 3888 ex
388 3841 476 3902 quibus
492 3839 571 3902 prima
603 3840 662 3887 dum
671 3839 850 3890 verisimileest.
862 3839 998 3903 etinir.33.
1007 3841 1110 3890 Niebhr.

62 3906 190 3953 constabat
208 3905 281 3953 acies.
314 3905 431 3954 Cetemm
452 3903 493 3951 hic
512 3909 571 3952 ante
603 3917 637 3952 nr
649 3919 674 3952 n.
686 3902 740 3952 826.

63 3968 189 4030 sigonium
208 3969 350 4031 legebatur:
370 3974 426 4030 port
444 3969 571 4028 principer
643 3980 656 4027 3
681 3967 810 4016 Celtiberos
837 3969 865 4016 in
890 3971 994 4018 mediam
1019 3971 1108 4028 adem]

62 4033 214 4081 hmtataram
267 4034 314 4080 'ma
334 4034 413 4092 aim.
456 4031 570 4079 Correxit
604 4030 814 4094 Praepositionem
840 4033 868 4080 in
889 4039 989 4082 auctore
1014 4031 1108 4082 Grono-

62 4047 511 4158 ille,utmmuidemmllenmsmos
519 4095 570 4142 Ro·
605 4095 643 4142 rio
662 4095 754 4144 delevit
773 4095 880 4148 Belrlrer.
900 4097 1038 4146 volentibus
1056 4097 1110 4157 plu·

62 4173 191 4208 manorum
205 4159 230 4207 in
244 4159 387 4214 instruenda
400 4157 462 4217 acie,
472 4174 488 4205 a
500 4157 571 4206 Livio
603 4158 669 4208 ribus
679 4160 751 4207 codd.
763 4161 805 4208 sed
817 4159 886 4208 illam
900 4161 1043 4209 servandam
1056 4175 1110 4207 cen·

63 4223 160 4285 saepius
176 4229 289 4281 testatus,
305 4227 331 4271 at
346 4221 465 4284 Polybius
482 4221 530 4270 xiv.
547 4222 570 4270 8.
603 4223 820 4273 rectoraticum
836 4223 962 4272 Drakenb,
974 4228 1061 4284 utpote
1075 4224 1112 4271 in-

63 4284 506 4349 iuhuiusipsiusproaliinarratione.
523 4285 570 4334 Ca
602 4291 738 4349 terceptam
757 4302 773 4334 a
795 4285 874 4347 prima
896 4287 967 4335 litera
986 4285 1052 4335 vocis
1076 4301 1111 4336 se·

97 4353 161 4399 ain
179 4352 294 4400 subsidiis
312 4352 411 4399 trierim
431 4349 568 4407 constituit]
604 4350 709 4409 quentia
