3002 4798
379 205 419 270 78
766 201 880 268 ΤΙΤΙ
910 201 1046 272 LIVII

213 353 248 404 u.
261 355 290 404 c.
303 364 358 415 ⁵35·
378 354 502 406 montes
517 340 634 406 statuit
674 339 805 406 Fallacia
820 339 943 406 consilii
957 340 1028 406 talis
1042 353 1209 428 apparatus
1223 341 1293 406 fuit
1329 341 1427 408 Faces

212 419 244 467 Α
261 420 290 469 ⁰·
304 429 357 480 αι7·
377 427 520 514 undique
536 450 576 492 ex
591 427 673 514 agris
693 427 853 504 collectae,
868 427 1030 514 fascesque
1050 428 1209 514 virgarum
1226 423 1324 515 atque
1340 430 1427 494 arida

213 482 352 595 {mig
376 527 535 579 sarmenta
557 513 771 602 praeligantur
789 514 936 579 cornibus
956 514 1062 591 boum,
1079 537 1158 602 quos
1180 515 1319 580 domitos
1334 516 1427 582 indo-

213 611 291 660 nibus
377 601 535 688 mitosque
558 601 674 665 multos
695 601 778 666 inter
800 614 937 666 ceteram
959 614 1113 688 agrestem
1150 601 1278 666 raedam
1301 603 1424 690 agebat

377 687 433 752 Ad
448 688 513 752 duo
535 686 634 751 millia
655 687 753 752 femie
775 688 872 752 boum
894 688 1023 752 effecta:
1047 623 1305 775 Hasd-abaliquo
1326 712 1427 778 nego-

377 775 457 838 tium
472 775 593 851 datum,
606 785 642 838 nt
656 775 766 860 primis
781 775 919 840 tenebris
930 775 1032 839 noctis
1045 773 1079 838 id
1090 787 1268 840 armentum
1283 778 1426 841 accensis

376 861 522 938 cornibus
537 861 576 925 ad
592 873 716 926 montes
775 873 859 938 eret3
882 861 1030 938 maxime,
1045 860 1072 924 si
1086 873 1200 947 posset,
1215 883 1312 949 super
1324 863 1426 927 saltus

308 999 316 1015 .
376 947 415 1013 ab
438 948 526 1013 hoste
549 949 692 1013 insessos.
735 883 864 1012 tigrim
888 948 1026 1012 tenebris
1047 947 1173 1012 silentio
1194 961 1282 1014 mota
1302 963 1424 1026 castra3

374 1034 470 1099 boves
485 1035 646 1121 aliquanto
662 1045 735 1098 ante
755 1034 845 1121 signa
864 1034 934 1100 acti.
982 1033 1048 1099 Ubi
1068 1034 1109 1098 ad
1128 1034 1249 1100 radices
1263 1036 1425 1101 montium

374 1121 503 1208 viasque
526 1135 673 1208 angustas
693 1134 825 1185 ventum
848 1135 905 1198 est,
928 1121 1053 1208 signum
1075 1120 1235 1209 extemplo
1257 1121 1365 1200 datur,
1388 1137 1426 1188 nt

375 1209 514 1272 accensis
529 1208 676 1272 cornibus
691 1221 833 1272 armenta
852 1209 886 1272 in
905 1208 1051 1272 adversos
1071 1208 1270 1273 concitentur
1285 1224 1422 1275 montes

376 1293 420 1359 Et
434 1307 537 1358 metus
551 1295 617 1380 ipse
638 1293 807 1358 relucentis
826 1294 971 1359 flammae
991 1317 1032 1358 ex
1052 1295 1165 1381 capite,
1181 1294 1341 1395 calorque,
1358 1297 1423 1361 iam

374 1380 415 1444 ad
430 1381 546 1458 vivum,
562 1380 603 1444 ad
623 1381 749 1467 imaque
769 1403 925 1445 cornuum
946 1380 1127 1458 adveniens,
1144 1381 1230 1446 velut
1244 1383 1424 1448 stimulatos

373 1467 478 1532 furore
541 1468 614 1532 ebat
635 1467 738 1532 boves.
795 1466 870 1542 Quo
892 1481 1022 1556 repente
1045 1467 1197 1546 discursu,
1220 1467 1307 1532 haud
1328 1493 1423 1535 secus

374 1577 471 1640 quam
491 1491 578 1618 divis
600 1555 823 1654 montibusque
846 1553 994 1632 accensis,
1015 1554 1122 1618 omnia
1143 1555 1261 1619 circum
1282 1555 1423 1644 virgulta

374 1641 501 1704 ardere:
535 1639 737 1728 capitumque
766 1641 854 1706 unita
882 1641 1049 1728 quassatio,
1079 1641 1220 1706 excitans
1248 1641 1444 1720 flammam

374 1725 540 1791 hominum
562 1726 677 1813 passim
699 1726 943 1793 discurrentium
965 1727 1102 1814 speciem
1123 1728 1302 1815 praebebat
1354 1729 1422 1806 Qui

374 1813 415 1877 ad
430 1814 596 1877 transitum
611 1811 707 1877 saltus
721 1813 930 1880 insidendum
945 1813 1039 1878 locati
1054 1829 1153 1891 erant,
1168 1815 1224 1878 ubi
1238 1814 1273 1878 in
1286 1818 1423 1882 summis

373 1899 534 1964 montibus
548 1921 584 1964 ac
599 1922 694 1986 super
708 1921 740 1963 se
752 1901 907 1987 quosdam
921 1900 1012 1988 ignes
1025 1915 1267 1988 conspexerunt,
1282 1903 1422 1968 circum-

373 1999 484 2051 ventos
499 2009 532 2052 se
546 2009 612 2051 esse
628 1987 698 2064 rati,
709 1987 865 2074 praesidio
877 2007 1056 2066 excessere3
1080 2010 1145 2074 qua
1154 1987 1285 2054 minime
1301 1987 1443 2055 densaes

374 2073 532 2139 micabant
550 2074 704 2151 flammae,
725 2074 814 2138 velut
835 2074 1026 2138 tutissimum
1044 2075 1115 2150 iter,
1131 2087 1275 2162 petentes
1295 2099 1421 2142 summa

372 2161 529 2225 montium
554 2161 637 2261 iuga,
659 2161 823 2224 tamenin
846 2160 999 2248 quosdam
1021 2161 1117 2226 boves
1139 2161 1258 2248 palatos
1287 2163 1328 2226 ab
1355 2165 1421 2228 suis

372 2248 520 2334 gregibus
541 2246 731 2312 incidemnt.
785 2245 829 2311 Et
850 2247 963 2334 primo,
986 2269 1086 2333 quum
1108 2247 1218 2334 procul
1239 2265 1419 2329 cernerent,

372 2333 470 2398 veluti
491 2335 633 2399 flammas
654 2334 839 2420 spirantium
862 2332 1014 2398 miraculo
1039 2335 1164 2399 attoniti
1186 2335 1417 2400 constiterunt:

372 2418 498 2496 deinde,
521 2435 558 2484 ut
578 2420 718 2484 humana
738 2421 884 2507 apparuit
904 2420 998 2497 fraus,
1022 2434 1089 2485 tum
1110 2443 1185 2485 vero
1206 2421 1336 2486 insidias
1358 2426 1417 2488 rati

372 2528 449 2583 esse,
465 2505 543 2570 dum
558 2506 674 2570 maiore
689 2519 777 2570 metu
797 2507 958 2572 concitant
977 2529 1010 2572 se
1025 2507 1060 2571 in
1077 2507 1193 2594 fugam,
1209 2507 1271 2572 levi
1286 2532 1417 2597 quoque

371 2605 546 2656 armaturae
560 2591 700 2656 hostium
714 2593 882 2658 incurrere.
908 2592 1062 2658 Ceterum
1073 2616 1138 2658 nox
1153 2617 1189 2660 ae
1213 2609 1287 2660 uato
1303 2597 1418 2662 timore

370 2691 500 2742 neutros
538 2701 654 2764 ugnam
670 2679 857 2766 incipientes
871 2679 913 2744 ad
927 2679 1030 2745 lucem
1046 2679 1157 2745 tenuit.
1236 2695 1331 2760 terea,
1347 2697 1418 2750 toto

370 2763 495 2852 agmine
514 2701 680 2828 llannibal
700 2766 881 2830 transducto
901 2789 960 2853 per
977 2767 1102 2845 saltum,
1117 2779 1151 2831 et
1171 2768 1362 2855 quibusdam
1384 2771 1417 2834 in

369 2851 438 2938 ipso
453 2850 534 2916 saltu
549 2851 687 2916 hostium
702 2853 867 2938 oppressis,
883 2853 918 2916 in
933 2875 1008 2940 agro
1026 2853 1168 2918 Allifano
1182 2855 1288 2942 posuit
1302 2869 1416 2921 castra.

304 2988 311 3003 .
415 2937 514 3002 Hunc
528 2937 701 3002 tumultum
716 2938 813 3003 sensit
827 2939 951 3004 Fabius.
986 2938 1139 3005 Ceterum
1155 2953 1188 3005 et
1202 2941 1333 3006 insidias
1346 2965 1417 3008 esse

370 3037 464 3102 ratus,
487 3037 520 3090 et
542 3025 582 3088 ab
611 3038 767 3089 nocturno
795 3025 907 3112 utique
937 3025 1107 3091 abhorrens
1136 3029 1318 3106 certamine,
1341 3051 1417 3094 suos

369 3110 575 3176 munimentis
589 3112 700 3176 tenuit.
741 3111 831 3178 Luce
845 3112 948 3200 prima
962 3113 1020 3177 sub
1035 3113 1109 3200 iugo
1124 3115 1240 3178 montis
1254 3115 1417 3201 proelium

368 3196 446 3275 fuit3
484 3221 549 3285 quo
577 3198 778 3262 interclusam
808 3199 847 3263 ab
877 3199 941 3264 suis
970 3199 1070 3264 levem
1101 3213 1290 3265 armaturam
1322 3201 1417 3267 facile

368 3285 502 3372 (etenim
517 3307 650 3350 numero
670 3285 867 3373 aliquantum
882 3285 1096 3372 praestabant)
1117 3286 1254 3351 Romani
1269 3310 1417 3376 superas-

368 3384 447 3449 sent,
462 3373 524 3436 nisi
539 3371 754 3459 Hispanorum
770 3371 890 3449 cohors,
903 3372 944 3437 ad
958 3372 993 3436 id
1004 3373 1107 3460 ipsum
1122 3373 1251 3438 remissa
1264 3375 1305 3438 ab
1321 3374 1438 3451 Han-9

367 3457 482 3538 nibale‚
497 3459 717 3546 praevenisset
764 3457 812 3522 Ea
826 3459 977 3524 assuetior
991 3460 1162 3538 montibus,
1174 3473 1208 3524 et
1221 3461 1263 3526 ad
1278 3483 1416 3527 concur·

367 3545 500 3610 sandum
515 3546 598 3610 inter
612 3565 688 3609 saxa
706 3567 863 3632 rupesque
883 3546 986 3695 aptior
1000 3569 1036 3610 ac
1056 3545 1164 3624 levior,
1181 3569 1280 3634 quum
1295 3548 1416 3614 veloci-

367 3645 430 3697 tate
451 3653 628 3718 corporum,
644 3643 712 3695 turn
731 3652 889 3696 armorum
931 3632 1028 3710 abitu,
1049 3647 1256 3720 campestrem
1276 3633 1415 3715 hostem,

421 3739 493 3783 vern
515 3717 608 3782 armis
631 3715 870 3804 statariumque,
890 3738 1017 3818 pugnae
1046 3741 1163 3806 genere
1184 3719 1275 3784 facile
1305 3721 1413 3788 elusit.

385 3817 417 3868 ta
444 3803 692 3890 haudquaquam
720 3803 788 3891 pari
817 3817 987 3870 certamrne
1017 3805 1157 3891 digressi,
1181 3803 1320 3894 Hispani
1345 3807 1414 3874 fere

394 4040 574 4105 mantumque
580 4042 653 4090 inita
661 4042 795 4104 quassato]
801 4041 870 4092 Dum
903 4057 969 4104 nem,
979 4044 1021 4092 uhi
1037 4043 1063 4092 in
1076 4044 1200 4158 praesidio
1214 4045 1289 4094 locati
1302 4045 1415 4106 suemnt,

365 4105 453 4154 frustra
478 4112 592 4154 excutere
618 4105 699 4168 ignem
728 4106 870 4156 moliuntur.
902 4108 1058 4170 reliquerunt.
1102 4123 1158 4158 ona.

367 4169 438 4218 Haec
449 4169 588 4218 emendatio
600 4169 648 4218 loci
659 4169 684 4218 in
696 4171 807 4218 omnibus
818 4185 869 4220 uss.
934 4187 950 4236 9
966 4175 1075 4222 Remissa
1094 4174 1124 4220 ab
1140 4172 1293 4235 Hannibale,
1306 4191 1413 4237 pmcne·

365 4232 485 4294 imprimis
500 4233 605 4295 corrupti
624 4233 645 4283 1.
657 4233 697 4282 rr.
710 4234 817 4285 Gronov.
828 4235 869 4283 de·
901 4237 987 4295 abiet]
1003 4237 1084 4299 Vulgo
1092 4239 1301 4300 pervenissem
1313 4255 1363 4314 qno
1374 4255 1413 4288 re·

366 4297 444 4346 betur.
902 4300 1041 4361 ponendum
1050 4301 1414 4362 mperoanieaeteouieertGro-

398 4362 413 4408 8
428 4363 556 4413 Praesidio
566 4364 698 4424 aarum]
717 4362 741 4414 h.
750 4378 771 4414 e.
781 4362 868 4412 Statio
901 4377 956 4412 nor.
968 4369 994 4412 et
1004 4365 1089 4425 probat
1101 4363 1207 4415 Beklrcr.
