2966 4778
408 205 500 272 LIB.
523 204 638 271 Χ-ΧΙΙ.
669 205 781 272 ΟΑΡ.
806 213 856 271 23.
1120 215 1161 273 83

106 353 175 406 arte
189 342 380 428 aggreditur.
428 342 541 408 Castra
555 357 646 408 extra
657 344 768 408 urbem
783 344 816 408 in
832 344 901 432 ipso
915 343 1008 409 litore
1022 343 1160 410 habebat
1171 362 1204 412 U.
1216 363 1246 412 0.
1262 373 1317 424 535·

82 427 233 506 7Bostar,
246 440 282 492 ut
292 429 415 494 aditum
426 451 465 494 ea
474 442 563 516 parte
575 429 802 496 intercluderet
812 429 975 496 Romanis.
1022 430 1072 496 Ibi
1083 453 1157 496 eum
1168 429 1198 475 Λ·
1216 429 1245 477 ⁰·
1262 439 1317 487 αι7·

106 515 142 578 in
157 527 314 579 secretum
329 516 512 594 abductum,
527 516 616 581 velut
634 517 843 604 ignorantem,
859 530 978 594 monet,
994 540 1059 604 quo
1074 531 1158 584 statu

105 601 149 666 sit
171 623 229 666 res
276 601 424 667 ‘Metum
447 604 640 668 continuisse
664 603 707 667 ad
731 625 801 668 eam
827 604 914 669 diem
938 603 1156 691 Hispanorum

106 689 260 765 ‘animos
276 689 353 776 quia
372 689 483 777 procul
506 689 644 755 Romani
668 691 830 755 abessentz
862 713 949 756 nunc
968 690 1014 755 cis
1029 690 1155 757 iberum

106 783 229 840 ‘castra
256 775 404 840 Romana
428 797 506 854 esse,
531 798 636 840 arcem
666 789 767 842 tutam
790 777 1034 864 perfugiumque
1060 801 1157 844 novas

106 859 309 928 ‘volentibus
322 884 382 928 res.
428 861 552 949 Itaque,
568 885 648 950 quos
663 875 766 927 metus
787 885 852 927 non
869 876 986 941 teneat,
1000 864 1157 930 beneficio

106 953 163 1048 “et
176 949 278 1035 gratia
291 948 617 1050 devinciendosessel
661 949 793 1050 Miranti
811 949 936 1014 Bostari
946 963 1157 1052 percunctan-

104 1035 439 1209 unuunt
454 1035 928 1188 sistuntur
949 1039 1157 1224 utrm

104 1209 321 1294 ‘parentibus
344 1229 481 1309 quorum
508 1209 684 1273 maximum
705 1231 824 1273 nomen
851 1209 885 1272 in
907 1209 1087 1275 civitaubus
1108 1223 1156 1275 est

104 1294 199 1371 ‘suis
222 1306 256 1360 et
276 1294 403 1382 pubhce
425 1294 551 1382 populis
572 1309 697 1382 gratum
722 1295 790 1360 erit.
836 1293 917 1360 Vult
938 1297 998 1361 sibi
1020 1297 1155 1384 quisque

103 1381 226 1458 ‘credi,
252 1395 287 1446 et
314 1381 424 1446 habita
447 1380 527 1446 fides
556 1381 657 1468 ipsam
686 1382 874 1469 plerumque
902 1383 1022 1470 obligat
1046 1383 1154 1448 fidem.

104 1466 345 1532 ‘Ministerium
365 1468 634 1532 restituendorum
648 1467 759 1532 domos
776 1467 924 1533 obsidum
938 1469 1085 1533 mihimet
1098 1470 1156 1534 de-

104 1561 222 1641 ‘posco
244 1553 321 1641 ipse,
337 1566 374 1618 ut
393 1577 490 1642 opera
511 1576 639 1641 quoque
654 1555 798 1642 impensa
818 1553 987 1619 consilium
1006 1555 1154 1621 adiuvem

104 1649 244 1718 ‘meum,
254 1654 287 1704 et
297 1641 343 1704 rei
352 1653 463 1727 suapte
473 1653 710 1740 natumgratac,
720 1653 872 1727 quantam
881 1639 1012 1728 insuper
1021 1642 1154 1742 gretiam

74 1727 252 1813 s‘possim‚
268 1727 435 1792 adiiciam)
479 1726 623 1804 Homim,
633 1749 699 1792 non
714 1727 755 1792 ad
769 1740 875 1792 cetera
889 1727 1013 1794 Punica
1026 1730 1156 1817 mgenia

102 1813 230 1892 callido,
255 1827 294 1878 ut
321 1814 486 1901 persuasit,
512 1825 606 1878 nocte
631 1812 714 1878 clam
742 1835 924 1964 progressus
949 1815 991 1879 ad
1015 1815 1155 1881 bostium

102 1899 265 1978 stationes,
281 1901 445 1965 conventis
482 1899 650 1965 uibusdam
668 1900 742 1964 auxi
757 1900 873 1966 'aribus
889 1899 1051 1989 Hispanis,
1066 1914 1101 1966 et
1114 1902 1155 1967 ab

102 1987 143 2051 iis
156 1986 199 2051 ad
215 1986 267 2052 Sci
291 1987 399 2051 ionem
413 1922 595 2074 peiductus,
611 1986 691 2073 quid
709 1987 844 2064 afferret,
861 1989 1028 2074 expromit
1074 1987 1153 2053 Fide

102 2085 236 2160 accepta
278 2086 403 2160 utaque,
419 2095 455 2138 ac
475 2072 546 2137 loco
566 2086 599 2137 et
616 2085 758 2159 tempore
777 2072 948 2138 constituto
970 2073 1012 2138 ad
1029 2074 1154 2140 obsides

102 2159 286 2237 tradendos,
304 2158 482 2246 Saguntum
504 2157 605 2234 redit3
636 2158 723 2223 diem
737 2159 960 2245 insequentem
980 2160 1155 2248 absumpsit

102 2267 178 2310 cum
216 2245 358 2323 Bostare,
389 2244 546 2310 mandatis
582 2244 625 2309 ad
652 2265 721 2309 rem
757 2244 914 2332 agendam
951 2245 1152 2345 accipiendis.

102 2331 274 2409 Dimissus,
290 2353 391 2419 quum
410 2353 443 2398 se
458 2344 552 2396 nocte
567 2331 696 2407 iturum,
712 2342 750 2395 ut
770 2329 928 2396 custodias
942 2330 1082 2397 hostium
1096 2332 1155 2397 fal-

101 2419 192 2496 leret,
209 2419 432 2495 constituisset,
448 2418 490 2482 ad
509 2417 716 2505 compositam
734 2439 808 2482 curn
823 2417 862 2482 iis
881 2416 992 2483 horam
1007 2419 1157 2485 excitatis

101 2504 288 2570 custodibus
299 2526 469 2591 puerorum
502 2504 649 2582 mlestus,
660 2502 760 2568 veluti
770 2504 1153 2592 ignanrsinpraeparatas

100 2613 160 2656 sua
184 2590 295 2655 fraude
323 2591 451 2655 insidias
475 2527 574 2656 ducit.
619 2589 660 2655 In
686 2603 787 2654 cestra
817 2587 964 2656 Romana
986 2591 1284 2679 perductizlnoestra

101 2691 209 2743 cetera
234 2677 342 2742 omnia
365 2676 407 2741 de
431 2676 602 2741 reddendis
625 2675 796 2753 obsidibus,
816 2677 899 2742 sicut
921 2699 995 2742 curn
1020 2677 1151 2745 Bostare
1161 2672 1276 2721 Romana

101 2764 311 2830 constitutum
326 2775 402 2841 erat,
418 2775 489 2828 acta
502 2783 560 2850 per
574 2762 713 2828 eundem
728 2762 882 2840 ordinem,
893 2786 958 2852 quo
972 2764 999 2828 si
1017 2737 1297 2849 Cartha-Jffifflj',

100 2849 295 2939 giniensium
315 2850 445 2914 nomine
467 2850 512 2914 sie
527 2861 680 2937 ageretur.
726 2848 833 2914 Maior
847 2849 1009 2999 alipuanto
1032 2851 1251 2927 Roma-seps.

100 2959 217 3002 norum
237 2936 339 3023 gratie
352 2936 413 3000 fnit
430 2937 465 2999 in
484 2957 519 3000 re
540 2936 618 3023 peni,
634 2957 730 3023 quam
749 2949 870 3023 quanta
903 2949 996 3001 utura
1015 2936 1152 3003 Cartha-

99 3023 296 3111 giniensium
305 3023 417 3086 fiterat.
463 3021 539 3087 Illos
554 3022 650 3099 enim,
661 3043 771 3109 graves
786 3023 1000 3172 superbospue
1012 3023 1047 3088 in
1057 3025 1152 3090 rebus

99 3109 250 3175 secundis
265 3121 422 3196 expertos,
431 3107 558 3173 fortuna
572 3120 606 3172 et
619 3108 714 3174 timor
728 3107 886 3194 mitigasse
901 3109 933 3172 vi
956 3108 1002 3173 eri
1059 3121 1148 3176 terat.

101 3195 270 3262 Romanus
290 3195 394 3282 primo
415 3193 565 3271 adventu,
580 3194 761 3282 incognitus
783 3207 866 3270 ante,
885 3195 925 3258 ab
946 3217 981 3259 re
1000 3198 1151 3261 cementi

100 3281 287 3368 liberalique
310 3281 438 3347 initium
451 3282 586 3346 fecerat:
617 3293 650 3346 et
675 3277 813 3356 Abelux,
828 3279 877 3344 vir
897 3281 1047 3366 prudens,
1063 3281 1150 3348 haud

99 3368 217 3434 frustra
229 3366 397 3432 ridebatur
412 3366 514 3432 socios
532 3379 678 3432 mutasse.
725 3365 838 3452 Itaque
853 3366 977 3452 ingenti
993 3389 1150 3433 consensu

100 3454 314 3520 defectionem
349 3475 459 3518 omnes
567 3465 651 3518 tare:
689 3473 839 3538 armaque
868 3452 1029 3539 externplo
1064 3467 1151 3520 mota

99 3541 214 3618 forent,
227 3540 262 3604 ni
276 3540 387 3618 hiems,
400 3562 482 3627 quae
531 3561 662 3604 omanos
676 3561 804 3626 quoque
820 3551 853 3603 et
869 3537 1149 3626 Carthaginienses

97 3626 277 3692 concedere
292 3626 327 3690 in
336 3637 421 3690 tecta
433 3626 548 3712 coegit,
563 3625 792 3701 intervenisset.

144 3711 290 3778 Haecin
349 3713 356 3727 '
396 3712 469 3778 ania
492 3734 556 3799 quo
581 3733 620 3776 ue
643 3711 783 3778 secunda
804 3723 921 3776 aestate
944 3709 1059 3776 Punici
1074 3709 1161 3777 belli
1249 3771 1256 3787 ,

97 3813 197 3888 gesta,
213 3822 314 3886 quum
333 3799 368 3863 in
401 3797 476 3864 talia
492 3819 538 3899 pa
584 3821 638 3862 um
656 3795 813 3862 intervalli
832 3796 974 3863 cladibus
995 3795 1149 3864 Romanis

98 3885 208 3951 sollers
229 3885 390 3950 cunctatio
412 3883 502 3949 Fabii
515 3885 657 3949 fecisset:
681 3905 764 3971 quae
786 3895 824 3948 ut
846 3883 1061 3950 Hannibalem
1083 3908 1149 3950 nou

98 3969 254 4038 mediocri
283 3970 452 4036 sollicitum
478 3991 554 4036 cura
581 3969 727 4048 habebat,
755 3969 885 4035 tandem
914 3993 988 4036 eum
1018 3971 1148 4037 militiae

132 4237 146 4288 7
166 4227 200 4276 m
211 4226 305 4274 aduam
315 4240 345 4273 ea
353 4221 607 4286 pam...1sommte]
674 4221 747 4268 8Αά
764 4227 845 4270 cetero
863 4221 963 4270 Punica
982 4223 1082 4282 inpensa
1101 4224 1148 4270 col-

96 4291 201 4338 Adt'tum
221 4303 252 4338 ea
272 4295 345 4350 portu
364 4290 436 4337 Ores.
456 4291 481 4334 et
503 4285 609 4336 Belrltcr.
642 4285 703 4344 lide]
723 4283 826 4332 Homini
843 4297 892 4332 non
908 4289 960 4332 tam
975 4283 1065 4332 callido
1075 4299 1148 4345 quam

97 4359 203 4402 serrant
642 4349 722 4398 solent
733 4359 785 4396 csse
797 4345 891 4397 Punica
901 4345 1005 4408 ingenia
1023 4347 1119 4397 Casu..

918 4414 974 4470 οἳ
