2866 4770
390 220 486 288 LIB.
511 221 624 288 XXX.
655 222 761 291 CAP.
786 229 837 292 39.
1075 233 1135 294 541

87 359 244 448 pecuniae
265 358 378 446 viginti
400 360 543 510 (ιιιίιιὸιιο
565 359 665 426 millia
685 361 795 449 pondo
817 362 939 451 argenti
960 366 1139 451 praesentia
1148 374 1184 425 U.
1194 375 1224 424 o.
1240 389 1296 438 550·

88 462 220 512 exacta:
245 446 452 534 indutiaeque
501 446 787 535 arthaginiensibus
801 449 893 514 datae
910 450 944 514 in
965 462 1029 515 tres
1048 441 1297 553 men-gidffmffi

86 555 147 599 ses.
193 533 363 610 Additum,
388 555 429 598 ne
453 555 511 620 per
532 533 729 599 indutiarum
755 548 880 624 tempus
905 536 967 602 alio
993 559 1030 602 us
1053 561 1195 616 pamm,
1206 584 1272 616 men-

86 642 186 770 quam
217 619 365 697 Romam,
392 619 557 684 mitterent
584 618 722 707 legatos:
758 634 800 699 et,
828 560 1053 710 quicunquel

1054 646 1071 688 e
1094 625 1191 689 atina

122 706 321 792 artbagincm
350 707 520 783 venissent,
547 729 589 770 ne
619 719 692 771 ante
722 706 920 774 dimitterent
949 733 1013 788 eos,
1040 647 1138 798 qdam

86 791 274 858 Romanum
296 793 528 879 imperatorem,
552 793 618 878 qui,
641 807 675 858 et
696 816 777 880 quae
841 809 945 860 tentes
966 797 1136 875 venissent,

84 879 257 944 certiorem
280 879 428 944 lacerent.
477 879 560 944 Cum
588 878 698 966 legatis
727 880 803 946 Cart
829 882 1043 968 sginiensibus
1069 883 1138 948 Ro·

83 985 175 1030 mam
204 965 290 1030 missi
316 963 354 1030 L.
372 963 525 1030 Veturius
547 964 651 1043 Philo,
678 978 712 1030 et
737 967 785 1031 M.
806 967 947 1033 Marcius
974 968 1077 1046 Ralla,
1104 984 1138 1036 et

84 1051 128 1116 L
144 1051 250 1139 Scipio
271 1052 469 1139 imperatoris
487 1051 592 1116 frater.
638 1053 702 1118 Per
721 1075 775 1119 eos
792 1053 861 1118 dies
880 1067 1075 1120 commeatus
1096 1078 1137 1122 ex

84 1137 199 1204 Sicilia
214 1138 423 1224 Sardiniaque
440 1150 559 1202 tantam
574 1137 728 1205 vilitatem
743 1163 889 1206 annonae
904 1141 1088 1220 effecerunt,
1100 1154 1137 1207 ut

81 1247 146 1313 pro
160 1237 290 1290 vectura
300 1223 496 1289 frumentum
512 1238 667 1290 mercator
680 1227 785 1291 nautis
799 1227 1003 1314 relinqueret.

133 1310 256 1376 Romae
268 1309 309 1374 ad
319 1311 469 1376 nuntium
479 1311 617 1398 primum
630 1312 810 1378 rebellionis
824 1312 1136 1401 Carthaginiensium

82 1397 281 1484 trepidatum
294 1397 418 1474 firerat3
442 1397 607 1484 iussusque
628 1412 696 1463 erat
715 1399 767 1463 Ti.
783 1399 938 1464 Claudius
959 1414 1080 1467 mature
1101 1403 1137 1466 in

83 1482 230 1550 Siciliam
252 1483 383 1548 classem
404 1483 531 1561 ducere,
551 1496 646 1570 atque
669 1485 745 1549 inde
767 1485 802 1548 in
817 1486 958 1551 Aiiicam
982 1488 1135 1566 traiicere,

80 1585 122 1636 et
139 1569 217 1635 alter
236 1569 347 1634 consul
367 1569 415 1634 M.
431 1569 581 1635 Servilius
601 1570 642 1635 ad
666 1572 777 1636 urbem
801 1573 926 1650 morari,
942 1572 1054 1653 donec,
1071 1598 1136 1663 quo

80 1668 172 1722 statu
197 1679 247 1722 res
272 1657 307 1721 in
329 1656 440 1722 Africa
465 1668 579 1734 essent,
606 1657 747 1722 sciretur.
796 1657 944 1746 Segniter
968 1662 1076 1726 omnia
1101 1661 1136 1725 in

80 1742 299 1830 compmands
321 1742 575 1830 deducendaque
601 1743 697 1808 classe
721 1745 761 1808 ab
781 1744 832 1809 Ti.
848 1744 986 1811 Claudio
1006 1746 1136 1812 consule

79 1829 170 1895 facta
191 1844 302 1907 erant3
326 1828 415 1916 quod
437 1828 549 1894 Patres
572 1829 613 1894 de
637 1852 715 1916 pace
741 1829 899 1918 Scipionis
923 1833 1030 1919 potius
1053 1834 1136 1897 arbi-

80 1915 183 1981 trium
201 1938 279 1994 esse,
295 1916 411 2016 quibus
430 1915 554 2002 legibus
568 1915 706 1993 daretur,
746 1938 819 1980 uam
839 1917 987 1994 consulis,
1002 1940 1136 1984 censue-

79 2015 166 2066 rant.
211 2001 363 2088 Prodigia
377 2025 421 2089 qu
487 2024 515 2079 e,
531 2002 678 2066 nuntiata
698 1939 757 2066 srib
774 2002 875 2102 ipsam
895 2003 1010 2067 famam
1032 2005 1267 2090 rebel-Prodigia.

79 2088 189 2166 lionis,
206 2101 357 2154 terrorem
378 2024 559 2152 attbidant
607 2087 720 2154 Cumis
735 2086 808 2153 solis
823 2088 907 2154 orbis
922 2089 1023 2154 minui
1038 2091 1133 2168 visus,

80 2187 121 2240 et
134 2173 216 2262 pluit
229 2174 357 2262 lapideo
371 2174 475 2252 imbri,
488 2186 521 2239 et
534 2175 570 2239 in
580 2172 747 2239 Veliterno
818 2198 838 2239 o
853 2187 936 2240 terra
949 2175 1133 2262 ingentibus

79 2261 228 2326 cavernis
242 2260 395 2338 consedit,
411 2261 600 2348 arboresque
618 2261 653 2324 in
690 2197 861 2326 rofuddbm
874 2260 1013 2326 haustae.
1059 2264 1136 2328 Ari·

79 2347 155 2412 ciae
179 2347 292 2424 fomm,
320 2360 353 2412 et
377 2347 462 2412 circa
490 2347 649 2425 tabernae,
702 2347 852 2412 rusinone
879 2369 988 2412 murus
1014 2348 1055 2413 ali
1079 2363 1135 2415 uot

78 2433 173 2512 locis,
189 2447 221 2500 et
235 2448 336 2521 ports,
354 2432 395 2498 de
409 2433 499 2498 coelo
515 2445 614 2498 tacta:
636 2433 717 2498 etin
733 2433 857 2498 Palatio
870 2433 1027 2521 lapidibus
1041 2373 1132 2522 pluit.

79 2518 128 2586 Id
148 2521 329 2608 prodigium
352 2541 438 2585 more
483 2521 563 2584 atrio
585 2519 767 2585 nouendiali
786 2541 883 2597 sacro,
899 2533 1005 2585 cetera
1023 2520 1135 2586 hostiis

79 2606 256 2672 maioribus
285 2606 420 2694 expiata.
460 2543 562 2670 pluter
587 2629 668 2693 quse
698 2605 795 2671 etiam
823 2629 978 2693 aquarum
1007 2607 1135 2673 insolita

78 2693 273 2794 magnitudo
295 2694 330 2757 in
353 2691 540 2779 religionem
563 2714 660 2758 versa.
707 2691 793 2758 Nam
815 2693 861 2758 ita
881 2693 1055 2761 abundavit
1076 2695 1135 2760 Ti-

79 2782 178 2858 beris,
201 2792 239 2844 ut
263 2779 332 2844 ludi
355 2777 566 2866 Apollinares,
593 2779 677 2844 circo
703 2779 867 2858 inundato,
894 2795 985 2846 extra
1008 2795 1133 2869 portam

51 2876 70 2928 6
82 2865 248 2931 Collinam
263 2865 305 2931 ad
319 2865 432 2930 aedem
444 2865 604 2953 Erycinae
616 2864 751 2930 Veneris
762 2867 862 2951 parati
873 2866 946 2930 sint.
979 2865 1133 2933 Ceterum

78 2951 235 3018 ludorum
249 2952 318 3040 ipso
328 2951 392 3028 die,
404 2951 509 3016 subita
522 2951 691 3016 serenitate
706 2963 785 3026 orta,
797 2971 922 3049 pompa,
934 2950 1009 3015 duci
1020 2966 1134 3041 coepta

78 3037 128 3104 ad
149 3051 274 3126 portam
296 3036 467 3114 Collinam,
488 3047 635 3102 revocata
654 3034 855 3122 deductaque
875 3058 909 3100 ιιι
933 3035 1051 3101 circum
1074 3051 1132 3116 est,

79 3146 185 3212 quum
197 3123 367 3189 decessisse
381 3123 458 3188 inde
473 3145 588 3223 aquam
603 3121 784 3186 nuntiatum
800 3134 898 3186 esset:
915 3120 1133 3211 laetitiamque

77 3210 204 3301 populo
230 3225 264 3276 et
291 3210 375 3275 ludis
403 3206 618 3275 celebritatem
648 3207 773 3274 addidit
801 3206 892 3273 sedes
917 3231 974 3274 sua
998 3209 1134 3276 sollenni

78 3297 264 3386 spectaculo
278 3295 411 3362 reddita.

130 3383 303 3451 Claudium
326 3383 499 3460 consulem,
524 3382 701 3471 profectum
722 3381 852 3447 tandem
876 3382 916 3448 ab
938 3382 1027 3461 urbe,
1050 3383 1134 3449 inter
1189 3389 1241 3452 39.

78 3483 195 3560 portus
225 3469 389 3534 Cosanum
418 3468 699 3556 Lauretanumque
733 3482 824 3533 atrox
856 3469 904 3533 vis
938 3471 1132 3557 tempestatis
1141 3471 1239 3550 clanis,

80 3555 198 3623 adorta
229 3557 264 3621 in
297 3569 419 3620 metum
449 3555 614 3656 ingentem
643 3554 787 3620 adduxit.
833 3553 1028 3642 Populonios
1056 3556 1132 3622 inde
1140 3537 1271 3651 diffidun-

80 3665 187 3732 quum
206 3642 410 3730 pervenisset,
426 3653 625 3729 stetissetque
646 3640 700 3718 ibi,
719 3640 797 3705 dnm
817 3641 976 3727 reliquum
996 3653 1060 3707 tem
1141 3669 1237 3728 penate

80 3731 159 3797 tatis
174 3729 359 3806 exacerbet,
372 3727 473 3792 Ilvam
483 3727 630 3806 insulam,
642 3739 677 3792 et
690 3726 730 3792 ab
745 3725 815 3792 Ilva
831 3725 1002 3807 Corsicam,
1019 3751 1039 3793 a
1083 3753 1130 3798 or·
1142 3734 1239 3781 rma

77 3926 195 3991 profiteri
212 3924 279 3974 idem
297 3925 363 3988 quod
381 3925 513 3974 marom
530 3925 593 3985 vult,
625 3923 707 3973 valed
719 3927 816 3985 portam
825 3921 950 3974 Collinam
959 3923 1136 3988 sitam,postea
1166 3969 1170 3976 .
1285 3947 1290 3956 ·

80 3996 110 4040 et
236 3991 243 4004 '
298 3989 509 4038 accommodatum
521 3993 566 4038 est
626 3989 726 4036 demum
744 4002 761 4035 a
777 3988 807 4037 L.
820 3987 908 4037 Porcio
926 3990 1027 4038 consula
1043 3995 1135 4050 rotam,

148 4055 192 4102 Aa
217 4055 299 4103 mem
323 4055 449 4114 Erycinae
479 4053 590 4112 Veturio]
625 4057 651 4100 ct
667 4052 756 4101 deinde
773 4067 790 4100 a
806 4051 835 4100 L.
850 4053 939 4102 Porcio
956 4053 986 4102 L.
1002 4053 1031 4102 1².
1047 4053 1135 4102 Licino

81 4119 181 4170 nedem
194 4116 299 4166 Veneris
316 4117 437 4180 Erycinae
454 4131 528 4178 quam
545 4115 593 4164 Fa-
625 4115 755 4165 duumviro
773 4116 913 4165 dedicatam
931 4117 1014 4174 brisso,
1029 4117 1083 4165 intr.
1099 4118 1134 4167 xl.

81 4183 140 4231 hius
154 4181 256 4241 voverit,
271 4196 336 4243 supr.
352 4180 411 4230 xxii.
422 4196 446 4244 9.
460 4194 496 4229 ro.
509 4184 535 4228 et
550 4180 590 4228 do·
624 4194 662 4242 ³4·
678 4185 762 4229 monet
778 4180 905 4229 Dmlenb.
918 4179 953 4227 ita
969 4183 997 4227 ut
1013 4184 1134 4228 auterre·

80 4246 212 4305 dicaverit,
222 4260 288 4307 supr.
299 4245 367 4294 xxiii.
381 4259 418 4307 3¹·
430 4243 477 4293 hoo
489 4245 544 4292 loco
555 4243 590 4292 iu·
624 4245 685 4293 verit
706 4243 799 4302 Livius,
818 4249 861 4292 aut
879 4246 970 4302 locum,
987 4243 1030 4291 ubi
1049 4249 1135 4304 postea

80 4309 163 4372 telligi
175 4325 224 4357 non
236 4323 315 4371 posse,
327 4309 493 4372 quippequao
507 4308 532 4357 in
544 4307 591 4357 Cs-
623 4308 697 4356 aedes
716 4307 815 4358 condita
833 4312 879 4365 est,
896 4321 940 4369 per
958 4307 1083 4369 prolepsin
1099 4307 1135 4358 ita

82 4373 173 4436 pitolio
192 4379 274 4434 esset3
296 4373 401 4423 alteram
419 4377 502 4423 autem
522 4375 592 4423 extra
625 4371 755 4422 vocaverit.
