2888 4768
341 213 420 272 246⁴
728 203 840 271 ΤΙΤΙ
867 203 1000 271 LlVll

187 352 220 402 U.
233 353 262 402 0·
279 347 396 416 540·nio
420 355 534 422 essent,
558 343 615 408 red
637 344 870 410 circumsessuri
898 343 1042 434 Capuam
1066 341 1261 417 viderenturt
1288 337 1363 426 quod

186 418 216 531 g·
233 419 264 466 Ο·
280 431 460 497 ²¹²·malum
476 431 643 496 diuturnae
658 431 829 499 obsidionis
843 455 910 498 esse
925 431 1015 510 solet,
1024 431 1086 496 iam
1096 431 1212 494 famem
1225 425 1363 512 Campani

185 497 287 609 ruffi
343 518 538 594 sentiebant3
561 517 637 604 quia
645 533 818 584 sementem
829 519 931 585 facere
943 518 1168 607 prohibuerant
1180 537 1235 579 eos
1245 513 1362 579 Rommi

343 605 508 670 exercitus
555 601 666 692 Itaque
675 605 1065 693 legatosadllannibalem
1077 604 1239 679 miserunt,
1249 613 1363 674 orantes,

343 705 380 756 ut
400 692 496 780 prius,
513 714 608 778 quam
628 693 772 758 consules
791 694 825 758 in
843 715 934 794 agros
953 715 1026 757 suos
1042 691 1215 756 educerent
1234 687 1363 774 legiones,

342 779 476 866 viaeque
491 801 602 843 omnes
621 777 759 843 hostium
774 781 936 868 praesrdiis
955 779 1175 854 insiderentur‚
1189 775 1364 839 frumentun

343 889 385 930 ex
406 865 591 954 propinquis
612 865 689 930 locis
711 866 844 932 convehi
867 866 989 932 iuberet
1013 865 1165 953 Capuam
1214 857 1364 960 Hannibal,

286 975 291 992 ’
345 951 538 1018 Hannonem
548 975 589 1017 ex
604 950 737 1018 Bruttiis
746 976 818 1018 cum
828 953 967 1018 exercitu
978 953 1013 1016 in
1024 949 1233 1102 Oamdsaniam
1245 961 1365 1044 uarum,

344 1054 377 1104 et
397 1039 473 1103 dare
496 1061 633 1126 operam,
649 1053 684 1103 ut
698 1040 848 1105 frumenti
870 1041 962 1128 copia
977 1040 1068 1104 fieret
1120 1035 1272 1124 ampanis,
1286 1033 1365 1097 iuml.

187 1139 281 1187 Hanno
291 1138 317 1187 in
345 1124 474 1203 Hanno,
502 1148 542 1189 ex
573 1125 706 1190 Bruttiis
753 1127 888 1192 rofectus
916 1149 988 1192 cum
1018 1124 1169 1200 exercitu,
1196 1119 1367 1186 vitabundus

187 1204 293 1278 OQP*
344 1226 445 1277 castra
467 1211 605 1277 hostium
630 1235 706 1278 cons
741 1237 847 1301 esque,
872 1214 983 1300 quiin
1011 1210 1139 1277 Samnio
1162 1220 1264 1287 eraut,
1286 1227 1367 1294 quun

187 1281 321 1380 pqqpciqpm
345 1299 531 1364 Benevento
546 1299 608 1362 iam
624 1300 899 1388 appropinquaret,
915 1300 974 1364 tria
991 1319 1138 1388 passuum
1153 1295 1255 1360 millia
1268 1293 1368 1442 ab'ipja

188 1396 261 1446 verit.
344 1387 423 1451 urbe
437 1386 507 1451 loco
521 1385 608 1450 edito
623 1400 723 1451 castra
739 1387 852 1474 posuit.
898 1385 978 1451 Inde
994 1408 1036 1450 er
1049 1383 1141 1450 sociis
1155 1383 1241 1447 circa
1254 1403 1314 1470 pop
1342 1401 1367 1452 kt

345 1495 409 1560 quo
425 1485 541 1537 aestate
560 1485 790 1560 comportatum
808 1487 884 1552 erat,
900 1471 1013 1538 devehi
1028 1471 1223 1535 fiurmentum
1241 1469 1275 1533 in
1288 1479 1368 1532 castra

344 1559 451 1636 iussit3
474 1557 637 1647 praesidiis
648 1559 739 1638 datis,
751 1583 832 1648 quae
847 1574 1040 1625 commeatus
1049 1580 1102 1622 eos
1113 1569 1367 1644 prosequerentur.

347 1645 491 1732 Capuam
506 1645 581 1710 inde
593 1646 741 1712 nuntium
756 1646 851 1725 misit,
861 1669 925 1734 qua
938 1646 991 1711 die
1005 1646 1039 1709 in
1054 1643 1161 1710 castris
1175 1643 1218 1707 ad
1233 1639 1369 1791 aecipien-

344 1732 421 1796 dum
431 1731 624 1796 frumentum
633 1747 757 1820 praesto
767 1733 973 1812 essentomni
982 1731 1123 1818 undique
1174 1751 1297 1794 nereve
1319 1727 1369 1789 'cn-

344 1819 447 1884 lorum
455 1819 732 1908 iumentorumque
745 1821 1058 1908 eregiiscontracto.
1105 1814 1121 1881 I
1155 1839 1214 1904 pro
1225 1829 1369 1882 ceteraso
1413 1883 1414 1898 χ

344 1905 451 1970 cordia
465 1904 550 1993 negli
592 1905 937 1995 ntiaqueaCampanis
952 1919 1065 1971 actum.
1097 1902 1211 1968 Paullo
1226 1903 1369 1998 plusqua-
1413 1907 1414 1952 ἓ

344 1993 513 2080 dringenta
523 1928 778 2071 safficulamissa,
789 2009 821 2058 et
855 2015 933 2058 auca
942 2005 1105 2081 praeterea
1114 1991 1266 2055 iumenta.
1293 1983 1368 2054 Obrd
1413 1963 1414 2020 l

343 2079 501 2168 castigatis
515 2079 555 2144 ab
571 2077 741 2157 Hannone,
757 2017 854 2168 quoti
862 2103 902 2144 ne
917 2081 1015 2146 fames
1030 2078 1169 2166 quidem,
1185 2099 1270 2164 quae
1286 2089 1369 2139 mutas

344 2167 531 2231 accenderet
550 2166 675 2244 bestias,
687 2189 793 2231 curam
809 2189 918 2231 eorum
936 2166 1095 2232 stimulare
1110 2180 1227 2252 posset,
1243 2163 1302 2228 alia
1313 2181 1383 2248 pro-t

345 2253 430 2318 dicta
446 2253 514 2318 dies
534 2253 574 2317 ad
589 2253 782 2318 frumentum
804 2255 920 2318 maiore
939 2266 1090 2354 apparatu
1109 2251 1294 2340 petendum.
1334 2245 1369 2310 Er

346 2340 460 2416 omnia,
470 2339 551 2405 sicut
561 2353 631 2404 acta
640 2354 739 2418 erant,
750 2361 849 2428 quum
859 2354 1022 2405 enuntiata
1031 2337 1268 2404 Beneventanis
1276 2347 1369 2406 emani,

345 2425 464 2512 legatos
478 2425 589 2490 decem
605 2427 764 2515 externplo
779 2426 819 2491 ed
834 2427 977 2492 consules
991 2427 1089 2512 (circa
1097 2424 1277 2490 Bovianum
1290 2433 1370 2486 castra
1412 2451 1413 2484 t

348 2511 564 2576 Romanorum
580 2513 684 2598 erant)
699 2515 860 2579 miserunt.
909 2513 976 2590 Qui
989 2535 1099 2600 quum,
1115 2511 1242 2589 auditis,
1253 2504 1369 2599 quaesti

348 2597 492 2684 Capuam
508 2614 683 2684 agerentur,
699 2601 829 2665 interae
844 2623 914 2665 com
938 2613 1085 2676 arassent,
1102 2612 1137 2663 ut
1151 2597 1233 2663 alter
1246 2599 1280 2662 in
1292 2595 1369 2661 Cam·

346 2683 472 2771 panium
495 2686 668 2749 exercitum
691 2687 839 2764 duceret3
864 2687 890 2751 F
924 2688 1002 2764 vius,
1022 2687 1074 2752 cui
1094 2709 1132 2750 ea
1152 2684 1313 2773 provincia
1328 2680 1369 2744 ob·

346 2785 484 2848 venerat,
508 2771 675 2858 profectus,
691 2787 783 2838 nocte
807 2772 983 2839 Beneventi
1005 2772 1131 2838 moenia
1151 2785 1200 2836 est
1223 2773 1367 2860 ingressu

348 2857 398 2922 Ex
420 2858 598 3008 propinquo
620 2861 790 2946 cognoscit,
812 2859 1005 2926 Hannonem
1027 2882 1100 2925 cum
1121 2860 1281 2924 exereitus
1300 2867 1368 2944 pane

369 2944 521 3010 rofectum
549 2960 777 3011 rumentatum:
802 2970 859 3034 per
877 2961 1074 3035 quaestorem
1092 2945 1267 3032 Campanis
1280 2943 1368 3009 datum

346 2969 556 3106 ilementum:
581 3031 645 3096 duo
660 3031 758 3097 millia
774 3034 993 3121 plaustrorum,
1008 3032 1204 3098 inconditam
1219 3034 1368 3098 inermem·

347 3141 409 3204 que
437 3119 529 3182 aliam
556 3119 689 3197 turbam,
714 3119 894 3186 advenisse:
922 3143 980 3208 per
997 3120 1166 3184 tumultum
1190 3143 1227 3185 ac
1253 3113 1368 3205 trepida·

347 3205 466 3273 tionem
488 3206 596 3270 omnia
616 3207 677 3294 agi,
693 3220 928 3308 castrorumque
943 3209 1074 3272 formam
1094 3219 1127 3271 et
1148 3206 1314 3272 militarem
1332 3221 1368 3265 or

346 3291 465 3369 dinem,
490 3292 641 3356 immixtis
664 3294 837 3380 agrestibus
862 3294 901 3357 irs
923 3317 964 3358 ex
988 3294 1088 3371 terris,
1114 3293 1282 3358 sublatum.
1322 3287 1367 3353 llis

346 3378 419 3442 satis
439 3379 617 3464 compertis,
633 3379 742 3444 consul
758 3379 908 3444 militibus
925 3379 1031 3458 edicit,
1047 3381 1136 3467 signa
1150 3393 1275 3444 tantum
1288 3395 1367 3443 armt-
1411 3381 1412 3460 l

346 3465 457 3551 quein
472 3465 647 3553 proximam
662 3480 788 3532 noctem
806 3467 1010 3554 expedirent:
1034 3481 1134 3532 castra
1151 3466 1275 3532 Punica
1288 3483 1367 3551 oppu-

345 3551 473 3639 gnanda
487 3575 562 3617 csse.
611 3552 732 3627 Quarta
745 3552 852 3654 vigilia
866 3553 1007 3640 profecti,
1023 3552 1151 3619 sarcinis
1168 3555 1312 3618 omnibus
1323 3551 1366 3612 in

346 3638 600 3725 pedimentisque
616 3637 792 3705 Beneventi
813 3639 938 3717 relictis,
953 3640 1060 3728 paullo
1081 3653 1153 3704 ante
1168 3639 1274 3705 lucem
1287 3654 1365 3732 quun

347 3723 388 3787 ad
410 3738 510 3788 castra
526 3726 751 3811 pervenissent,
767 3741 889 3792 tantum
946 3727 1027 3792 voris
1048 3727 1236 3805 iniecerunt,
1252 3739 1296 3802 ut,
1309 3722 1365 3787 sin

346 3807 441 3896 plano
463 3810 681 3959 mancipum
701 3829 815 3891 essent,
831 3813 893 3878 bau
938 3814 1034 3879 dubie
1056 3815 1159 3902 primo
1180 3813 1300 3901 impetu
1312 3803 1364 3892 capi

346 3896 515 3982 potuerint
595 3895 709 3962 ltitudo
723 3899 785 3963 loci
799 3912 832 3964 et
853 3900 1051 3965 munimenta
1067 3899 1287 3976 defenderunt,
1301 3913 1363 3982 quae
1410 3943 1411 3946 ,

347 3980 434 4046 nullu
448 4005 488 4046 ex
502 3995 591 4082 parte
607 3982 695 4061 atliri,
708 3985 767 4052 nisi
783 3985 881 4050 arduo
895 4009 932 4056 ac
946 3987 1064 4052 difficili
1080 4009 1221 4064 ascensu,
1231 3992 1361 4074 poterant

347 4067 436 4134 Luce
462 4091 564 4156 pnma
585 4069 738 4155 proelium
767 4071 878 4160 ingens
899 4097 1066 4139 accensum
1092 4088 1156 4139 est:
1188 4096 1248 4139 nec
1268 4069 1361 4137 vallum

381 4289 471 4344 ,inu
492 4289 601 4348 prosata
623 4291 685 4350 uret]
718 4292 848 4341 eranum
881 4292 904 4341 n.
917 4292 955 4344 61.
968 4295 1000 4344 sn.
1014 4307 1051 4358 st·
1082 4297 1261 4359 volumus
1275 4289 1362 4352 netur

343 4353 404 4398 altem
412 4355 448 4398 cst
455 4350 519 4400 diem
527 4352 616 4400 dictam
625 4355 736 4414 prol'erre.
746 4357 776 4402 cs.
784 4370 847 4416 supr.
882 4364 927 4404 tur.
1409 4379 1410 4384 ¹
