2874 4772
305 221 402 289 LIB.
426 220 537 288 XXV.
572 221 682 288 CAP.
706 228 759 288 41.
992 225 1055 292 279

20 367 126 434 menta,
140 379 279 461 qnorum
290 361 464 448 perexigua
500 383 550 426 ars
563 373 734 448 comparet.
780 360 972 450 Legationes
986 385 1055 428 om·
1064 373 1098 424 U.
1109 373 1139 424 c.
1155 387 1211 436 ⁵40·

18 445 100 508 nium
112 445 209 512 ferme
221 447 395 512 civitatium
412 447 464 514 Sic
499 471 536 512 ae
551 447 593 514 ad
606 470 681 512 eum
692 449 931 515 conveniebant
978 439 1091 514 Dis-l
1109 439 1139 488 ⁰·
1156 452 1210 487 ²¹²·

18 551 69 614 par
78 543 112 594 ut
125 554 219 598 causa
233 555 350 612 earum,
363 535 407 599 ita
421 534 563 600 conditio
577 547 652 600 erat
701 535 768 611 Qui
782 549 856 600 ante
871 547 977 623 captas
994 503 1202 624 Sydssusiffi

18 638 130 682 recusas
144 632 200 684 aut
217 643 283 688 non
297 619 503 698 desciverant,
519 634 575 686 aut
593 621 753 688 redierant
766 623 800 686 in
819 623 1000 702 amicitiam,
1017 636 1118 706 utrum
1127 647 1192 680 com-

17 703 85 766 socii
98 704 208 770 fideles
222 708 342 794 accepti
357 707 516 795 cultiquer
539 731 620 796 quos
635 721 737 774 metus
751 721 823 796 post
836 722 943 797 captas
959 708 1053 798 Syra·
1060 701 1137 759 9⁰³¹*

17 811 97 854 cusas
110 791 286 872 dediderat,
301 807 338 860 ut
352 794 427 860 victi
441 819 461 860 a
474 795 592 860 victore
607 794 692 882 leges
707 808 906 882 acceperunt

56 875 152 942 Erant
161 892 267 946 tamen
276 879 363 946 haud
374 904 487 968 parvae
498 881 555 946 reli
579 881 649 946 uiae
659 881 733 947 belli
745 883 829 947 circa
838 883 917 969 Agri
959 895 1051 948 ntum

18 959 178 1030 Romanis:
204 965 365 1055 Epicydes
379 981 412 1032 et
423 968 543 1034 Hanno
557 903 656 1032 duces
669 968 783 1068 reliqui
798 969 910 1056 prioris
964 968 1009 1046 lli,
1018 982 1052 1034 et
1060 974 1171 1023 Mutina

17 1050 118 1148 tertius
138 1075 241 1118 novus
258 1055 297 1119 ab
319 1053 500 1120 Hannibale
521 1055 556 1118 in
576 1054 680 1120 locum
704 1053 909 1155 Hippocratis
928 1039 1209 1151 missusssgssuuffiff

17 1133 284 1223 Libyphoenicum
301 1141 426 1229 generis
447 1140 670 1229 Hipponiates,
688 1141 865 1228 (Mutinem
885 1142 1053 1230 populares
1060 1165 1210 1216 sicilianum

16 1223 176 1312 vocabant)
197 1227 246 1292 vir
267 1227 410 1315 impiger,
433 1240 467 1293 et
488 1229 546 1292 aub
569 1226 749 1294 Hannibale
773 1229 921 1315 magistro
943 1252 1053 1294 omnes

15 1307 84 1372 belli
107 1324 190 1378 artes
212 1313 350 1380 edoctus
397 1313 485 1380 Huic
504 1316 544 1380 ab
567 1313 711 1415 Epicyde
735 1328 769 1380 et
794 1313 955 1380 Hannone
980 1315 1053 1381 Nu-

16 1395 111 1462 midae
133 1398 200 1466 dati
220 1401 405 1468 auxiliares:
430 1424 503 1466 cum
517 1401 632 1488 quibus
647 1414 692 1466 ita
709 1415 896 1490 pervagatus
915 1415 963 1467 est
979 1401 1053 1468 hoa·

17 1480 88 1546 tium
105 1507 206 1572 agros,
221 1487 267 1552 ita
287 1488 388 1554 socios
402 1487 443 1552 ad
458 1486 640 1552 retinendos
661 1488 774 1554 iulide
794 1490 916 1554 animos
930 1511 1051 1568 eorum,

17 1567 202 1659 serendoque
226 1574 260 1638 in
286 1589 350 1640 tem
393 1597 427 1639 re
452 1574 503 1640 cui
528 1597 568 1640 ue
594 1575 757 1654 auxilium,
784 1575 872 1653 adiit,
899 1589 935 1640 ut
964 1576 1052 1642 brevi

17 1665 148 1755 tempore
164 1672 265 1725 totam
288 1597 427 1726 Siciliiim
442 1661 485 1726 im
505 1598 589 1726 leret
599 1661 737 1726 nominis
751 1662 809 1739 sui,
825 1685 885 1728 nec
905 1685 976 1750 spes
991 1663 1052 1728 alia

17 1761 108 1807 maror
121 1747 208 1834 apud
218 1746 359 1814 faventes
372 1748 465 1814 rebus
482 1684 893 1848 Harthaginiensium'esset.
938 1748 1052 1836 Itaque

17 1825 121 1896 inclusi
142 1833 184 1898 ad
203 1847 327 1921 tempus
348 1835 513 1899 moenibus
534 1833 704 1934 dgngenti
724 1835 792 1899 dux
815 1835 1053 1936 PoenusnSyraj

18 1933 217 2006 cusanusque,
233 1943 298 1986 non
312 1920 443 1986 consilio
459 1919 604 1998 Mutrms,
619 1943 715 2007 quam
730 1921 856 1999 fiducia,
872 1944 970 2009 magra
986 1945 1053 1986 ausi

18 2003 117 2086 egredi
132 2020 223 2072 extra
237 2029 352 2086 muros,
367 2007 409 2072 ad
429 2006 594 2072 Himeram
609 2029 735 2071 amnem
754 2022 927 2095 posuerunt
942 2021 1051 2074 castra.

22 2085 111 2160 Quod
134 2094 191 2159 ubi
256 2093 371 2158 rlatum
394 2093 436 2158 ad
461 2093 651 2158 Marcellum
679 2105 736 2170 est,
761 2094 921 2182 extemplo
948 2095 1054 2181 copias

20 2176 126 2254 morit3
149 2193 182 2246 et
202 2117 346 2246 aiehoste
367 2193 516 2267 quattuor
529 2181 628 2245 ferme
643 2179 779 2244 millium
796 2179 962 2246 intervallo
977 2203 1054 2245 con-

20 2259 102 2339 sstdlt
116 2267 196 2352 quid
211 2281 341 2354 agerent
354 2279 539 2355 pararentve
558 2279 803 2353 exspectaturus.
851 2265 916 2332 Sed
930 2266 1053 2331 nullum
1063 2277 1148 2328 Terret
1160 2277 1210 2328 lto

20 2365 116 2433 neque
138 2352 255 2432 locum,
277 2376 382 2440 neque
405 2367 530 2441 tempus
554 2353 747 2418 cunctationi
768 2352 938 2418 consiliove
965 2353 1154 2420 deditmm

21 2428 164 2518 Mutines,
181 2454 388 2528 transgressus
408 2463 544 2518 amnem,
560 2463 596 2504 ac
615 2440 802 2506 stationibus
823 2438 962 2504 hostium
981 2463 1055 2506 cum

20 2515 133 2615 ingenti
159 2540 278 2593 terrore
305 2551 341 2592 ac
365 2526 504 2592 tumultu
526 2527 675 2592 invectus
722 2525 853 2592 Postero
879 2526 931 2592 die
979 2550 1055 2614 rope

19 2619 95 2674 lusto
111 2614 232 2699 proelio
246 2613 400 2702 compulit
414 2614 537 2680 hostem
557 2614 639 2680 intra
653 2614 859 2679 munimenta.
905 2611 945 2680 In
969 2638 987 2680 e
1006 2638 1057 2680 re·

20 2708 138 2764 vocatus
161 2701 316 2766 seditione
339 2700 551 2766 Numidarum
572 2701 607 2764 in
628 2700 736 2766 castris
756 2701 847 2779 facta,
871 2723 971 2802 quum
993 2714 1057 2768 tre·

21 2783 98 2847 centi
119 2785 218 2852 ferme
244 2810 353 2853 eorum
380 2786 568 2854 Heracleam
592 2786 736 2852 Minoam
760 2803 994 2867 concessissent,
1015 2788 1057 2855 ad

22 2866 204 2961 mitigandos
217 2874 472 2962 revocandosque
487 2897 541 2940 eos
555 2873 722 2961 profectus,
737 2896 927 2962 magnopere
943 2897 1057 2940 monu-

21 2969 74 3018 isse
95 2957 193 3026 duces
218 2961 344 3038 dicitur,
366 2983 407 3026 ne
430 2961 557 3026 absente
582 2983 615 3026 se
637 2983 710 3026 cum
732 2961 821 3026 hoste
847 2983 960 3026 manus
981 2983 1058 3026 con·

23 3057 162 3112 tererent
207 3046 247 3112 Id
266 3049 359 3112 ambo
381 3069 473 3133 aegre
495 3047 578 3133 passi
600 3047 706 3123 duces,
728 3049 826 3134 magis
849 3045 978 3124 Hanno,
993 3047 1057 3112 iam

16 3139 89 3194 tute
118 3135 231 3199 anxius
277 3134 356 3199 loria
378 3133 462 3198 eius:
495 3142 505 3171 ‘
517 3131 678 3197 Mutinem
703 3132 763 3197 sibi
788 3132 919 3198 modum
944 3131 1057 3211 facere,

25 3211 225 3303 ‘degenerem
254 3157 368 3285 leum
395 3219 576 3306 imperatori
606 3218 870 3305 Carthaginiensi,
894 3219 988 3284 misso
1018 3221 1057 3286 ab

26 3303 149 3371 ‘senatu
171 3306 373 3395 populoque’
417 3305 449 3370 Is
477 3305 617 3392 perpulit
641 3318 843 3370 cunctantem
870 3305 1057 3456 Effiqdem'

26 3397 65 3462 Ul,
77 3395 256 3480 transgressi
270 3395 400 3470 flumen,
413 3393 447 3456 in
462 3391 562 3456 aciem
574 3391 707 3456 exirent
753 3390 839 3456 Nam
854 3392 880 3458 si
936 3393 1059 3458 utinam

24 3491 61 3557 op
99 3481 234 3545 rirentur
258 3493 292 3545 et
317 3479 458 3546 secunda
480 3501 606 3566 pugnae
630 3478 756 3543 fortuna
784 3479 948 3556 evenisset,
972 3478 1059 3544 haud

26 3555 65 3622 du
85 3561 112 3630 ie
140 3565 275 3632 Mutinis
302 3567 434 3655 gloriam
458 3565 534 3631 fore.
581 3564 752 3630 Enimvero
777 3565 945 3654 indignum
974 3578 1060 3630 ratus
1157 3613 1166 3632 .

58 3808 66 3842 t
79 3801 217 3864 Peras-iguo
225 3818 287 3864 pars
297 3804 430 3864 comparet]
445 3800 522 3850 Nem·
555 3798 648 3848 ritimaa
659 3800 730 3848 urbes
743 3799 875 3860 habebant,
885 3803 910 3848 et
921 3799 946 3848 in
958 3815 1060 3850 numero

29 3867 56 3914 pe
72 3863 152 3913 ablata
169 3871 238 3915 erant
253 3866 347 3928 reliqua
361 3866 433 3914 bellis
448 3864 523 3913 civili-
556 3869 670 3925 quattuor
687 3865 833 3926 populomm
849 3870 926 3923 erant,
940 3864 981 3926 qui
997 3865 1060 3914 Afri-

28 3917 75 3973 bua
92 3928 197 3978 Srnorn.
556 3943 609 3978 cam
621 3929 745 3989 tenebunt,
753 3944 786 3977 sc.
794 3929 1012 3992 Carthaginienses,
1020 3929 1060 3978 Li-

59 4001 70 4034 2
88 3995 150 4050 Quor
160 4001 236 4044 mena
247 4029 285 4044 ...
296 3995 433 4052 dediderat]
455 3992 526 4050 Quos
557 3992 729 4056 byphoenicea
740 3993 801 4052 Afri,
812 3992 945 4043 Numidae.
962 3995 992 4042 cl.
1001 3994 1060 4042 Dio·

30 4057 103 4103 metus
112 4057 251 4120 impulerat,
261 4058 514 4106 utsedederenacn
557 4057 607 4106 dor.
625 4057 673 4106 Sic.
690 4073 730 4106 xx.
749 4071 786 4120 55.
815 4060 990 4121 Hipponicum
1009 4073 1060 4106 esse

63 4123 296 4190 ¹slibppltoeniomu
313 4123 422 4184 puteris]
454 4120 525 4182 Supr.
559 4119 677 4182 Hippone
688 4121 779 4184 oppido
789 4127 875 4170 natum
886 4128 969 4170 monet
979 4121 1061 4184 Sigon.

30 4189 75 4229 ¹¹1.
86 4198 121 4234 aa.
132 4188 327 4248 Libyphoenices,
337 4188 438 4234 mistam
446 4187 525 4233 Puni·
558 4191 586 4232 ut
596 4186 756 4234 Crotoniotem
768 4191 814 4234 etc.

29 4255 78 4290 “tm
89 4251 251 4312 Afrirgeam.
281 4249 348 4298 Hinc
359 4250 421 4298 infra
433 4249 525 4297 Hanno
589 4251 669 4308 4Sibi
679 4251 774 4296 modum
778 4251 877 4310 facere]
889 4265 923 4298 aa.
932 4247 984 4310 Ipsi
992 4249 1061 4296 Han·

31 4317 95 4358 vocat
118 4315 241 4363 Mutinem
265 4315 403 4376 deportarem
425 4315 525 4374 Afrum.
558 4311 871 4375 nonilegespraescribero.

30 4366 104 4426 Caci.
136 4381 252 4429 Ceterum
267 4377 461 4442 Libyphoenices
475 4392 524 4426 ma-
