2888 4768
334 229 397 292 266
650 239 653 244 '
722 220 833 287 ΤΙΤῙ
862 219 998 286 LIVII

225 373 246 424 c
270 367 404 436 540.‘sas
423 358 575 426 tenebant
591 359 884 459 Syracusae-quum
921 359 1037 422 rimam
1050 357 1150 422 rosh-i
1169 355 1292 420 arbitrii
1315 377 1379 418 me

225 409 254 489 ⁸⁰:
271 452 325 488 ²¹²·
336 453 346 484 ‘
356 448 528 535 coepimus,
541 445 701 534 extemplo
713 467 858 510 remmus
928 443 1084 509 tradenda
1097 466 1200 518 arma3
1217 441 1381 506 dedendos

336 542 346 572 ‘
356 555 424 612 nos,
440 534 561 610 urbem,
576 533 722 598 moenia:
746 531 866 596 nullam
887 531 1093 597 recusandam
1112 530 1284 606 fortunam,
1301 551 1380 615 quac

337 621 505 708 ‘imposita
519 644 539 685 a
551 620 640 685 vobis
654 620 756 685 fuerit
801 618 943 683 Gloriam
958 630 1068 705 captae
1083 617 1300 682 nobilissimae
1314 614 1381 702 pul-

338 706 594 795 ‘cherrimaeque
616 706 702 772 urbis
726 705 921 770 Graecarum
943 705 996 770 dei
1019 704 1076 769 tibi
1098 703 1271 780 dederunt,
1298 701 1381 766 Mar·

337 794 446 860 ‘cella
495 792 659 880 Quicquid
689 815 830 879 unquam
861 805 945 858 terra
971 791 1113 878 marique
1139 788 1381 854 memorandum

338 881 519 967 ‘gessimus
535 881 568 945 id
587 880 633 944 tui
654 879 807 967 triumphi
827 879 919 944 titulo
939 877 1069 943 accedit
1115 875 1278 940 Famaene
1301 874 1382 938 credi

338 967 445 1046 ‘velia
462 977 581 1055 quanta
602 966 677 1032 urbs
700 989 720 1030 a
742 979 774 1031 te
797 979 889 1053 capta
909 966 959 1043 sit,
980 987 1076 1052 quem
1098 964 1234 1052 posteris
1257 983 1382 1059 quoque

339 1062 429 1119 ‘eam
451 1053 630 1142 spectaculo
651 1055 744 1118 esse?
789 1053 865 1128 Quo
885 1052 1019 1152 quisque
1039 1063 1131 1127 terra,
1147 1050 1290 1149 quisque
1312 1070 1385 1112 man

340 1141 492 1219 ‘venerit
508 1165 593 1206 nunc
607 1153 714 1204 nostra
728 1139 769 1204 de
785 1138 1035 1204 Atheniensibus
1052 1135 1385 1223 Carthaginiensibus·

340 1233 350 1266 ‘
383 1251 424 1292 ue
447 1241 583 1315 tropaea,
599 1249 685 1291 nnnc
708 1239 763 1291 tua
781 1225 822 1290 de
842 1225 934 1290 nobis
956 1224 1119 1300 ostendat3
1143 1223 1401 1308 incolumesquet

340 1249 531 1402 ‘Hymenaee
549 1314 685 1378 familiae
705 1327 825 1378 vestrae
847 1313 905 1376 sub
926 1310 1072 1376 clientela
1092 1309 1235 1374 nominis
1252 1307 1387 1374 Marcel·

340 1401 463 1466 ‘lorum
493 1399 655 1488 tutelaque
683 1399 845 1464 habendas
874 1398 986 1464 tradas
1041 1397 1093 1462 Ne
1119 1395 1191 1484 plus
1216 1396 1314 1496 apud
1339 1417 1386 1458 vos

340 1486 562 1575 ‘Hieronymi
593 1510 688 1575 quam
719 1486 879 1564 Hieronis,
909 1484 1060 1550 memoria
1092 1495 1251 1548 momentr
1287 1484 1384 1547 faciat

340 1573 493 1638 ‘Diutius
512 1573 564 1638 ille
585 1573 686 1638 multo
706 1574 825 1639 amicus
838 1573 908 1649 fuit,
925 1594 1018 1672 quam
1038 1571 1090 1634 hic
1104 1570 1222 1635 hostis:
1250 1585 1289 1635 et
1311 1569 1387 1633 illius

341 1660 457 1724 ‘etiam
472 1660 637 1726 benefacta
693 1649 866 1778 mensistb3
889 1659 984 1723 butus
1004 1657 1141 1722 amentia
1153 1655 1196 1720 ad
1210 1657 1387 1744 perniciem

341 1754 352 1784 ‘
364 1747 513 1811 tantumi
552 1747 600 1812 ius
615 1747 722 1812 veuit.

386 1770 551 1898 Omnialil
565 1833 775 1921 impetrabilia
789 1846 822 1899 et
836 1845 905 1898 tuta
919 1845 1008 1897 erant
1026 1855 1047 1896 a
1090 1831 1112 1896 d
1128 1829 1323 1896 Romanos:
1346 1831 1389 1894 in·

184 1935 329 2046 Tranquga·
341 1932 390 1985 ter
408 1920 492 2008 ipsos
513 1921 585 2072 pklus
607 1920 682 1985 belli
704 1944 740 1985 ac
762 1919 893 2008 periculi
908 1933 983 1984 erat
1065 1940 1179 2005 amque
1196 1919 1379 2068 transfugae
1379 1965 1387 1992 ,

182 2015 264 2048 ΠΙΠΙΘ
414 2008 421 2022 ⁰
642 2007 649 2022 ‘
746 2007 754 2021 ⁰
960 2007 966 2020 ⁸
1293 2006 1302 2018 ⁹
1318 2005 1325 2017 '
1361 2025 1388 2066 m

183 2077 323 2176 mm.
341 2007 516 2158 {tim
539 2030 678 2159 tutti
696 2019 1060 2181 tiptitttt'tt
1073 2019 1389 2178 diffinibilis

184 2191 278 2265 multas
290 2190 334 2254 Sy·
341 2195 500 2268 praetores
520 2181 658 2269 primum
680 2181 879 2257 obtnmcant,
902 2179 978 2244 inde
1000 2178 1042 2243 ad
1063 2105 1389 2266 caededrsbymm·

184 2269 283 2304 muas
341 2290 455 2333 norum
478 2267 675 2332 discurrunt:
700 2289 843 2355 quosque
865 2265 928 2330 fors
949 2264 1073 2342 obtulit,
1095 2265 1166 2328 irati
1189 2265 1388 2338 interfecere,

342 2367 438 2441 atquc
458 2355 573 2431 omnia,
589 2376 671 2440 quae
693 2355 727 2418 in
749 2365 897 2440 promptu
919 2365 1018 2428 erant,
1034 2351 1247 2438 diripuerunt.
1300 2351 1389 2424 Tum,

342 2463 383 2505 ne
409 2440 477 2504 sine
499 2440 633 2505 ducibus
655 2455 768 2518 essent,
791 2462 847 2504 sex
870 2440 1043 2527 praefectos
1066 2459 1223 2514 creavere,
1248 2451 1292 2503 ut
1314 2436 1390 2502 terni

343 2525 545 2592 Achradinae
561 2551 596 2592 ac
612 2527 700 2592 Naso
714 2539 902 2614 praeessent
950 2525 1067 2590 Sedato
1086 2523 1217 2588 tandem
1238 2523 1389 2598 tumultu,

343 2613 589 2698 exsequentibus
611 2613 798 2679 sciscitando
819 2611 1030 2688 mercenariis,
1046 2634 1127 2698 quae
1144 2622 1217 2676 acta
1231 2634 1315 2676 cum
1332 2611 1407 2675 Res

345 2699 446 2763 manis
460 2713 574 2776 essent,
586 2699 725 2766 dilucere
741 2700 785 2778 id,
797 2700 885 2788 quod
900 2713 976 2776 erat,
992 2699 1113 2786 coepit3
1137 2696 1233 2761 aliam
1250 2721 1347 2763 suam
1360 2720 1390 2760 ac

278 2828 286 2845 .
344 2785 544 2872 perfugarum
567 2809 692 2850 causam
714 2809 790 2852 esse.
841 2786 881 2851 In
903 2799 1045 2886 tempore
1074 2784 1169 2871 legati
1191 2807 1214 2847 a
1236 2783 1390 2850 Marcello

343 2871 516 2950 redierunt,
538 2871 615 2937 falsa
639 2896 693 2938 eos
715 2874 891 2960 suspicione
914 2874 1059 2937 incitatos
1084 2885 1317 2950 memorantes,
1339 2891 1390 2934 nec

344 2981 470 3024 causam
499 2960 696 3060 expetendae
725 2982 847 3046 poenae
873 2982 982 3024 eorum
1008 2959 1103 3023 ullam
1129 2957 1296 3022 Romanis
1320 2980 1388 3023 esse.

345 3045 423 3111 Erat
448 3069 489 3110 ex
515 3047 615 3111 tnbus
638 3046 841 3111 Achradinae
864 3045 1028 3133 praefectis
1053 3044 1228 3131 Hispanae,
1249 3043 1390 3112 Mericus

343 3133 482 3197 nomine.
528 3132 584 3197 Ad
608 3155 681 3198 eum
705 3132 789 3198 inter
811 3133 942 3198 comites
966 3131 1140 3219 legatorum
1166 3130 1208 3194 de
1236 3131 1391 3196 industris

344 3242 427 3284 unus
441 3243 483 3284 cx
499 3218 715 3306 Hispanorum
729 3219 933 3284 auxiliaribus
950 3232 999 3284 est
1020 3219 1147 3282 missus:
1173 3218 1243 3304 qui,
1259 3219 1335 3284 sine
1350 3240 1389 3282 ar·

345 3306 433 3370 bitris
457 3305 615 3371 Mericum
639 3319 759 3384 nactus,
806 3306 931 3382 fimum,
956 3328 1020 3392 quo
1046 3305 1081 3369 in
1103 3315 1188 3369 statu
1210 3303 1388 3392 reliquisset

345 3390 544 3480 Hispaniam,
560 3391 608 3475 (et
622 3416 725 3493 nuper
738 3329 813 3458 inde
829 3391 972 3479 venerat)
986 3391 1126 3479 exponit.
1165 3388 1318 3457 ‘Omnia
1333 3391 1387 3455 Ro·

346 3481 465 3544 ‘manis
484 3479 528 3543 ibi
548 3480 684 3544 obtineri
699 3480 801 3544 armis
847 3479 943 3544 Posse
965 3501 1050 3555 eum,
1066 3479 1092 3542 si
1114 3499 1230 3566 operae
1253 3480 1404 3565 pretinm?

346 3565 466 3644 ‘faciat
482 3565 656 3666 principem
679 3566 878 3654 popularium
896 3589 980 3631 esse:
1006 3587 1062 3630 seu
1082 3564 1217 3628 militare
1233 3587 1315 3630 cum
1332 3565 1387 3630 Ro

345 3653 475 3731 imanis,
498 3676 555 3718 seu
577 3675 612 3717 1n
636 3655 771 3741 patriam
796 3655 910 3719 reverti
932 3653 1037 3717 libeat.
1085 3650 1216 3727 Contra,
1245 3651 1274 3715 si
1303 3650 1386 3716 malle

178 373 213 425 Ua

178 439 209 489 A.

378 3937 391 3987 5
410 3927 538 3987 Ostendat]
562 3927 642 3990 Magis
661 3930 743 3991 placet
760 3927 850 3977 intelli·
914 3926 1094 3977 samaraeo
1104 3927 1278 3988 wmarus]
1300 3927 1387 3976 vasen

345 4004 401 4052 gere
413 3991 512 4038 verbum
528 3994 636 4042 mundat
651 3994 681 4040 de
697 3995 766 4053 urbe,
776 4007 850 4055 quam
882 3994 1047 4050 mercenariis,
1057 4005 1120 4052 quae
1131 3990 1156 4038 in
1167 4003 1219 4038 aas.
1232 3991 1317 4050 deest,
1323 4003 1387 4053 qum

346 4053 378 4101 de
389 4053 469 4114 iisqui
480 4053 505 4102 in
517 4069 572 4103 eam
583 4056 699 4105 venerint.
722 4057 851 4106 Credimus
882 4061 965 4104 tamen
982 4055 1141 4104 necessariam
1157 4068 1208 4104 esse
1224 4053 1325 4104 iudicat
1338 4055 1387 4104 Orc

345 4116 420 4180 igitur
429 4133 526 4166 sensum
538 4135 603 4168 esse:
621 4120 851 4182 ita'ut‚qnic1mque
883 4119 949 4180 vien,
961 4119 1052 4169 delerit
1064 4119 1170 4168 Beklrer.

345 4181 371 4228 in
390 4197 444 4230 cem
461 4185 533 4242 terra,
549 4183 686 4244 quicunque
703 4184 764 4232 mari
781 4201 851 4232 rene·
917 4195 931 4246 7
946 4187 974 4233 St
985 4199 1073 4248 operae
1080 4185 1188 4246 pretium
1193 4184 1294 4244 sacia]
1314 4183 1340 4232 Si
1350 4181 1387 4231 ali

345 4245 402 4304 rint,
413 4245 447 4294 eie
458 4245 502 4294 illa
512 4247 634 4304 ostendat,
644 4259 709 4294 nunc
725 4253 808 4295 nostra
820 4249 851 4296 de
883 4247 942 4310 quid
956 4263 982 4295 m
1030 4263 1073 4296 um
1083 4247 1174 4304 ἠοίης
1189 4247 1209 4294 si
1220 4254 1334 4308 praestet
1345 4248 1387 4295 aa

346 4309 535 4362 Atheniensibus
563 4309 851 4372 Carthaginiensibusque
883 4312 993 4360 mauiso
1021 4311 1095 4372 cium,
1111 4311 1176 4373 quod
1192 4309 1223 4358 sit
1236 4312 1328 4373 inopi
1344 4325 1387 4360 mr·

345 4376 453 4432 tropaea,
464 4388 530 4422 nunc
540 4383 584 4421 tua
595 4373 626 4421 de
637 4372 714 4422 nobis
731 4373 813 4423 cerv.
884 4375 968 4424 menti.
984 4377 1066 4425 (ἷκεν.
