2888 4768
331 199 425 266 LIB.
451 201 579 267 XXIV.
612 201 723 268 CAP.
746 208 799 270 47.
1019 211 1083 274 225

22 377 27 390 ·
64 358 183 441 Mae,
197 349 232 402 et
250 359 292 402 ex
311 337 460 403 interiore
480 352 568 426 pmte
588 339 620 406 vi
639 339 773 405 claustra
792 339 961 427 refringere
983 341 1080 420 iubet,
1092 361 1166 410 Μ.
1182 373 1237 425 ssu

2 401 57 526 gg
76 437 242 526 &tenentes
265 437 386 511 partem
411 425 496 490 mbis
520 448 619 492 comu
642 427 768 527 signum
791 426 875 504 dare,
901 441 936 492 ut
958 441 1080 494 ceterae
1090 428 1120 476 A.
1136 426 1166 475 0·
1182 439 1237 486 ²¹3·

0 510 1081 687 resparserunt

42 684 207 769 agentibus
219 684 286 749 fore
302 685 475 762 videbatur,
490 684 525 748 id
543 685 679 750 maxime
700 687 741 750 ad
758 685 853 751 fallen
876 709 930 752 um
949 687 1078 753 adiuvit.

42 767 157 849 Imber,
169 771 209 836 ab
222 783 315 836 nocte
330 770 436 836 media
448 784 582 850 coortus,
594 771 740 837 custodes
749 772 932 860 vigilesque,
945 773 1080 874 dilapsos

42 878 59 919 e
80 857 276 934 stationibus,
296 857 453 944 suffugere
477 857 511 922 in
535 871 618 924 tecta
640 859 762 958 coegit:
786 859 954 947 sonituque
976 883 1080 948 pnmo

41 941 71 1005 la
109 943 182 1007 ‘oris
204 943 358 1031 procellae
383 944 549 1031 strepitum
572 944 771 1010 molientium
792 959 916 1032 portam
937 947 1080 1012 exaudiri

41 965 221 1115 prffiibuiu
253 1030 369 1096 lentior
393 1029 509 1095 deinde
535 1031 678 1132 esquelio
716 1055 756 1096 ue
783 1033 928 1098 accidens
952 1033 1080 1098 auribus

41 1136 188 1204 magnam
204 1131 327 1204 partem
345 1116 510 1182 bominum
530 1118 653 1206 soprvit
678 1055 870 1207 ¹i'ostquam
890 1133 1012 1206 portam
1033 1134 1122 1186 tedet
1133 1135 1207 1198 capit.

40 1221 189 1281 nuenmt,
216 1203 389 1270 cornicines
414 1204 448 1267 in
478 1203 529 1268 via
560 1205 687 1292 paribus
716 1205 885 1270 intervallis
913 1205 1079 1294 dispositos

40 1312 153 1355 canere
176 1289 296 1369 iubent,
319 1302 356 1354 ut
378 1289 537 1356 consulem
560 1291 711 1357 excirent
757 1291 797 1355 Id
820 1292 875 1356 ubi
896 1291 1014 1358 fictum
1038 1316 1079 1358 ex

38 1377 221 1528 iiiiii
235 1378 406 1530 {tabat
431 1377 538 1528 eiiii
558 1377 669 1530 3⁰33}
688 1378 864 1530 iubibii
877 1379 1079 1533 Arist?
1133 1463 1174 1528 4⁷

38 1572 127 1614 mum
147 1486 253 1616 hbestes
271 1551 401 1616 excitati
416 1487 503 1626 iiiut,
519 1551 582 1616 iam
601 1565 634 1616 et
652 1487 759 1616 imbibr
772 1552 1025 1640 conquiescente,
1046 1567 1079 1618 et

38 1637 219 1725 propinqua
249 1637 329 1703 luce.
373 1636 570 1702 Praesidium
602 1638 637 1702 in
668 1639 746 1702 urbe
778 1652 846 1704 erat
879 1638 1077 1719 Hannibalis,

38 1724 183 1810 quinque
198 1723 296 1788 millia
309 1723 406 1789 ferme
421 1737 609 1789 armatorum
623 1748 631 1788 ε
654 1736 687 1789 et
701 1725 761 1812 ipsi
776 1725 893 1813 Arpini
907 1726 966 1792 tria
980 1725 1078 1792 millia

37 1809 205 1874 hominum
225 1811 397 1876 armabant
444 1809 508 1876 Eos
522 1811 640 1898 primos
654 1809 765 1888 Poeni,
781 1834 822 1876 ne
836 1812 916 1899 quid
934 1815 975 1879 ab
989 1826 1078 1901 tergo

36 1895 158 1960 fraudis
178 1913 269 1976 esset,
283 1897 366 1963 hosti
386 1911 609 1998 opposuerunt
654 1896 836 1984 Pugnatum
855 1899 957 1986 primo
976 1900 1011 1964 in
1031 1913 1078 1966 te·

36 1983 145 2048 nebris
164 1984 365 2072 angustisque
380 1983 438 2048 virs
455 1997 511 2050 est
559 1983 669 2060 Quum
685 1983 823 2053 Romani
842 2007 907 2049 non
926 1984 990 2050 vias
1010 1998 1078 2050 tan·

37 2082 116 2148 term,
133 2069 189 2136 sed
208 2084 291 2137 tecta
308 2071 405 2136 etiam
423 2071 568 2158 proxima
586 2083 705 2158 portae,
721 2083 935 2158 occupassent,
950 2094 992 2136 ne
1011 2071 1078 2159 peti

34 2179 173 2244 superne
188 2180 224 2221 ac
238 2157 395 2222 vulnerari
411 2171 559 2244 possent:
582 2155 701 2244 cogniti
720 2156 803 2222 inter
821 2179 854 2222 se
869 2157 1000 2244 quidam
1014 2157 1077 2224 Ar-
1086 2167 1184 2244 espiers
1194 2170 1230 2232 io

34 2243 170 2331 pinique
185 2257 218 2309 et
234 2243 391 2320 Romani3
414 2257 509 2331 atque
527 2243 602 2308 inde
617 2243 775 2330 colloquia
787 2258 899 2331 coepta
912 2244 990 2322 fieri,
1005 2247 1116 2332 per-⁸¹⁸
1126 2234 1193 2346 ἵζ’·

34 2329 258 2396 cunctantibus
276 2329 438 2408 Romanis,
454 2330 532 2418 quid
552 2329 611 2394 sibi
625 2329 788 2396 vellentA
828 2329 899 2396 ini?
920 2353 1015 2418 quam
1035 2333 1076 2398 ob
1085 2312 1131 2345 '⁵¹¹
1168 2313 1203 2346 Μ

9 2437 154 2485 3noxam
181 2416 407 2493 Romanorum,
432 2416 520 2504 quod
548 2429 603 2482 aut
628 2417 775 2482 meritum
791 2353 990 2494 'poenorum
1010 2441 1076 2570 lpro

33 2503 221 2591 alienigenis
241 2527 279 2569 ee
300 2503 446 2582 barbaris,
463 2503 565 2568 Italici
586 2503 733 2569 adversus
752 2516 874 2568 veteres
895 2504 994 2570 socios
1042 2529 1076 2571 o-

8 2612 146 2659 4manos
175 2590 293 2655 bellum
323 2603 477 2678 gererent,
504 2604 537 2656 et
561 2589 746 2678 vectigalem
776 2613 812 2656 ac
841 2590 1076 2678 stipendiariam

32 2675 162 2742 Italiam
188 2676 314 2742 Afficae
340 2677 503 2743 facerent?
558 2677 688 2765 Arpinis
713 2676 927 2764 purgantibus,
951 2677 1076 2766 ignaros

32 2763 180 2827 omnium
200 2785 233 2828 se
253 2785 370 2829 renum
392 2786 413 2829 a
433 2763 628 2851 principibus
647 2763 739 2828 datos
755 2763 875 2841 Poeno,
890 2779 998 2852 captos
1019 2789 1077 2853 op·

31 2872 219 2937 pressosque
234 2873 254 2915 a
267 2851 375 2938 paucis
389 2873 465 2916 esse.
510 2849 607 2915 Initio
624 2863 703 2928 orto,
718 2849 824 2937 plures
841 2873 914 2914 cum
934 2851 1076 2938 pluribus

31 2934 181 3023 colloqui.
225 2936 390 3001 Postremo
431 2949 533 3002 raetor
547 2935 689 3024 Arpinus
710 2937 749 3000 ab
768 2935 833 3000 suis
854 2935 895 3000 ad
913 2938 1074 3002 consulem

33 3021 211 3099 deductus;
242 3022 369 3110 fideque
435 3036 468 3086 te
489 3022 685 3108 intersigna
706 3022 861 3108 aciesque,
885 3021 1002 3109 Arpini
1025 3045 1074 3088 re-

31 3121 133 3196 pcnte
156 3131 215 3196 pro
237 3108 390 3174 Romanis
411 3109 558 3173 adversus
581 3106 875 3208 Carthaginiensem
897 3130 985 3172 arma
1005 3131 1075 3174 rer-

32 3206 152 3260 terunt
206 3194 341 3282 Hispani
371 3217 508 3283 quoque,
535 3193 641 3280 paullo
670 3216 776 3258 manus
803 3193 889 3257 mille
918 3193 1073 3272 homines,

31 3280 118 3346 nihil
142 3294 302 3368 praeterea
326 3304 399 3347 cum
425 3279 553 3345 consule
579 3280 673 3367 pacti,
695 3301 792 3367 quam
818 3291 855 3343 ut
875 3279 942 3344 sine
963 3281 1072 3347 fraude

31 3367 195 3432 Punicum
217 3369 414 3468 emitteretur
434 3365 637 3468 praesidium,
659 3366 700 3431 ed
724 3363 886 3431 consulem
907 3366 1074 3469 transtule-

28 3467 111 3606 {iffi
125 3452 889 3627 ffluiffitflffitsttpttbffi
904 3475 1072 3607 iffi

30 3739 120 3774 vocem
132 3731 299 3788 transponens,
310 3727 364 3774 loco
375 3726 439 3774 mele
449 3726 537 3774 affecto
569 3734 623 3787 eut,
634 3729 676 3776 sed
687 3727 713 3774 in
724 3741 775 3776 resa
787 3726 886 3789 optimis
896 3733 984 3778 exstat.

29 3805 173 3840 succurrere
183 3795 283 3840 conatur
294 3790 414 3848 Roellius,
427 3791 538 3854 legendo,
597 3810 612 3852 4
626 3793 767 3854 Vectipelem
775 3807 805 3840 eo
812 3793 1007 3854 snpmsdioriam]
1017 3791 1073 3842 Sae-

29 3856 68 3902 ad
88 3870 141 3902 cam
159 3861 256 3916 pwtarn
275 3856 347 3904 melia
365 3856 439 3916 prius
459 3861 537 3904 trene-
570 3869 602 3917 pe
615 3855 817 3905 baeduaevoces
827 3857 913 3904 eodem
924 3872 1073 3906 sensuusru·

28 3933 126 3980 presses
145 3935 243 3967 mamm
261 3933 380 3980 perpere.-
401 3933 450 3968 non
472 3917 537 3966 enim
570 3925 668 3980 pennu,
683 3927 711 3968 ut
728 3919 782 3968 infr.
799 3920 891 3970 xxxvii
907 3933 945 3984 55.
978 3921 1073 3972 Tamen
1151 3979 1155 3986 ¹

31 3981 102 4044 prius
110 3987 229 4043 portame
261 3981 425 4042 riebertdein
433 3983 539 4031 claustra
569 3981 735 4032 siaecuratam
746 3984 918 4047 proprietatem
927 3986 1073 4048 quaerimus,

30 4045 203 4108 reb-ingobert.
248 4059 308 4096 aaa.
570 4048 973 4111 sediffenmtquodrtipmde'orii
986 4052 1073 4100 santii

67 4124 82 4171 3
99 4111 223 4168 Οιιοάαω
232 4111 357 4170 mser]
377 4109 446 4168 Quod
457 4117 538 4160 eutem
569 4112 612 4172 qui
626 4119 719 4162 certum
736 4113 853 4174 pecumee
869 4114 1014 4163 fmmenuve
1029 4121 1073 4162 aut

31 4175 62 4222 οὸ
80 4177 194 4222 medeam
212 4189 244 4222 ex
263 4175 317 4223 cod.
335 4173 389 4224 Pal.
407 4189 429 4223 a.
447 4174 539 4236 recepit
570 4176 699 4225 cuiuslibet
706 4175 741 4225 roi
748 4177 849 4225 modam
859 4179 964 4238 pendere
972 4179 1073 4234 debent:

31 4236 137 4298 stratu,
146 4239 263 4300 probante
272 4238 380 4288 Dukero.
404 4239 501 4296 modos
511 4241 539 4288 ob
570 4243 697 4302 nomana
703 4241 749 4302 qni
760 4242 889 4300 incertum,
899 4257 921 4290 e.
927 4257 950 4304 g.
959 4243 1075 4291 decumas

31 4305 146 4350 mum
172 4300 247 4352 Doer.
278 4303 406 4366 legendum
438 4303 538 4352 mavult.
571 4304 701 4356 stamnum.
723 4305 890 4366 stupent
903 4319 941 4365 41.
960 4305 1041 4356 Cur.

34 4365 128 4414 Durior
149 4363 247 4426 quidem
268 4367 361 4416 ridettn
384 4366 457 4416 lectio
476 4369 540 4431 qaod

77 4449 153 4493 VOL.
170 4449 204 4493 11.
881 4451 903 4502 Q
