2874 4772
314 217 410 284 LIB.
434 217 582 284 XXVII.
616 218 726 285 CAP.
751 223 802 284 20.
1023 219 1085 281 365

40 351 156 440 Scipio,
175 353 284 418 castris
301 353 438 418 hostium
460 355 589 440 potitus,
606 376 706 440 quum
723 367 850 441 praeter
870 353 970 418 libera
983 352 1088 438 capita
1097 367 1131 416 U.
1143 367 1172 417 c.
1186 381 1240 429 543·

37 461 165 504 omnem
181 439 330 526 praedam
347 440 499 504 militibus
513 442 726 518 concessisset,
742 441 777 505 in
796 439 999 506 recensendis
1013 433 1126 544 cap-1¹2·
1144 433 1174 480 0·
1187 446 1241 494 ²09·

38 527 113 590 tivis
134 524 246 590 decem
269 526 369 590 millia
392 526 547 613 peditum,
571 527 636 591 duo
661 527 761 592 millia
783 527 927 614 equitum
954 497 1229 622 ἱιῃνεῐιιῐ.ω’ἷζξῖῗρι

39 613 97 677 Ex
112 612 149 676 iis
167 611 328 700 Hispanos
348 613 416 677 sine
434 613 538 699 pretio
553 635 664 678 omnes
678 613 809 678 domum
830 612 967 678 dimisit:
992 611 1088 676 Afros

37 699 176 763 vendere
207 711 406 784 quaestorem
430 699 528 764 iussit.
587 697 787 765 Circumfusa
810 699 885 764 inde
915 697 1088 764 multitudo

39 785 267 870 Hispanorum,
284 797 406 850 stante
421 785 613 864 deditorum,
625 798 659 850 et
695 786 774 851 ridie
790 799 964 873 captorum,
979 807 1087 871 regern

39 895 116 937 eum
130 871 252 958 ingenti
268 894 423 936 consensu
434 872 612 959 appellavit.
659 809 745 937 'lpum
763 872 878 960 Scipio,
890 872 1017 936 silentio
1032 893 1089 958 per
1097 883 1180 947 Scipio
1192 900 1229 932 ve

13 979 231 1045 rpraeconem
245 958 338 1036 facto,
355 958 434 1023 ‘sibi
453 960 627 1023 maximum
645 981 765 1024 nomen
784 959 982 1046 imperatoris
1002 954 1133 1034 csse‚’tat
1144 964 1215 997 Μ

39 1044 134 1122 dixit,
159 1053 243 1131 ‘quo
269 1066 302 1108 se
328 1044 445 1109 milites
469 1046 520 1109 sui
542 1069 561 1110 a
583 1044 760 1133 pellassent
807 1045 948 1130 Regium
970 1028 1205 1138 υοωεῃξξῗῖαᾜ)

40 1130 140 1196 ‘alibi
164 1152 325 1217 magnum,
350 1129 472 1196 Romae
498 1068 696 1198 intolerabile
720 1155 797 1198 esse.
844 1131 999 1220 Regalem
1022 1130 1091 1194 sni-

39 1227 150 1282 ‘mum
175 1217 210 1280 in
231 1239 265 1282 se
287 1239 364 1294 esse,
387 1217 413 1281 si
436 1217 471 1281 id
494 1218 527 1281 in
551 1219 689 1284 hominis
710 1219 840 1306 ingenio
862 1217 1089 1306 amplissimum

40 1312 53 1342 ‘
65 1303 228 1380 ducerent,
240 1303 334 1368 tacite
346 1303 525 1370 iudicarent
532 1327 541 1381 ;
559 1307 646 1370 vocis
660 1307 865 1393 usurpatione
876 1303 1091 1370 abstinerent'

42 1389 178 1456 Sensere
188 1390 284 1455 etiam
297 1390 422 1456 barbari
433 1390 686 1478 magnitudinem
702 1394 814 1470 animi3
837 1393 928 1456 cuius
939 1389 1090 1456 miraculo

11 1503 29 1536 α
41 1476 183 1543 nominis
197 1477 251 1541 alii
269 1475 415 1541 mortales
432 1489 606 1564 stuperent,
621 1477 656 1543 id
675 1501 717 1544 ex
734 1491 800 1544 tam
817 1478 881 1543 alto
898 1477 1022 1564 fastigio
1041 1499 1090 1540 ss-

87 1562 214 1628 mantia
260 1562 358 1627 Dona
372 1561 447 1628 inde
467 1563 584 1664 regulis
598 1564 857 1652 principibusque
873 1564 1090 1651 Hispanorum

40 1587 153 1726 divisa,
176 1661 210 1714 et
238 1671 280 1714 ex
303 1671 418 1736 magna
439 1673 477 1714 co
501 1673 532 1714 ra
556 1662 720 1739 captorum
745 1675 763 1716 e
787 1673 901 1716 uorum
923 1663 1090 1727 trecentos,

69 1757 126 1800 uos
149 1735 254 1814 vellet,
279 1735 395 1822 eligere
422 1673 593 1802 Indibilem
614 1738 712 1802 iussit.
761 1675 872 1814 {uum
896 1737 992 1803 Afros
1014 1759 1092 1801 ven·

42 1760 137 1886 deret
150 1821 235 1887 iussu
250 1821 447 1908 imperatoris
462 1836 619 1909 quaestor,
630 1847 764 1910 puerum
780 1823 925 1889 adultum
940 1825 1092 1887 intereos

41 1909 146 1973 forma
154 1907 280 1995 insigni,
290 1931 392 1995 quum
400 1908 538 1973 audisset
547 1911 625 1996 regii
634 1910 759 1996 generis
768 1932 846 1988 esse,
856 1910 896 1974 ad
910 1908 1092 1996 Scipionem

43 1994 140 2058 misit
188 1993 296 2069 Quem
310 2017 411 2080 quum
425 2008 684 2083 percunctaretur
699 1995 752 2062 Sci
775 1997 816 2073 io,
833 1997 934 2082 ‘quis,
949 2009 982 2060 et
996 1996 1091 2072 cuias,
1102 2010 1210 2085 Maura

43 2090 101 2145 ‘et
121 2103 178 2145 cur
198 2080 233 2145 id
256 2083 367 2146 aetatis
389 2081 424 2144 in
445 2081 554 2146 castris
575 2081 707 2146 fuisset?
730 2019 906 2147 blumidam
929 2083 1017 2158 esse,'
1038 2081 1092 2159 air,
1102 2075 1221 2123 Numrda

43 2165 241 2232 ‘Massivam
265 2165 434 2254 populares
455 2190 578 2233 vocare.
626 2167 751 2234 Orbum
780 2191 800 2232 a
824 2181 912 2255 patre
936 2169 1092 2245 relictum,

11 2253 154 2340 3‘epud
173 2267 352 2318 maternum
370 2276 465 2318 avum
481 2253 606 2334 Galam,
624 2277 730 2342 regern
751 2253 976 2332 Numidarum,
996 2253 1094 2319 educ·

43 2348 146 2417 ‘turm
168 2362 242 2405 cum
264 2339 421 2405 avunculo
444 2339 622 2418 Masinissa,
645 2341 702 2428 qui
727 2364 831 2429 nuper
852 2363 926 2406 cum
949 2341 1094 2428 equitatu

43 2425 210 2491 ‘subsidio
231 2425 549 2513 Carthaginiensibus
570 2427 715 2506 venisset,
734 2428 768 2492 in
791 2427 980 2528 Himaniam
1001 2428 1094 2492 traie-

43 2521 56 2551 ‘
68 2513 158 2578 cisse.
204 2512 405 2577 Prohibitum
416 2527 547 2600 propter
561 2526 726 2578 aetatema
741 2513 918 2591 Masimssa,
928 2537 1093 2602 nunquam

43 2608 57 2646 ⁶
67 2611 142 2664 ante
157 2599 313 2686 proelium
335 2599 450 2664 iniisse.
497 2598 547 2664 Eo
568 2599 631 2677 dio,
647 2624 712 2688 quo
731 2613 907 2689 pugnaturn
929 2623 1003 2666 cum
1026 2601 1094 2666 Ro-

11 2686 170 2762 4‘manis
184 2699 276 2762 esset,
291 2686 391 2750 inscio
406 2686 573 2764 avunculo,
588 2685 670 2752 clam
685 2687 779 2752 armis
793 2709 941 2775 equoque
956 2701 1093 2775 sumpto,

43 2773 106 2836 ‘in
128 2773 227 2837 aciem
248 2771 367 2836 exisse:
391 2771 446 2850 ibi,
458 2772 604 2861 prolapso
624 2797 708 2861 equo
725 2775 862 2840 effusum
879 2775 914 2838 in
933 2796 1094 2862 praeceps,

43 2868 197 2944 ‘captum
212 2859 252 2924 ab
268 2858 422 2923 Romanis
436 2859 523 2923 esse!
568 2858 685 2947 Scipio,
697 2883 798 2948 quum
813 2861 964 2925 asservari
978 2859 1096 2924 Numi·
1105 2871 1251 2947 Remittitur

41 2945 125 3010 dam
147 2945 297 3022 iussisset,
324 2967 405 3031 quae
431 2967 489 3031 pro
516 2945 665 3010 tribunali
691 2946 815 3033 agenda
839 2959 939 3024 erant,
961 2936 1255 3047 peragitzdsml'ml‘·

41 3030 143 3108 Inde,
172 3053 272 3119 quum
297 3053 331 3096 se
357 3031 391 3094 in
420 3032 612 3118 praetorium
637 3033 815 3118 recepisset,
846 3044 994 3096 vocaturn
1023 3014 1246 3112 eumluuffiffii

41 3121 118 3184 inte
211 3132 233 3196 t,
250 3116 405 3182 ‘velletne
415 3116 456 3181 ad
471 3116 672 3181 Masinissam
684 3119 833 3183 revertii’
858 3117 979 3196 Quum,
991 3118 1098 3184 effirsis
1106 3126 1204 3176 nsum.

41 3203 168 3293 gaudio
212 3205 328 3281 crimis,
342 3197 472 3290 ‘cripere
487 3203 730 3281 vero,’diceret;
755 3217 823 3269 tum
832 3227 933 3291 puero
944 3204 1097 3270 annulum

42 3313 193 3368 aureum,
210 3290 349 3356 tunicam
369 3288 433 3354 lato
451 3289 549 3366 clavo,
564 3311 638 3353 cum
662 3288 807 3377 Hispano
826 3290 935 3378 sagulo
953 3305 986 3356 et
1002 3314 1098 3357 aurea

42 3375 159 3454 fibula,
171 3399 354 3465 equumque
370 3391 516 3441 omarum
532 3374 639 3453 donat,
651 3375 805 3464 iussisque
820 3378 979 3465 prosequi,
991 3378 1097 3466 quoad

42 3461 157 3541 vellet,
172 3485 191 3528 e
215 3464 344 3540 ultibus,
360 3461 486 3526 dimisit

95 3548 149 3614 De
172 3487 256 3615 bello
278 3547 354 3613 inde
376 3548 543 3613 consilium
565 3549 718 3614 habitum.
764 3549 816 3628 Et,
832 3551 1013 3618 auctoribus
1027 3553 1099 3641 qui·
1155 3560 1207 3620 20.

86 3811 96 3844 r
118 3798 214 3845 Nomen
224 3796 384 3858 Imperatorio
479 3809 562 3858 queso
627 3797 700 3843 sEs
716 3802 766 3843 tam
782 3797 831 3844 olto
840 3797 957 3858 sastlpio]
979 3796 1101 3853 Quesiex

41 3862 194 3911 militumi
209 3860 386 3921 appellassent]
410 3857 562 3906 Hicnomen
594 3859 1101 3926 altodespicientisbuiusnominismagni·

42 3925 213 3986 Imperatoris
222 3922 393 3984 accipiendum
401 3927 447 3981 est,
454 3937 501 3970 non
512 3923 562 3970 vnl-
594 3923 716 3984 tudinem,
726 3924 794 3972 velut
803 3923 867 3971 intra
877 3939 903 3972 se
914 3924 1026 3986 positam.

42 3989 103 4052 gari
115 4003 187 4035 sensu
197 3987 314 4048 produce
325 3993 423 4034 tautum
435 3986 563 4046 exereitus,
629 3989 796 4050 3Eduotam]
829 3987 897 4036 Editi
921 3991 993 4052 vulgo
1014 3993 1101 4040 educe

43 4053 95 4104 sed
115 4053 283 4113 proeoduce,
294 4050 345 4112 qui,
355 4049 466 4098 hostibus
475 4064 563 4111 magno
596 4058 654 4100 tum.
687 4051 736 4100 Sed
753 4051 838 4100 Livius
853 4067 919 4115 supr.
935 4053 985 4103 xxi.
1003 4069 1042 4115 43.
1058 4056 1102 4101 Aa

43 4115 150 4182 proelio
156 4115 246 4172 fusiss
254 4113 374 4161 militibus
380 4116 518 4175 Imperator
528 4129 564 4161 ss·
595 4131 641 4174 me,
651 4117 679 4163 a'a
687 4119 810 4178 praeterio
818 4119 917 4180 patris.
930 4154 936 4167 .
948 4153 955 4166 .
965 4119 1085 4166 educatum.

43 4183 150 4231 lutatus
161 4184 209 4228 ast:
223 4181 305 4240 prisco
315 4193 375 4238 erpa
385 4177 565 4236 «lucubrum,
633 4181 807 4239 4Avunoulo]
832 4181 862 4229 cf.
879 4181 939 4230 lust.
959 4177 1042 4226 xxviii.
1064 4189 1102 4236 35.

43 4243 137 4304 inquit
159 4242 219 4291 Tac.
238 4243 303 4290 Anu.
325 4239 360 4289 iii.
383 4252 420 4302 74.
442 4241 485 4303 qai
507 4242 565 4290 beas
598 4241 640 4289 ubi
659 4241 789 4291 Masinissa
808 4258 834 4292 ss
850 4249 965 4304 patruum
982 4237 1104 4288 Massivae

39 4315 122 4372 qesta
138 4307 265 4368 republica
279 4305 371 4368 perdia
386 4309 409 4353 et
425 4307 517 4366 impetu
531 4307 565 4353 oi·
598 4304 734 4366 profitetur,
743 4313 772 4354 ut
783 4306 824 4368 qui
837 4305 912 4367 patris
921 4304 996 4352 frater
1005 4306 1075 4350 esser.

42 4372 128 4424 croada
139 4371 261 4420 arnoltus
271 4369 491 4419 eorrolumabuntar.
507 4367 554 4418 Gn.
