2888 4768
203 726 508 812 EPITOME
551 725 743 811 LIBRI
786 722 928 808 XXV.

472 1029 669 1066 ...4-

54 1271 89 1334 Ρ.
109 1271 389 1337 CORNELIUS
408 1271 578 1348 SCIPIO,
591 1281 698 1356 postea
712 1270 893 1356 Africanus,
909 1278 979 1333 unte
997 1291 1093 1334 annos

54 1360 152 1422 cedias
174 1361 287 1443 factus
319 1369 370 1424 est.
430 1359 593 1422 Hannibal
626 1359 727 1421 urbem
764 1358 940 1434 Tarentum,
968 1367 1094 1442 praeter

55 1467 156 1523 urcem,
179 1450 212 1510 in
238 1469 330 1532 quam
349 1447 536 1531 praesidium
561 1445 767 1508 Romanorum
781 1446 922 1530 ficqerat,
941 1466 1000 1529 per
1028 1444 1094 1507 Ta·

55 1537 178 1596 reatinos
193 1535 321 1609 iurares,
337 1535 390 1618 qui
403 1555 433 1596 se
447 1542 536 1596 noctu
550 1541 689 1594 venatum
704 1533 748 1594 r’re
764 1532 990 1608 simulaverant,
1006 1532 1091 1616 cepit.

55 1617 134 1681 Ludi
154 1621 350 1706 Apollinares
374 1643 410 1682 ee
434 1619 554 1682 Marcii
576 1619 767 1696 camninibus,
791 1619 898 1704 quibus
928 1618 1094 1683 Cannenses
1192 1623 1194 1627 ’

55 1705 147 1768 clades
163 1707 325 1791 praedicta
337 1707 457 1789 fuerat,
473 1707 604 1768 irutitutr‘
623 1715 701 1768 sunt.
746 1705 779 1769 A
805 1704 967 1782 Quoue
988 1705 1092 1788 etAp.

60 1791 182 1856 Claudio
211 1793 380 1856 carmelitae
408 1794 552 1855 aduersus
580 1791 763 1855 Hannonem
791 1791 961 1854 Poenorum
990 1791 1094 1854 ducem

51 1900 189 1963 prospere
212 1890 386 1965 pupratum
415 1889 465 1942 est.
527 1879 576 1940 Ti.
608 1876 802 1962 Sempronius
835 1877 996 1942 Gracchus
1019 1897 1095 1961 pro·

56 1968 160 2043 consul,
176 1967 215 2030 ab
230 1969 343 2051 hospite
357 1988 411 2029 suo
424 1965 553 2029 Lucano
570 1965 602 2028 in
616 1966 743 2028 insidias
756 1965 909 2040 deductrcs,
924 1987 945 2026 a
960 1963 1095 2048 Macrone

57 2053 222 2135 interfhctns
244 2063 295 2116 est.
347 2052 503 2117 Centenius
522 2051 652 2127 Penula,
675 2053 729 2134 qui
749 2052 881 2113 centurio
902 2050 1093 2126 militaverat,

56 2159 140 2220 quum
148 2144 276 2225 petisset
289 2162 309 2202 a
324 2149 438 2216 senatu,
455 2149 490 2202 ut
505 2138 563 2200 siti
581 2139 725 2200 andem
739 2137 874 2212 daretur,
885 2137 1095 2221 pollicitumque

55 2237 129 2302 esset,
144 2229 172 2289 εἰ
185 2229 244 2290 ltoc
258 2229 451 2310 impetrasset,
466 2225 503 2287 de
516 2223 693 2287 Hannibale
706 2225 872 2299 victoriam,
888 2232 951 2285 octo
965 2221 1095 2285 millibus

56 2316 184 2396 acceptis,
201 2314 332 2377 militum
347 2313 409 2375 due
416 2313 536 2396 sactus,
552 2309 688 2394 confluit
703 2311 767 2372 acie
784 2331 851 2372 cum
866 2309 1051 2384 Hannibale,
1067 2318 1096 2372 et

56 2419 117 2461 cum
131 2403 263 2464 evercitu
277 2421 380 2463 caesus
394 2408 445 2462 est.
497 2397 552 2462 Gn.
564 2397 695 2461 Fulvius
710 2405 836 2481 praetor
855 2397 933 2459 male
952 2397 1096 2458 adverm

57 2483 257 2550 Hannibalem
277 2489 436 2571 puqnavit
481 2485 522 2548 In
547 2505 605 2570 qno
627 2483 744 2569 proelio
772 2483 924 2546 hominum
953 2483 1095 2546 sexdecim

57 2572 145 2636 millia
156 2574 345 2637 ceciderant:
362 2575 424 2658 e'pse
438 2593 505 2636 cum
520 2571 666 2657 equabus
679 2570 813 2634 ducenu's
827 2569 942 2656 efflauit.
986 2569 1096 2653 Capua

57 2657 164 2723 obsessa
179 2670 227 2725 eet
239 2683 260 2722 a
280 2660 439 2737 ammo
459 2669 488 2722 et
500 2659 562 2743 Ap.
579 2656 707 2722 Claudio
722 2656 898 2720 consulz‘bus.
949 2655 1097 2720 Claudius

57 2742 223 2811 Marcellus
240 2745 412 2832 Syracecsas
433 2747 616 2830 erpuynaoit
635 2765 715 2807 anno
736 2747 831 2820 tertio,
852 2753 882 2806 et
899 2745 1045 2828 iwanum
1066 2765 1097 2806 se

57 2832 149 2897 virum
171 2836 275 2920 pessit.
321 2833 361 2896 In
385 2854 418 2896 eo
443 2831 574 2896 mmultu
597 2831 680 2893 urbes
703 2840 810 2916 captae
829 2829 1032 2904 Archimedes,
1049 2830 1096 2892 in·

58 2923 148 2984 tentus
162 2923 291 3005 fotmus,
315 2942 392 3005 quas
414 2921 447 2982 r'n
465 2919 590 3004 pulvere
614 2917 821 3002 desc-repserat,
845 2916 1018 2999 interfectus
1043 2923 1094 2977 est.

58 3001 93 3064 P.
105 3015 133 3068 et
153 3008 211 3073 Cn.
227 3005 381 3091 Smpiones
400 3007 433 3069 in
452 3005 610 3088 Heepania
632 3012 676 3066 tot
695 3012 908 3088 tantarumque
928 3022 1030 3063 rerum
1042 3002 1097 3085 se·

59 3088 148 3155 liaur
157 3103 314 3179 pectorum
329 3095 442 3155 teuton
460 3095 570 3153 cantum
588 3089 741 3166 aarum
758 3111 855 3173 prope
873 3109 940 3150 cnm
960 3089 1029 3149 totis
1047 3109 1097 3149 ec-

58 3181 190 3245 mantue
218 3183 298 3243 caesi
321 3200 402 3242 anno
427 3187 539 3252 octavo,
563 3197 654 3261 quam
684 3178 716 3238 in
739 3175 927 3258 Heepam'am
957 3175 1095 3238 iverant:

59 3267 223 3354 omissaque
254 3269 317 3330 cius
345 3267 520 3350 prouinciae
544 3263 690 3347 possessio
710 3262 806 3345 soret,
833 3261 893 3324 nisi
918 3258 959 3323 L.
979 3259 1099 3324 Marcii

59 3355 158 3432 equitio
173 3355 308 3418 Romani
320 3355 430 3415 m'rtute
448 3359 478 3414 et
494 3349 655 3424 industria,
671 3350 832 3411 contractis
850 3349 1030 3410 exercituum
1050 3369 1098 3410 re·

59 3433 164 3520 lr'an‘is,
179 3441 308 3503 eiusmm
323 3439 455 3514 nomam,
467 3437 538 3500 bina
552 3443 655 3498 castro
669 3435 797 3498 hostium
811 3442 982 3519 enpnpnata
993 3442 1095 3497 essent.

59 3523 109 3584 Ad
121 3531 247 3614 tripinta
261 3535 369 3612 septem
383 3525 482 3589 nullia
500 3545 596 3599 caesa,
613 3523 657 3584 ad
674 3522 755 3586 mille
774 3524 952 3606 octinqentos
971 3521 1097 3604 triqinta

60 3616 145 3694 capu,
156 3615 277 3701 praeda
291 3616 394 3699 inperce
405 3621 507 3698 parta.
553 3609 632 3674 Dua
645 3609 788 3674 Marcius
802 3608 973 3693 appellatum
987 3616 1037 3670 est.
