2888 4768
402 248 462 309 198
727 251 730 260 '
787 236 898 304 ΤΙΤΙ
925 235 1061 303 LIVII

274 396 322 444 .c.
337 389 470 457 53s.stat‚
485 399 557 464 pars
568 398 608 440 ex
624 375 715 440 tectis
728 375 936 462 fenestrisque
950 385 1159 463 prospectant,
1174 389 1216 450 et,
1230 371 1304 459 quid
1317 371 1355 434 rei
1366 371 1401 444 sit,

269 459 322 509 ·⁰·
338 473 392 521 ²¹4·
401 464 548 550 rogitant.
596 461 714 528 Omnia
741 461 913 525 luminibus
941 461 1108 537 collucent,
1132 460 1318 546 strepituque
1339 457 1401 520 vario

401 549 607 637 complentur.
653 547 779 612 Armati
802 547 879 612 locis
948 547 1088 613 tentibus
1111 558 1344 634 congregantur:
1369 543 1402 606 in·

401 657 503 700 ermes
517 659 558 701 ex
571 634 614 701 Ol
668 634 713 722 pii
725 634 808 699 Iovis
823 647 943 722 tempo
957 634 1056 722 spolia
1069 633 1232 698 Gallorum
1244 631 1403 719 Illyricum-

423 745 475 799 ue,
490 722 576 788 dono
619 734 670 787 ata
688 719 858 786 Hieronis
875 721 994 809 populo
1016 721 1170 797 Romano,
1186 720 1308 804 fixaque
1322 717 1355 780 sb
1368 737 1402 791 eo,

401 745 582 885 detrahunt,
603 821 767 908 precantes
789 806 908 884 Iovem,
930 820 967 872 ut
985 805 1269 907 volensnpropitius
1289 802 1403 890 praebeat

401 891 1416 1078 ffiinffii‘’‘idiiiiiiidiudaiiiiildd‘iiiissipii2

402 1070 487 1154 cipes
515 1069 681 1156 regionum
710 1067 796 1130 urbis
824 1065 991 1154 dispositis,
1022 1066 1213 1152 adiungitur.
1263 1061 1300 1126 ln
1325 1058 1404 1124 lnsrla

401 1157 485 1218 inter
498 1167 603 1219 cetera
617 1151 867 1218 Andranodorus
880 1152 1042 1240 praesidiis
1056 1152 1160 1216 firmat
1174 1151 1285 1216 horrea
1301 1146 1402 1245 publica

402 1239 516 1316 Locus,
531 1263 607 1304 saxo
640 1239 771 1304 undrato
785 1253 919 1325 saeptus,
932 1251 1026 1327 atque
1037 1239 1116 1303 arcis
1126 1239 1160 1302 in
1174 1235 1303 1302 modum
1313 1253 1405 1298 emun-

401 1340 462 1403 tus,
477 1327 600 1413 capitur
613 1263 654 1390 dl>
668 1326 841 1402 iuventute,
857 1347 938 1411 quae
957 1324 1113 1412 praesidio
1132 1324 1202 1390 eius
1216 1323 1277 1388 loci
1290 1320 1404 1386 attributi

401 1424 478 1490 erat,
496 1411 690 1501 mittuntque
713 1412 842 1477 nuntios
861 1411 896 1474 in
919 1411 1143 1488 Achradinam,
1165 1410 1279 1475 horrea
1299 1409 1404 1471 stimu-

402 1512 534 1585 tumque
545 1499 580 1562 in
594 1512 720 1563 senatus
734 1512 888 1585 potestate
903 1521 979 1563 eme.

293 1595 344 1654 22.
445 1585 534 1649 Luce
571 1586 649 1649 rime
659 1584 794 1671 populus
805 1585 907 1649 omnis
922 1597 1058 1650 armatus
1068 1583 1180 1647 inerm'
1222 1577 1403 1646 ueinAchn

245 1685 365 1748 Polyaeni
402 1669 509 1736 dinam
584 1693 704 1735 cunam
718 1673 874 1735 convenit
920 1669 970 1735 Ibi
990 1693 1047 1758 pro
1064 1668 1175 1735 Conco
1228 1691 1264 1734 ae
1279 1683 1402 1752 umqum

243 1750 321 1800 ⁰¹²⁸i⁰
334 1751 435 1820 libe‘in
449 1779 488 1821 eo
502 1757 562 1821 sita
576 1756 645 1822 loco
659 1769 735 1834 erat,
751 1779 791 1822 ex
806 1757 907 1844 princi
930 1757 1000 1821 ibus
1014 1779 1097 1820 unus
1110 1757 1242 1820 nomine
1261 1753 1402 1847 Polyaenus

243 1820 304 1929 ἓξ
311 1815 393 1865 ¹³⁰⁶*
401 1843 586 1908 concionem
600 1857 634 1908 et
650 1842 779 1908 liberam
795 1857 828 1908 ct
847 1779 1041 1908 moderatam
1058 1841 1185 1907 habuit:
1211 1837 1413 1906 ‘Servitudinri

401 1929 679 2018 ‘indignitatisque
697 1929 841 1994 homines
855 1943 1010 2029 expertos,
1025 1928 1173 1993 adversm
1190 1941 1302 1993 notum
1318 1923 1402 1990 malm

401 2017 556 2082 ‘irritatos
576 2039 653 2081 esse.
698 2015 866 2081 Discordia
879 2015 979 2080 civilis
993 2037 1071 2103 quas
1092 2016 1244 2101 importet
1257 2013 1357 2088 clades,
1367 2029 1402 2072 au

401 2102 502 2167 ‘disse
516 2103 624 2190 magis
646 2127 664 2167 a
685 2103 825 2189 patribus
849 2101 1069 2203 Syracusanos,
1092 2102 1222 2189 quami
1313 2097 1400 2164 vidiae

400 2189 522 2254 ‘Arma
536 2190 623 2277 qnod
634 2189 767 2276 impigre
782 2200 934 2276 cepermt,
945 2188 1090 2253 laudare:
1114 2188 1215 2274 magis
1223 2123 1401 2278 maturum

401 2276 520 2340 ‘sinon
530 2288 668 2352 utantur,
681 2275 741 2338 nisi
752 2273 863 2339 ultima
871 2275 1055 2339 necessitate
1065 2274 1173 2338 coacti.
1214 2273 1402 2361 inpraesenti
1420 2320 1421 2367 q

400 2360 539 2448 ‘legatos
559 2363 599 2427 ad
620 2361 887 2427 Andranodorum
905 2362 989 2425 mitti
1008 2361 1141 2448 placere,
1162 2361 1220 2448 qui
1240 2356 1401 2425 denuntient

400 2449 503 2512 ‘utin
518 2461 671 2535 potestate
687 2462 812 2512 senatus
827 2470 863 2512 ac
878 2471 919 2535 po
943 2447 986 2512 uli
1007 2448 1064 2511 sitt
1088 2460 1195 2533 portas
1210 2445 1331 2512 Insulae
1342 2453 1400 2528 psit
1419 2501 1420 2512 ,

400 2532 522 2610 ‘faciat
543 2533 656 2599 reddat
694 2535 871 2600 raesidium.
918 2469 952 2599 gi
973 2532 1102 2598 tutelam
1122 2532 1217 2597 alieni
1239 2532 1324 2619 regni
1339 2515 1420 2597 unii

401 2627 554 2705 ‘regnum
574 2619 650 2683 velit
717 2642 780 2697 ere,
796 2619 935 2684 eundem
956 2643 989 2684 se
1010 2641 1148 2696 censere,
1164 2619 1268 2684 multo
1282 2609 1400 2683 acriustb

401 2704 661 2781 ‘Andranodorn
686 2729 781 2792 quam
811 2709 851 2770 ab
878 2706 1086 2794 Hieronymo,
1113 2707 1213 2793 repeti
1244 2698 1401 2791 liberateuj

244 2807 390 2870 Legatimit-
401 2789 453 2854 Ab
472 2791 532 2855 hac
554 2791 705 2855 concione
727 2792 822 2892 legati
845 2793 928 2857 missi
947 2807 1029 2857 sunt.
1077 2791 1210 2857 Sensum
1234 2793 1307 2857 inde
1327 2753 1419 2852 hebeni

243 2875 368 2922 tunturad
399 2891 529 2964 coeptus
550 2891 617 2941 est:
641 2878 728 2965 quod
748 2892 838 2956 slent,
857 2893 1009 2965 regnante
1031 2877 1182 2955 Hierone,
1203 2888 1350 2944 manserat
1363 2891 1400 2957 pt

242 2936 367 3051 (iffiffll
398 2963 515 3029 blicum
540 2963 714 3041 consilium,
738 2965 782 3028 ita
803 2979 874 3052 post
895 2979 1027 3030 mortem
1050 2967 1126 3041 eius,
1149 2979 1223 3030 ante
1248 2987 1314 3030 eam
1335 2961 1418 3055 dienq

398 3050 485 3114 nulla
504 3050 544 3114 de
566 3073 600 3115 re
620 3074 661 3115 ne
685 3075 725 3115 ue
743 3052 916 3128 convocati,
933 3074 1036 3138 neque
1057 3051 1192 3116 consulti
1209 3051 1337 3117 fixerant
1372 3039 1399 3103 ll

397 3149 527 3202 ventum
547 3137 588 3201 ad
606 3075 872 3202 Andrnnodorum
892 3152 949 3215 est,
965 3138 1069 3224 ipsum
1088 3137 1216 3224 quidem
1239 3135 1398 3202 movebas

398 3223 515 3287 civium
536 3246 716 3300 consensus,
740 3235 773 3287 et
794 3246 894 3310 quum
921 3224 998 3288 aliae
1023 3247 1100 3288 occu
1142 3238 1192 3289 tae
1214 3225 1301 3289 urbis
1320 3229 1417 3322 parieti

399 3321 466 3372 tum
482 3332 553 3396 pars
571 3309 697 3374 Insulae
716 3310 926 3374 munitissima
940 3311 1026 3375 velut
1043 3333 1065 3398 p
1124 3311 1168 3375 'ta
1181 3334 1201 3374 a
1237 3335 1278 3376 ue
1292 3309 1407 3398 allendlssl

401 3393 464 3460 Sed
476 3410 640 3460 evocatum
652 3419 726 3460 eum
737 3395 897 3482 ablegatis
913 3396 1084 3461 Damarata
1094 3419 1183 3474 uxor,
1230 3421 1262 3462 ra
1276 3394 1396 3462 Hieron
1415 3469 1416 3472 Ἴ

398 3481 506 3546 inflata
529 3481 632 3546 adhuc
655 3483 750 3568 regiis
773 3483 885 3548 animis
909 3505 945 3547 ac
971 3481 1116 3548 muliebri
1139 3483 1262 3571 spiritu,
1286 3481 1416 3547 admont

432 3745 444 3792 7
457 3735 508 3781 Per
516 3733 785 3796 principcsrepionum]
796 3732 845 3780 Per
853 3732 899 3794 pri·
932 3747 987 3780 nov.
1012 3735 1167 3782 Praesidium
1177 3739 1259 3782 autem
1271 3732 1309 3780 hic
1317 3719 1396 3782 inidlldl
1414 3719 1415 3743 ³

398 3794 685 3857 marimurbisreffl'nnea
703 3797 810 3845 Sruoru.
932 3795 1038 3845 Crevier.
1047 3797 1127 3845 locum
1136 3797 1217 3859 ipsum
1228 3791 1395 3859 pracsidiofittnt

430 3861 634 3918 sumimus]
660 3861 899 3910 vocabulorum·
931 3866 1002 3918 tum
1023 3860 1144 3910 strothius
1160 3875 1216 3910 vem
1235 3861 1270 3909 ita
1286 3849 1395 3920 suiad

398 3923 455 3969 tudo
465 3922 489 3970 in
501 3922 548 3970 hoc
558 3923 610 3970 solo
622 3921 685 3970 Livii
702 3925 756 3970 loco
770 3923 899 3980 invenitur,
931 3926 973 3972 dat
983 3924 1082 3973 civitate
1094 3925 1255 3984 iuventutem,
1264 3939 1305 3973 eeu
1315 3935 1349 3970 θα
1356 3913 1395 3980 wll,
1413 3929 1414 3971 ζ

398 3983 442 4030 nisi
451 3987 516 4046 quod
527 3986 581 4034 infr.
590 3986 719 4047 xxxix.37.
727 3985 812 4036 incod.
821 3987 898 4036 Laud.
931 3993 976 4046 tes,
998 3988 1040 4050 qui
1058 3991 1182 4051 praesidio
1204 3989 1301 4038 insulae
1318 3981 1394 4034 affl

398 4048 504 4097 recurrit.
536 4051 651 4099 Ceterum
668 4065 707 4112 ap.
722 4049 831 4109 Festum,
842 4053 899 4100 Eri·
931 4058 995 4100 sunt.

397 4114 454 4160 tardo
464 4119 508 4160 aut
517 4117 637 4162 servitude
648 4119 752 4163 notatur.
775 4117 900 4176 Erperau
966 4130 975 4163 1
989 4117 1158 4166 Mundi-ssime
1166 4114 1336 4180 scimpodio]
1346 4105 1394 4174 llll
1412 4135 1413 4138 ¹

397 4191 453 4224 cum
463 4175 569 4238 genitivo
580 4193 610 4226 ex
624 4177 690 4239 Virg.
702 4183 727 4225 et
736 4177 814 4227 Tacit
824 4177 897 4227 etiam
930 4181 995 4228 uelut
1011 4183 1179 4237 muniturum,
1192 4195 1235 4243 pro
1246 4179 1392 4242 quominus
1412 4167 1413 4201 ¹

398 4239 583 4290 lexicehubent
930 4245 1022 4292 &aima
1030 4243 1133 4292 coniecit
1140 4245 1324 4308 Gronov.,quam

428 4307 547 4366 olieddrt
556 4307 718 4367 praesidium]
734 4305 775 4353 Ita
784 4321 827 4367 pro
836 4307 898 4368 vulg.
932 4313 956 4354 et
969 4307 1074 4357 Beklrer.
1085 4308 1160 4357 secuti
1171 4315 1234 4358 sunt.
1411 4357 1412 4370 ἢ

398 4369 491 4416 recedat
511 4371 660 4430 praesidium
682 4369 819 4418 emandavit
838 4370 898 4418 Gro
1411 4373 1412 4429 i
