2888 4768
340 241 435 306 LIB.
459 241 587 307 XXIV.
623 242 732 308 CAP.
756 249 808 308 21.
1036 249 1095 314 197

52 375 162 440 media
180 389 279 440 aestas
298 389 410 440 exacta
428 390 504 453 erat,
520 389 553 441 et
573 375 711 443 hibernis
731 376 874 464 placebat
893 377 995 463 locus)
1009 401 1095 443 com·
1106 395 1138 446 U.
1151 397 1180 446 ο.
1197 399 1252 459 538.

50 473 167 548 portat.
212 461 402 527 Praedatum
417 462 492 527 inde
509 462 668 528 Numidae
684 463 854 565 Maurique
874 486 931 551 per
948 463 1094 530 Sallenti·
1105 463 1133 510 A.
1151 462 1181 511 ⁰·
1197 476 1251 521 214-

51 570 134 614 num
148 570 258 636 agrum
276 549 499 637 proximosque
515 549 652 637 Apuliae
670 549 766 614 saltus
780 549 916 616 dimissi:
941 551 1026 616 unde
1041 574 1094 616 ce-

51 649 142 700 terae
175 635 308 723 praedae
342 635 429 701 haud
458 635 603 714 multum,
633 659 787 722 equorum
815 659 870 724 gre
911 659 926 700 s
955 638 1091 702 maxime

50 722 177 872 ἓξαρῒίς
207 723 363 810 equibus
387 722 429 787 ad
454 735 604 810 quattuor
626 722 726 788 millia
749 659 910 788 domandi
933 725 1092 810 equitibus

90 831 163 873 visa.

99 895 247 972 Romani,
271 917 371 982 quum
395 894 515 960 bellum
540 919 626 982 nequ
668 918 741 960 uam
766 895 1036 960 contemnendum
1057 897 1091 960 in
1149 899 1201 958 21.

53 980 165 1045 Sicilia
184 982 326 1058 oriretur,
342 1003 487 1068 morsque
503 919 746 1069 tyrannifflduces
760 983 859 1068 magis
873 983 1022 1069 impigros
1036 981 1194 1056 danaum
1203 986 1249 1056 qta-

24 1067 152 1131 adisset
171 1066 381 1156 Syracusanis,
397 1091 492 1154 quam
507 1091 632 1134 causam
652 1080 707 1131 aut
725 1069 846 1132 animos
866 1081 1026 1146 mutasset,
1043 1067 1090 1133 nt
1101 1052 1141 1158 {¹32⁸
1153 1059 1178 1094 ¹¹¹
1190 1047 1248 1095 Μ’

50 1153 209 1218 Marcello
224 1152 314 1219 alteri
328 1153 492 1218 consulum
508 1177 578 1219 eam
596 1154 789 1241 provinciam
805 1153 989 1218 decernunt
1036 1155 1093 1221 Sc-

48 1239 195 1304 cundum
217 1239 406 1328 Hieronymi
425 1240 555 1306 caedem
569 1241 672 1327 primo
692 1240 917 1305 tumultuatum
932 1241 966 1304 in
987 1241 1093 1306 Leon·

21 1326 131 1390 stinis
151 1326 235 1412 apud
256 1326 371 1391 milites
390 1327 501 1404 fluerat,
519 1327 786 1414 vociferatumque
805 1326 960 1404 ferociter,
981 1350 1094 1414 paren-

47 1411 212 1477 tandumr
254 1413 425 1500 'sanguine
437 1414 670 1478 coniuratorum
681 1437 757 1479 esse.
803 1413 931 1478 Deinde
942 1412 1093 1480 libertatis

19 1499 216 1564 arestitutae
254 1498 323 1564 ulce
339 1499 450 1563 auditu
464 1521 581 1564 nomen
595 1500 704 1565 crebro
719 1512 912 1586 usurpatum,
928 1521 998 1586 spes
1011 1499 1095 1566 facta

19 1601 94 1650 sex
108 1585 245 1672 pecunia
258 1586 345 1672 regia
363 1584 545 1674 largitionis,
561 1585 755 1672 militiaeque
769 1586 949 1673 fungendae
964 1586 1094 1674 potiori-

45 1675 112 1737 bus
136 1670 277 1749 ducibus,
300 1686 333 1736 et
354 1671 451 1737 relata
472 1673 598 1761 tyranni
618 1671 712 1737 foeda
736 1672 855 1737 scelera
876 1672 1092 1760 foedioresque

44 1757 210 1834 libidines,
227 1758 306 1823 adeo
322 1771 481 1823 mutavere
496 1757 625 1836 animm,
642 1773 677 1822 ut
696 1758 888 1845 insepultum
909 1759 1009 1824 iacere
1025 1781 1095 1824 cor-

44 1867 113 1932 pus
128 1844 234 1931 paullo
249 1855 322 1909 ante
342 1844 510 1910 desiderati
525 1845 608 1932 regis
627 1858 818 1932 paterentur.
867 1845 976 1920 Quum
996 1846 1093 1910 ceteri

17 1943 95 1997 oex
110 1931 280 1995 coniuratis
290 1930 329 1995 ad
341 1931 514 1996 exercitum
526 1930 733 1995 obtinendum
742 1932 973 2008 remansissent,
985 1931 1094 1996 Theo-

44 2019 149 2084 dotus
163 2030 196 2082 et
211 2016 296 2082 Sosis
310 2017 403 2104 regiis
418 2017 518 2104 equis,
533 2029 653 2102 quanto
672 2019 811 2080 maximo
825 2039 918 2080 cursu
936 2029 1092 2103 poterant,

42 2117 89 2170 ut
103 2105 228 2190 ignaros
248 2104 390 2168 omnium
410 2104 512 2190 regios
534 2104 757 2189 opprimerent,
776 2101 943 2188 Syracusas
962 2117 1094 2167 conten·

43 2192 145 2256 dunt.
192 2189 343 2255 Ceterum
353 2201 557 2277 praevenerat
571 2211 637 2253 non
650 2188 734 2251 fama
746 2187 857 2264 solum,
873 2187 952 2274 (qua
965 2187 1045 2251 nihil
1059 2189 1093 2252 in

43 2277 169 2342 talibus
182 2277 276 2341 rebus
287 2289 336 2340 est
348 2274 495 2360 celerius)
505 2275 562 2340 sed
576 2273 707 2339 nuntius
721 2274 815 2338 etiam
827 2297 868 2338 ex
882 2273 976 2360 regiis
986 2275 1090 2338 servis.

15 2364 168 2448 7Itaque
191 2361 441 2426 Andranodorus
463 2375 495 2426 et
515 2359 665 2438 Insulam,
685 2374 717 2423 et
737 2381 851 2438 arcem,
867 2374 900 2425 et
921 2359 991 2438 alia,
1033 2383 1091 2425 uae
1102 2367 1228 2480 (1ΛέΓῖζῆἓῖ

11 2461 186 2538 epotaret,
195 2471 340 2536 quaeque
352 2459 528 2536 opportuna
538 2460 637 2524 erant,
647 2446 809 2533 praesidiis
820 2447 965 2512 firmarat.
1038 2470 1094 2512 ex·

41 2534 149 2624 apylo
166 2535 352 2599 Theodotus
370 2557 406 2600 ac
429 2533 512 2598 Sosis
532 2545 603 2621 post
621 2533 694 2598 solis
714 2555 858 2598 occasum
879 2534 942 2598 iam
962 2534 1245 2609 obscurawffloeu.

40 2624 126 2688 luce
145 2621 271 2699 invecti,
286 2643 387 2708 quum
407 2633 569 2686 cruentam
588 2620 707 2770 reqiam
721 2633 841 2684 vestem
860 2633 955 2706 atque
970 2621 1151 2709 insignem

1103 2509 1156 2543 cem
1167 2496 1237 2545 Sura·

40 2707 165 2796 capitis
182 2719 385 2784 ostentarent,
406 2707 534 2772 travecti
554 2729 611 2794 per
656 2707 780 2795 ycham,
796 2706 888 2771 simul
908 2706 948 2771 ad
968 2706 1095 2774 liberta-

40 2811 129 2872 tem,
153 2793 246 2859 simul
271 2794 312 2859 ad
335 2816 422 2858 arma
444 2807 602 2870 vocantes,
624 2793 659 2857 in
683 2792 898 2858 Achradinam
925 2794 1093 2859 convenire

39 2883 173 2948 iubent.
219 2880 395 2946 Multitudo
409 2902 480 2967 pars
494 2879 651 2967 procurrit
664 2880 699 2943 in
713 2879 787 2956 vias,
802 2901 874 2965 pars
888 2880 923 2944 iu
933 2880 1095 2946 vestibulis

88 3123 103 3157 a
122 3109 239 3168 Causam]
268 3107 385 3156 Similiter
405 3107 491 3157 Cicero
512 3107 558 3156 hac
591 3107 692 3154 ercitum
704 3106 729 3154 in
740 3111 860 3168 potestate
871 3107 994 3154 haberent.
1006 3106 1086 3155 Cass.

40 3187 113 3224 voce
122 3172 237 3220 ahauad
245 3171 403 3234 designandas
410 3178 491 3233 partes
497 3171 558 3220 Gae-
625 3181 638 3231 7
654 3172 778 3230 Insulam]
791 3185 823 3218 sc.
834 3169 968 3231 Ortygiam,
979 3183 1041 3230 quac
1052 3169 1095 3217 ho·

40 3236 214 3287 sarimusut
224 3236 394 3297 Pompeianas
417 3235 447 3284 cf.
460 3235 501 3283 Or.
512 3249 557 3296 pro
589 3234 629 3282 dis
650 3235 707 3282 urbs
727 3240 764 3282 est
785 3234 925 3294 Syracusas.
966 3232 1007 3281 De
1025 3239 1095 3294 quat·

40 3301 133 3352 Marc.
146 3315 167 3350 a.
179 3306 203 3348 et
215 3314 253 3362 31.
589 3303 644 3346 tuor
657 3298 829 3360 Syracusarum
845 3296 989 3358 regionibus,
1002 3297 1095 3355 lunda,

87 3379 101 3426 3
120 3363 319 3422 Parentundam]
348 3361 504 3424 Explendam
523 3377 558 3410 re-
591 3361 738 3421 Achradina,
754 3359 850 3423 Tycha,
867 3360 983 3422 Neapoli,
999 3360 1029 3408 cf.
1041 3359 1094 3410 Cic.

40 3429 89 3492 gis
106 3433 218 3487 mortem,
235 3428 323 3476 Manes
339 3427 401 3488 regis
419 3426 558 3488 placandos
590 3427 616 3474 in
628 3426 698 3500 llerr.
709 3425 742 3537 ly.
754 3439 793 3536 515,
803 3431 828 3473 et
840 3437 877 3486 53.
906 3427 995 3536 Affi'em
1011 3429 1095 3535 autent
1132 3467 1135 3475 .

40 3495 198 3616 cssllulcs
212 3557 301 3604 auditu
316 3556 415 3614 nomen]
436 3552 504 3602 Olim
515 3569 558 3602 aare
590 3494 1094 3614 Ilhorldlilenllohlinlleqiiiddlnmregiffidilinder·

39 3623 140 3670 ditum.
172 3619 280 3668 Mutavit
299 3618 385 3666 merito
405 3617 557 3666 Gronovius:
572 3619 576 3632 '
591 3617 628 3666 bis
638 3615 739 3665 minime
749 3631 805 3665 cum
816 3616 846 3664 iis
857 3631 919 3678 quae
929 3631 968 3676 ap.
981 3615 1094 3676 Thucyd.

40 3691 79 3734 et
90 3683 156 3730 hanc
166 3683 218 3731 eiua
229 3683 392 3730 coniecturam
404 3681 483 3730 firmat
498 3697 559 3730 mar
593 3681 624 3730 ri.
644 3687 669 3729 ct
686 3680 725 3730 vii.
745 3685 850 3737 exuant,
872 3678 1025 3728 conveniunt
1063 3679 1094 3726 In

38 3763 85 3814 go
98 3745 191 3794 Victor.
202 3746 299 3796 codicis.
315 3747 395 3796 Casu.
590 3745 703 3807 Thucyd.
715 3745 746 3793 ri.
758 3745 797 3808 98.
809 3745 886 3806 Syoae
902 3758 991 3790 nomen
1007 3747 1043 3790 est
1059 3757 1094 3789 re·

93 3822 106 3872 5
127 3813 282 3874 Militiaequa
296 3811 442 3872 firmendas
458 3811 558 3872 potiori·
590 3806 1095 3872 gioni‚quae,haudscio,anTychaecon·

40 3880 101 3928 hm
109 3875 223 3934 ducibus]
236 3874 360 3923 Militandi
371 3875 416 3922 sub
427 3873 559 3935 potioribus
590 3879 666 3936 gruat.
700 3873 765 3921 Fieri
780 3877 861 3920 tamen
873 3877 953 3933 potest
967 3869 1094 3918 utHiaro-

42 3937 168 3998 ducibus,
180 3953 253 4000 quam
269 3943 338 3986 eraut
356 3937 393 3984 illi
409 3939 507 3999 tyranni
522 3953 559 3986 as·
592 3937 629 3985 nis
639 3943 748 3999 tempora
759 3937 838 3984 multa
848 3935 942 3984 abacta
952 3939 1094 3996 mutataque

41 4008 198 4062 sectatores,
214 4002 301 4064 quibus
319 4000 422 4063 imparia
438 4001 559 4063 Hierony·
592 4001 699 4050 fiderent.
717 4000 847 4049 Gaianas.

42 4082 112 4120 mus
131 4066 301 4116 demandabat.
336 4065 475 4114 Gronovius
495 4071 560 4114 recta
624 4067 796 4128 8Hcaapylo]
821 4063 980 4126 Hexapylum
1000 4067 1094 4124 portam

43 4130 196 4184 emendarit
211 4131 366 4193 militiaeque,
379 4144 422 4191 pro
438 4129 510 4178 militi
524 4135 560 4178 ar·
592 4128 664 4176 baisse
677 4128 746 4176 istius
756 4126 831 4189 partis
841 4127 1021 4189 Syracusarum,
1032 4139 1095 4198 quae

43 4212 110 4262 qua
144 4195 178 4242 At
188 4195 253 4256 quod
265 4193 329 4242 idam
341 4192 409 4241 iussit
423 4193 471 4256 legi
485 4193 560 4254 potio·
592 4193 679 4255 'lycba
692 4192 824 4248 dicebatur,
835 4192 905 4240 docet
916 4192 1014 4240 Cluver.
1028 4189 1095 4236 Srcrl.

42 4257 225 4324 riaineoilli
240 4257 349 4307 mentiri
363 4272 412 4306 non
429 4255 561 4320 potuimus.
593 4258 651 4305 Ant.
663 4256 678 4304 i.
693 4269 728 4303 ra.
747 4254 840 4303 cfiinfr.
851 4269 907 4302 xxv.
917 4268 955 4315 24.
988 4250 1096 4300 Strothio

42 4325 138 4376 Casu.
594 4335 649 4382 pars
664 4319 783 4380 quaedam
801 4317 866 4365 urbis
882 4322 966 4378 portae
985 4315 1096 4378 proxima

89 4385 104 4434 6
115 4388 157 4436 sd
162 4388 293 4438 anaim
301 4386 467 4446 obtinendum]
478 4385 515 4436 Ut
521 4399 561 4434 ax-
594 4379 1096 4444 codemnomiueappellatahiissuvidatur.
