2888 4768
347 245 444 316 LIB.
468 245 579 314 XXV.
611 247 723 316 cAP.
747 255 798 316 29.
1039 256 1102 319 265

39 407 175 462 eornm,
193 386 250 473 qui
271 385 506 487 opsidcbantur,
525 385 567 452 ad
589 385 780 490 Macellum
801 387 943 454 mittmit
991 387 1102 492 Quum
1111 401 1189 517 ¹3³¹&
1204 413 1277 516 ξπ

7 471 1142 651 Ἢὲαῗέῗὲῐῗὲζέἵῖἓῗοὲῗὲᾊῗῗέέἒὲὲῗῇιέᾞωᾙὲ’
1182 502 1189 517 ’
1252 501 1260 516 ’

40 645 118 710 suia
145 659 361 723 servarentur3
394 647 532 712 evocatis
557 647 599 712 ad
622 647 817 736 colloquium
840 649 900 727 his,
947 650 1041 716 uibus
1062 651 1102 716 ab

42 731 201 820 Epicyde
216 731 352 798 creditae
366 755 416 798 res
430 747 530 810 erant,
553 735 680 800 ‘missos
694 758 727 800 se
743 735 837 800 simul
848 736 889 800 ad
941 738 1102 816 arcellum,

44 817 173 884 ‘simul
191 819 233 884 ad
251 842 306 884 eos
326 820 365 885 ab
380 819 523 885 exercitu
538 819 737 898 Siculorum,'
750 823 850 900 aiunt,
874 831 932 888 ‘ut
952 847 1016 889 una
1035 843 1103 889 oin-'

44 906 178 982 ‘nium
197 905 253 992 qui
273 906 501 984 obsiderentur,
518 907 638 995 quique
660 922 751 972 extra
770 907 967 976 obsidionem
987 922 1102 988 essent,

43 991 204 1058 ‘fortuna
217 1006 317 1058 esset:
341 1015 421 1058 neve
436 993 525 1058 alteri
563 994 666 1094 roprie
686 995 745 1060 sibi
765 996 999 1082 paciscerentur
1013 997 1103 1083 quic-

44 1080 195 1232 Lfluamss
239 1079 375 1167 Recepti
389 1079 507 1146 deinde
525 1016 565 1146 al
580 1081 627 1158 iis,
644 1095 680 1145 ut
695 1081 885 1146 necessarios
899 1081 1102 1234 hospitestype
1112 1093 1261 1156 IntrantSy·

95 1180 300 1254 oquenentur,
316 1167 475 1254 expositis,
492 1189 573 1254 quac
653 1181 686 1232 ta
704 1169 768 1232 iam
788 1191 861 1234 cum
878 1167 1032 1235 Marcello
1070 1171 1215 1234 „nenas

45 1252 296 1353 berentpblata
309 1275 365 1353 syre
379 1253 488 1320 salutis
503 1277 667 1404 perpuere
683 1277 747 1333 eos,
758 1269 796 1320 ut
806 1279 913 1358 secum
928 1256 1103 1358 praefectos
1112 1270 1234 1346 Praefecu

47 1339 221 1440 Epicydis,
245 1338 448 1428 Polyclitum,
472 1353 505 1406 et
528 1340 556 1405 P
579 1340 759 1420 illationem,
783 1356 817 1407 et
842 1341 1029 1434 Epicydem,
1050 1367 1102 1408 cui
1112 1335 1232 1410 51³me

1111 1399 1260 1448 interficiun-

50 1427 183 1492 Sindon
204 1449 381 1514 cognomen
403 1440 479 1504 erat,
501 1427 756 1514 aggrederentur.
802 1428 980 1494 Interfectis
1002 1431 1050 1507 iis,
1069 1443 1159 1513 eim,

47 1512 261 1579 multitudine
290 1513 332 1578 ad
360 1513 546 1578 concionem
571 1530 690 1592 vocata,
716 1527 749 1580 et
774 1515 923 1603 inopiam,
951 1539 1015 1604 qua
1044 1517 1103 1604 ipsi
1217 1545 1220 1556 ·

46 1601 142 1665 inter
155 1623 188 1665 se
202 1600 335 1666 fremere
350 1599 472 1666 occulte
487 1600 571 1666 soliti
585 1615 684 1678 erant,
700 1603 876 1689 conquesti,
900 1613 1104 1691 ‘quanquam

50 1696 127 1753 ‘tot
141 1686 224 1752 mala
237 1688 406 1779 urgerent’
419 1701 586 1774 negarimt,
609 1687 786 1753 ‘fortunam
802 1690 1010 1755 accusandam
1025 1713 1103 1768 esse,

50 1773 1102 1928 istaisuiuumiti

1071 1886 1104 1927 m

52 1947 360 2036 ‘Syracusanorum
386 1883 470 2012 nolip
478 1883 606 2012 cilium:
638 1885 724 2024 nini,
746 1961 783 2012 ut
805 1962 973 2036 occupatas
993 1972 1043 2015 res
1064 1951 1104 2014 ab

53 2033 267 2100 ‘satellitibus
298 2033 497 2111 Hannibalis,
527 2033 645 2099 deinde
676 2033 876 2122 Hieronymi,
908 2034 1104 2123 Hippocrate

53 2130 176 2209 ‘atque
190 2120 343 2210 Epicyde,
356 2120 524 2198 audierint,
541 2133 609 2184 tuin
623 2119 743 2184 bellum
758 2121 901 2198 movisse,
914 2135 947 2188 et
961 2121 1112 2187 obsidera-

54 2209 192 2274 ‘urbem
212 2209 361 2296 coepisse,
376 2223 413 2273 ut
432 2207 576 2272 crudeles
595 2219 747 2295 tyrannos
767 2207 844 2285 eius,
859 2231 926 2273 non
947 2221 984 2272 iit
1005 2210 1105 2295 ipsam

20 2325 43 2370 4
57 2304 68 2334 ‘
79 2296 204 2372 urbem,
224 2306 452 2384 expugnarent.
500 2293 695 2381 Hippocrate
717 2315 791 2358 vero
811 2295 1010 2382 interempto,
1028 2293 1106 2381 Epi-

57 2391 67 2422 ‘
79 2405 98 2446 c
122 2381 162 2446 de
188 2381 357 2447 intercluso
383 2381 422 2446 ab
451 2380 621 2469 Syracusis,
647 2394 679 2446 et
704 2381 872 2467 praefectis
896 2381 964 2446 eius
985 2381 1104 2459 occisis,

57 2478 67 2510 ⁴
115 2467 399 2556 arthaginiensibus
413 2468 501 2533 omni
515 2467 710 2556 possessione
728 2465 854 2532 Siciliae
870 2481 952 2534 terra
962 2467 1105 2554 marique

57 2554 189 2643 ‘pulsis
204 2578 300 2642 quam
315 2577 477 2643 superesse
492 2575 618 2621 causam
634 2554 798 2633 Romania,
814 2577 872 2620 cur
885 2578 960 2632 non,
973 2553 1105 2641 perinde

58 2642 160 2708 ‘acsi
175 2641 277 2707 Hiero
290 2642 357 2730 ipse
372 2643 501 2720 viveret,
513 2641 625 2707 unicus
641 2642 806 2708 Romanae
821 2641 977 2707 amicitiae
993 2640 1105 2719 cultor,

59 2728 256 2794 ‘incolumes
280 2727 303 2794 S
341 2751 448 2794 acusas
471 2751 538 2794 esse
561 2729 686 2795 velint?
729 2728 843 2816 Itaque
868 2751 927 2794 nec
949 2729 1020 2793 urbi
1046 2749 1106 2792 nec

59 2815 264 2882 ‘hominibus
282 2752 370 2881 alid
387 2814 572 2903 pei-iculum,
589 2837 684 2902 quam
704 2817 744 2880 ab
764 2827 866 2881 semet
885 2815 970 2902 ipsis,
986 2837 1063 2891 esse,
1079 2815 1107 2878 si

59 2903 278 2968 ‘occasionem
311 2901 537 2967 reconciliandi
566 2923 600 2966 se
630 2901 784 2968 Romanis
814 2901 1105 2989 praetermisissent,

61 2990 167 3142 ‘pam
183 3004 299 3065 autem,
315 2988 417 3075 qualia
430 2987 485 3053 illo
500 2999 662 3052 momento
677 2988 772 3052 horae
787 2988 838 3064 sit,
853 2987 973 3051 nullam
988 2985 1106 3051 deinde

61 3073 1107 3249 irrisistis,
1162 3157 1250 3218 2,

61 3265 169 3317 tamen
191 3249 278 3337 prius
300 3246 409 3324 creari,
432 3267 529 3334 quam
551 3244 671 3333 legatos
692 3246 860 3323 nominari,
882 3245 1008 3334 placuit.
1055 3244 1107 3309 Ex

61 3339 201 3426 ipsorum
215 3333 332 3400 deinde
353 3347 533 3421 praetorum
553 3355 686 3398 numero
706 3333 791 3398 missi
806 3345 942 3398 oratores
962 3332 1003 3396 ad
1019 3331 1108 3397 Mar·

62 3421 186 3490 cellum.
235 3422 382 3498 Quorum
425 3421 560 3508 rinceps,
585 3419 640 3484 ‘N
683 3443 723 3484 ue
743 3419 865 3507 primo,’
884 3419 1000 3507 inquit,
1025 3417 1265 3507 ‘Sy-Legatum

63 3509 227 3576 ‘raciisani
247 3533 267 3574 a
284 3508 373 3574 vobis
390 3443 572 3585 difecimus,
590 3505 646 3572 sed
698 3507 888 3595 ieronymus,
904 3527 1105 3594 nequaquam
1115 3496 1244 3608 syroen}

64 3607 149 3662 ‘tam
164 3597 199 3660 in
209 3619 265 3661 vos
275 3595 401 3682 impius,
411 3617 507 3682 quam
518 3593 553 3658 in
564 3617 638 3659 nos:
656 3616 716 3659 nec
725 3609 837 3695 postea
847 3615 967 3680 pacem,
980 3593 1107 3681 tyranni
1114 3575 1265 3673 'ffffiflm

65 3682 181 3750 ‘caede
203 3683 418 3769 compositam,
443 3681 657 3769 Syracusanus
679 3703 856 3768 qinsquam,
879 3680 936 3744 sed
959 3679 1109 3746 satellites
1117 3689 1201 3740 ontio.

66 3769 173 3856 ‘regii
197 3767 408 3856 Hippocrates
431 3782 526 3855 atque
550 3767 719 3856 Epicydes,
743 3767 898 3855 oppressis
920 3767 1012 3831 nobis
1033 3766 1109 3831 hinc

68 3868 77 3898 ‘
89 3871 184 3934 metu,
209 3853 284 3919 hinc
310 3855 430 3932 fraude,
457 3855 670 3920 turbaverunt.
717 3853 788 3919 Nec
812 3854 980 3940 quisquam
1003 3853 1109 3919 dicere

67 3954 199 4033 ‘potest
210 3941 381 4030 aliquando
395 3943 486 4007 nobis
500 3941 653 4008 libertatis
668 3955 731 4006 tem
755 3964 792 4006 us
806 3941 910 4018 fuisse,
923 3940 1010 4028 quod
1024 3942 1110 4029 pacis

68 4030 248 4098 ‘vobiscum
259 4051 324 4095 non
333 4028 436 4094 fuerit
468 4027 565 4094 Nunc
576 4041 662 4093 certe
674 3964 771 4093 caede
782 4050 902 4106 eorum,
914 4028 969 4115 qui
981 4049 1110 4116 oppres-

103 4286 298 4348 sffliorepnrat]
319 4283 377 4332 Hoc
393 4283 466 4330 verbo
484 4279 571 4344 imper·
637 4296 652 4340 4
668 4283 820 4342 Hippocrate
835 4295 892 4329 arro
903 4279 1058 4389 interempto]
1077 4291 1110 4323 ac.

71 4349 182 4465 :affligi
201 4350 238 4399 titi
259 4350 322 4398 solet
342 4345 433 4398 Livias.
461 4345 493 4395 cf.
505 4359 572 4408 supr.
605 4345 680 4457 ἔξω
695 4346 834 4406 abnimpto,
850 4347 878 4391 iit
894 4355 960 4403 supr.
976 4355 989 4388 a
1008 4375 1015 4390 .
1031 4353 1111 4388 nana
