2878 4772
345 216 411 278 444
731 208 846 279 ΤΙΤΙ
874 207 1015 276 LlVlI

190 353 267 408 uc.
283 353 358 422 547!
392 347 426 412 ui
445 345 681 433 conquirerent,
697 367 739 411 ex
758 346 910 411 servitute
931 345 966 412 in
986 345 1174 412 libertatem
1189 342 1371 410 restiterunt

189 419 221 470 Δ·
236 421 267 483 ⁰·
283 433 360 485 ‘⁰5‘
369 371 484 509 Huum
504 433 568 497 iam
585 454 684 519 prope
705 445 798 510 esset,
813 445 850 496 ut
864 430 1038 520 optabilem
1052 455 1096 497 cx
1113 432 1290 496 miserrima
1300 430 1372 493 iortu

283 563 285 568 ,
349 526 445 584 ‘nam
468 519 674 596 haberemus3
698 519 735 584 P.
760 531 794 583 et
817 517 880 584 Cn.
905 517 1050 584 Cornelii
1075 518 1284 606 imperatores
1303 514 1371 579 sesni

349 605 544 670 ‘luctuosius
570 605 663 670 nobis
686 627 826 692 quoque,
851 626 948 691 quam
971 605 1071 682 vobis,
1092 606 1273 704 perierunt.
1311 601 1384 697 Tnnt

348 699 445 757 ‘vem
466 690 592 756 adhoc
613 691 741 756 retracti
762 713 805 756 ex
827 690 1018 756 distantibus
1037 690 1118 755 locas
1142 691 1181 754 in
1203 689 1304 755 sedem
1313 700 1371 750 ann·

349 785 360 816 ‘
393 800 467 842 uam
484 777 680 854 videbamur,
701 790 738 841 ut
759 777 876 842 iterum
897 777 1084 864 periremus,
1103 791 1140 842 et
1163 776 1294 842 alterum
1311 772 1371 837 aa

349 801 460 928 ‘dium
475 864 595 951 patriae
609 862 808 940 videremus3
831 885 892 928 nec
911 863 953 928 ad
971 863 1155 950 perniciem
1170 875 1304 927 noenum
1316 858 1371 923 Cn·

347 949 564 1036 ‘thaginiensi
586 950 698 1036 utique
721 962 777 1014 aut
798 949 880 1014 duce
903 963 958 1014 aut
979 950 1128 1014 exercitu
1146 972 1233 1037 opus
1251 970 1325 1012 aare:
1346 945 1370 1008 ab

349 1035 524 1100 ‘Turdulis
543 1057 602 1100 nos
617 1036 794 1100 veterrimis
813 1035 964 1114 hostibus,
980 1037 1037 1134 qui
1059 1036 1182 1122 prioris
1205 1055 1321 1122 quoque
1335 1053 1371 1094 er·

349 1121 448 1186 ‘eidii
470 1145 564 1187 causa
585 1122 676 1187 nobis
698 1122 834 1199 fuerant,
850 1122 953 1186 exstin
1029 1145 1144 1209 posse:
1172 1145 1273 1209 quum
1291 1142 1325 1184 ex
1340 1119 1371 1180 in

350 1217 496 1295 ‘sperato
510 1221 643 1296 repente
657 1208 786 1272 misistis
800 1208 892 1273 nobie
906 1208 943 1272 P.
954 1145 1046 1272 ἵζω
1063 1206 1274 1294 Scipionem3
1294 1225 1369 1290 quffll

348 1294 609 1360 ‘fortunatissimi
630 1294 774 1360 omnium
796 1293 1045 1381 Saguntinorum
1060 1294 1228 1370 videmur,
1242 1293 1372 1386 quiana

349 1380 471 1446 ‘sulem
491 1380 687 1446 declaratum
703 1380 857 1458 videmus,
877 1403 914 1446 ac
928 1381 1042 1445 vidiaee
1060 1402 1121 1446 nos
1146 1381 1272 1445 civibus
1290 1391 1371 1440 noeais

349 1467 581 1532 ‘renuntiaturi
607 1488 725 1544 sumus,
748 1488 837 1553 spem
862 1489 991 1532 omnem
1015 1466 1226 1554 salutemque
1250 1477 1370 1530 noman:

348 1553 437 1639 ‘qui‚
453 1574 553 1639 quum
568 1553 719 1640 plurimas
737 1552 876 1618 hostium
889 1565 1065 1618 vestrorum
1080 1553 1227 1640 cepisset
1241 1553 1274 1616 in
1287 1549 1372 1634 ffisa·

348 1639 424 1703 ‘nia
437 1640 541 1716 urbes,
557 1640 676 1727 ubique
698 1661 739 1704 ex
759 1652 925 1728 captorum
939 1661 1073 1704 numero
1088 1652 1245 1704 excretos
1260 1634 1373 1723 signn-

348 1732 428 1789 ‘nos
448 1725 482 1788 in
503 1725 639 1813 patriam
658 1724 797 1802 remisit3
820 1738 980 1812 postremo
996 1724 1249 1803 Turdetaniam,
1263 1721 1373 1788 admin-

349 1819 359 1849 ‘
368 1811 480 1877 festam
495 1811 596 1889 nobis,
612 1825 649 1876 ut
663 1811 719 1876 illa
736 1825 832 1898 gente
854 1811 1007 1876 incolumi
1028 1824 1111 1876 stare
1135 1811 1314 1898 Saguntrrm
1329 1827 1372 1870 non

348 1906 485 1998 ‘posset
501 1898 546 1962 ita
566 1897 649 1963 bello
670 1897 792 1976 afflixit,
807 1912 844 1962 ut
865 1919 930 1963 non
955 1897 1049 1962 modo
1073 1898 1183 1976 nobis,
1200 1897 1295 1986 (absit
1305 1894 1385 1960 rerba:

350 1982 505 2070 ‘mvidia)
519 2006 561 2049 ne
581 1984 714 2071 posteris
729 1983 861 2070 quidem
875 1983 1018 2049 timenda
1031 1984 1150 2048 nostris
1166 1997 1262 2049 esset.
1303 1977 1373 2044 nea

292 2088 295 2095 ·
348 2077 435 2134 ‘tam
458 2071 569 2136 urbem
591 2070 750 2138 cernimus
773 2092 893 2146 comm,
910 2093 1046 2156 quorum
1064 2070 1100 2134 in
1121 2071 1267 2156 gratim
1282 2067 1373 2153 Sagun·

348 2163 438 2221 ‘tum
453 2155 615 2221 deleverat
627 2155 807 2221 Hannibal:
824 2156 957 2256 vectigal
973 2179 1014 2221 ex
1028 2178 1105 2243 agro
1119 2177 1240 2222 eorum
1255 2154 1371 2240 capium

349 2241 458 2328 ‘quod
473 2243 565 2307 nobis
581 2264 648 2307 non
668 2242 774 2308 fructu
794 2241 965 2307 iucundius
979 2256 1035 2318 est,
1052 2264 1153 2329 quam
1170 2243 1302 2308 ultione.
1338 2236 1384 2301 (lbi

348 2327 458 2405 ‘haec,
475 2329 591 2415 quibus
613 2329 732 2392 maiora
752 2350 859 2415 neque
881 2350 1016 2416 sperare,
1031 2351 1139 2414 neque
1161 2343 1276 2416 optare
1289 2325 1322 2390 ab
1333 2323 1372 2386 diis

348 2414 599 2480 ‘immortalibus
612 2415 935 2565 poteramua'prstius
954 2427 1060 2480 actum
1076 2437 1135 2479 nos
1152 2415 1272 2480 decem
1285 2413 1372 2499 legata·

349 2500 567 2587 ‘Saguntinus
588 2513 716 2566 senatus
737 2524 780 2588 po
838 2523 937 2588 usque
960 2501 1001 2566 ad
1015 2523 1070 2566 vos
1092 2501 1202 2566 misit:
1228 2498 1372 2592 simrdgra

349 2586 516 2664 ‘tulatum,
532 2587 620 2674 quod
641 2587 687 2652 ita
708 2609 759 2652 res
777 2524 835 2652 los
855 2609 954 2652 annos
969 2587 1004 2652 in
1021 2585 1186 2673 Hispania
1200 2601 1296 2674 atque
1309 2580 1373 2648 lou

349 2673 518 2758 ‘gessistis
538 2687 575 2738 ut
596 2673 786 2760 Hispaniam
808 2695 874 2738 non
896 2673 990 2738 Ibero
1012 2695 1105 2737 amne
1128 2686 1242 2752 tenus,
1264 2671 1315 2736 sed
1331 2687 1372 2765 qut

349 2766 523 2823 ‘terrarum
542 2759 668 2824 ultimas
682 2759 754 2824 finit
770 2759 929 2836 Oceanus,
944 2758 1097 2824 domitam
1120 2761 1224 2824 armis
1246 2759 1371 2824 habeam

350 2843 490 2922 ‘Italiae
505 2845 567 2909 nisi
589 2857 747 2932 quatenus
761 2845 879 2910 vallum
901 2858 1074 2910 castrorum
1094 2846 1213 2932 cingit,
1229 2843 1307 2910 nihil
1324 2839 1373 2904 reli

349 2931 501 3017 ‘queritis
515 2931 634 2996 Poeno.
680 2931 748 2996 Iovi
772 2932 894 3019 optimo
916 2931 1064 3010 maximo,
1086 2931 1231 3018 praesidi
1250 2924 1373 3016 capitul

349 3026 430 3082 ‘nae
445 3019 534 3095 arcis,
550 3039 616 3082 non
631 3031 736 3104 grates
758 3031 881 3082 tantum
901 3018 942 3083 ob
963 3017 1043 3082 haec
1064 3039 1160 3104 agere
1184 3017 1266 3083 iussi
1284 3032 1372 3082 sunus

349 3103 426 3169 ‘sed
448 3103 570 3169 donum
591 3103 653 3168 hoc
675 3104 780 3182 etiarn,
799 3104 826 3168 si
843 3126 898 3168 vos
919 3104 1153 3190 permitteretis,
1171 3123 1320 3170 coronam
1336 3119 1372 3162 au

349 3198 456 3255 ‘ream
470 3191 506 3254 in
523 3188 719 3277 Capitolium
733 3190 882 3256 victoriae
903 3212 979 3290 ergo
999 3189 1090 3254 ferre.
1134 3189 1178 3254 Id
1201 3191 1254 3256 uti
1273 3183 1373 3277 penult·

349 3277 453 3354 ‘tatis‚
468 3298 678 3362 quaesumust
702 3276 969 3363 utique,sivob1s
988 3276 1033 3341 ita
1049 3275 1190 3354 videtur,
1207 3297 1290 3364 quae
1308 3270 1373 3336 nobit

349 3362 574 3448 ‘imperatores
588 3362 684 3426 vestri
698 3363 865 3428 commoda
879 3363 1067 3439 tribuerunt,
1079 3385 1118 3427 ea
1131 3375 1203 3428 rata
1218 3375 1312 3450 atque
1323 3376 1373 3445 pet·

349 3457 466 3536 ‘petua
485 3447 670 3513 auctoritate
685 3461 789 3513 vestra
807 3448 945 3514 faciatis’
991 3447 1126 3514 Senatus
1144 3448 1264 3536 legatis
1280 3448 1373 3536 διψῇ

347 3535 423 3600 tinis
437 3533 610 3623 respondit,
627 3533 693 3599 ‘Et
709 3533 852 3600 dirutum
874 3549 908 3600 et
928 3535 1111 3636 restitutum
1127 3533 1308 3622 Saguntum
1319 3527 1373 3594 fida

379 3769 488 3819 6Nobt'c
508 3770 616 3834 quoquo]
643 3767 739 3818 Vocem
761 3783 856 3834 quoqne
921 3769 1023 3831 tabell
1050 3768 1122 3818 mos
1148 3767 1264 3829 bellic]
1300 3761 1375 3816 Seli&

346 3848 422 3894 quam
441 3849 485 3895 pro
505 3836 568 3897 vulg.
589 3849 667 3896 prope
687 3835 855 3896 reponendum
886 3831 957 3882 nobis
977 3831 1121 3882 felicitatem
1142 3839 1255 3882 nuaram
1278 3827 1376 3894 gratu&

346 3897 435 3945 suadet
445 3897 552 3948 Crevier.
563 3897 667 3947 andolin
678 3897 778 3946 inclusit
789 3897 855 3947 Bek-
887 3897 954 3945 tibus
971 3895 1035 3944 absit
1052 3901 1104 3944 tam
1121 3895 1248 3957 Deorum,
1264 3909 1333 3958 quan
1347 3890 1375 3936 lt

346 3960 399 4008 ker.
432 3960 549 4010 Cetemm
575 3967 658 4011 noster
681 3960 796 4024 intelligit
820 3961 856 4009 in·
887 3959 982 4008 minum
994 3959 1093 4010 invidia.

347 4021 447 4072 teritum
464 4023 607 4086 Scipionum
623 4040 673 4074 non
690 4026 764 4074 modo
780 4024 856 4072 sortu-
920 4025 936 4072 8
952 4025 1022 4084 Quod
1033 4025 1101 4073 nobit
1113 4025 1278 4084 museum]
1296 4017 1376 4090 colite

347 4102 407 4136 nam
418 4087 607 4149 Saguntinorum
622 4087 780 4150 praesentioai
793 4087 856 4150 peri-
887 4103 938 4138 noa
955 4088 1111 4148 tomsructn.
1144 4087 1288 4136 Gronovius
1303 4087 1376 4140 ww

346 4153 405 4200 culo
427 4149 559 4198 obnoxiam
580 4150 675 4210 iecisse,
695 4153 739 4200 sed
760 4153 856 4201 luctum
887 4167 938 4200 noa
954 4151 1112 4212 iamsnrotu,
1126 4166 1201 4213 quem
1218 4156 1340 4200 sumam
1352 4157 1376 4191 ὓ

346 4213 398 4262 illis
416 4228 522 4276 quoque,
540 4217 569 4262 ut
586 4213 630 4276 qui
648 4213 769 4264 beneficia
786 4220 857 4264 tanta
888 4221 961 4264 cutm
982 4221 1020 4264 est
1041 4215 1149 4266 Bekket.
1181 4215 1280 4264 Verum
1304 4221 1327 4261 et
1343 4213 1376 4256 lt·

346 4277 444 4349 experti
463 4281 552 4351 meent,
571 4276 689 4326 maiorem
709 4294 785 4341 quam
804 4279 856 4330 Ro·
887 4279 930 4327 hic
943 4293 1152 4343 supervacaneum
1165 4293 1219 4330 cua
1231 4277 1325 4329 indicat
1336 4275 1376 4324 Car

348 4351 550 4390 mamsmovrsse.
889 4341 948 4393 sier.
