2878 4772
343 235 407 298 388
733 227 846 294 ΤΙΤΙ
875 225 1012 294 LIVII

192 386 227 437 U.
238 383 269 436 o.
285 395 341 447 545·
394 365 562 444 Consules,
584 365 715 432 diversis
735 365 902 432 itineribus
923 364 1058 452 profecti
1079 365 1120 430 ab
1142 365 1237 441 urbe,
1260 362 1359 429 velut
1381 363 1410 426 iu

192 451 224 500 Α·
241 450 270 500 ⁰·
287 459 342 510 ²07·
350 453 415 518 duo
429 453 547 554 pariter
560 453 644 518 bella
657 451 876 518 distenderant
889 475 980 517 curas
993 451 1174 527 hominum,
1191 450 1295 514 simul
1310 473 1411 514 reeor-

239 518 293 610 4.⁰·
351 539 506 618 dannum,
519 561 598 626 quaa
611 540 733 626 primus
747 540 903 604 adventus
915 538 1108 604 Hannibalis
1122 536 1294 602 intulisset
1304 536 1409 601 Italiac

193 599 319 712 fflffi
352 625 477 704 clades3
500 626 604 703 simul,
620 647 721 713 quum
735 625 790 690 illa
804 638 937 712 angeret
950 648 1035 703 cura,
1052 634 1156 710 ‘quos
1173 637 1245 689 tarn
1259 645 1324 711 pro
1347 623 1409 686 itios

193 741 257 778 nm.
353 713 446 778 ‘urbi
460 725 556 814 atque
571 712 705 800 imperio
715 712 783 777 fore
794 712 881 789 deos,
894 724 931 776 ut
945 711 1059 778 eodem
1075 725 1225 796 tempore
1242 647 1409 795 utrobique

353 799 551 887 ‘respubhea
575 821 723 887 prospere
749 799 935 886 gereretur?
967 797 1071 862 adhue
1098 797 1240 862 adversa
1267 796 1410 862 secundis

354 894 365 924 ‘
417 885 538 951 nsando
559 908 627 950 rem
649 885 745 950 adid
768 898 893 972 tempus
915 897 1087 949 extractam
1109 905 1191 948 esse.
1245 881 1364 959 Quum
1382 883 1409 945 in

355 909 470 1038 ‘idalia
486 971 527 1037 ad
549 971 772 1038 Trasimenum
794 984 828 1038 et
851 971 981 1036 Cannas
1003 970 1255 1058 praecipitasset
1271 970 1411 1034 Romana

356 1067 435 1137 ‘rea
455 1081 604 1147 prospera
622 1057 706 1122 bella
725 1059 761 1122 in
779 1058 938 1144 Hispania
959 1057 1046 1144 prola
1164 1078 1245 1120 eam
1269 1057 1407 1122 erexisr.

356 1146 503 1245 ‘Postea
519 1167 619 1295 <pum
633 1144 668 1209 in
685 1143 842 1244 Hispania
855 1143 917 1208 alia
930 1166 1025 1244 super
1070 1142 1134 1208 'am
1148 1141 1279 1219 clades,
1295 1143 1409 1208 duobus

356 1232 805 1382 {iffimadiiffiil
821 1229 1424 1403 ltttttttttttffidtbt‘:

356 1404 536 1490 ‘publicam
556 1403 736 1490 excepisse:
760 1415 794 1467 ct
817 1403 921 1490 ipsum
944 1400 1147 1466 intervallum
1172 1401 1256 1480 loci,
1276 1402 1408 1490 quodin

357 1489 497 1554 ‘ultimis
519 1502 672 1554 terrarum
694 1489 756 1554 oris
776 1489 910 1554 alterum
933 1488 1051 1554 bellum
1074 1501 1264 1574 gereretur,
1284 1489 1408 1577 spatium

357 1576 502 1640 ‘dedisse
522 1575 565 1639 ad
583 1575 811 1662 respirandum.
858 1574 955 1639 Nunc
973 1575 1038 1639 duo
1057 1573 1145 1638 bella
1163 1573 1206 1638 in
1221 1574 1354 1640 Italiam
1366 1597 1408 1638 ae·

357 1669 480 1748 ‘cepta
496 1661 561 1725 duo
581 1660 778 1726 celeberrimi
797 1661 935 1726 nominis
952 1661 1049 1725 duces
1068 1651 1291 1726 circumstare
1312 1663 1407 1726 urbem

357 1756 368 1786 ‘
379 1747 569 1825 Romanam,
581 1760 615 1812 et
629 1770 729 1812 unum
745 1747 780 1811 in
793 1745 900 1812 locum
915 1760 1013 1812 totam
1023 1746 1160 1834 periculi
1172 1747 1317 1826 molem,
1329 1767 1407 1812 omne

358 1842 369 1873 ‘
379 1853 459 1898 onus
482 1833 671 1900 incubuisse.
719 1833 786 1910 Qui
804 1856 913 1898 eorum
933 1833 1019 1921 prior
1035 1832 1174 1910 vicisset,
1192 1834 1289 1899 intra
1308 1855 1407 1922 paucoe

358 1920 448 1986 ‘dies
462 1933 563 1985 castra
578 1942 651 1985 cum
666 1920 765 1985 altero
781 1919 983 1984 iunctorum!
1023 1918 1186 1984 Terrebat
1201 1934 1241 1984 et
1320 1921 1407 1985 rimis

357 2030 460 2072 annus
484 2005 626 2093 lugubris
651 2006 787 2071 duorum
817 2005 983 2072 consulum
1007 2005 1186 2070 funeribus.
1334 2005 1405 2072 anxii

357 2093 441 2158 curis
454 2093 600 2158 homines
614 2092 830 2180 digredientes
843 2093 878 2156 in
893 2091 1068 2180 provincias
1084 2091 1244 2158 consules
1260 2092 1406 2182 prosecuti

200 2195 265 2244 Livii
275 2210 323 2244 vox
356 2191 441 2244 sunt
486 2177 664 2244 Memoriae
701 2178 840 2243 roditum
855 2192 912 2256 est,
923 2178 1054 2265 plenum
1069 2176 1180 2242 adhuc
1197 2179 1272 2246 irae
1287 2181 1406 2244 incites

357 2264 633 2418 thierri
646 2201 764 2416 bitu
777 2264 1297 2428 ruretenent?
1315 2265 1404 2415 fn

1292 2374 1362 2416 man

358 2375 577 2516 ‘cd'nsireuril’
602 2374 820 2524 resgondisae:
849 2435 938 2502 ‘Ubi
957 2373 1100 2524 bgrimum
1127 2435 1283 2501 hostium
1306 2459 1405 2525 agmen

359 2525 604 2612 ‘conspexisset
639 2523 873 2610 pugnaturum?
928 2521 1038 2597 Quum
1073 2537 1306 2608 quaereretur,
1338 2544 1404 2609 quae

357 2632 453 2676 causa
465 2610 638 2676 festinandi
652 2609 758 2674 esset?
802 2609 895 2674 ‘Aut
913 2631 954 2673 ex
971 2609 1061 2674 hoste
1079 2608 1249 2694 egregiam
1265 2608 1403 2698 glofiam

358 2696 474 2782 inquit,
499 2703 575 2762 ‘aut
591 2719 632 2762 ex
647 2696 768 2761 civibus
782 2695 872 2762 victis
891 2694 1054 2783 gaudium,
1069 2694 1229 2762 meritum
1242 2713 1342 2778 certe,
1355 2693 1403 2760 ers‘

360 2789 448 2846 ‘non
462 2781 642 2860 honestum,
658 2782 800 2870 capiam?

402 2867 593 2956 Priusquam
620 2868 774 2934 Claudius
789 2867 910 2970 'conspl
935 2869 971 2968 iu
980 2867 1192 3020 (provinciam
1267 2869 1401 2968 rreniret.

358 2953 1251 3128 tttfflttnbtt.ttittssssbt⁰⁹tttt.
1275 2971 1415 3112 iffi.

361 3125 400 3192 C.
420 3124 577 3193 Hostilius
603 3125 750 3192 Tubulus
774 3126 985 3213 incomposito
1010 3126 1128 3214 agmini
1155 3127 1338 3193 terribilem
1361 3145 1400 3190 ru-

358 3213 496 3280 multum
524 3212 642 3278 intulit
689 3211 746 3278 Ad
774 3225 924 3300 quattuor
951 3213 1051 3278 millia
1079 3211 1253 3278 hominum
1288 3211 1399 3282 occidit.

358 3319 475 3366 novem
505 3301 595 3386 signa
624 3298 773 3364 militaria
802 3299 897 3387 cepit
943 3299 1090 3364 Moverat
1120 3319 1164 3362 ex
1194 3298 1344 3364 hibernis
1368 3296 1401 3360 ad

358 3383 475 3450 famam
497 3385 595 3450 hostis
622 3385 664 3460 Q,
683 3384 849 3463 Claudius,
871 3387 928 3473 qui
950 3408 1009 3473 per
1030 3386 1123 3451 urbes
1145 3385 1217 3471 agri
1244 3383 1401 3451 Sallentini

358 3484 460 3536 castra
473 3470 506 3535 di
545 3471 624 3535 osita
638 3471 782 3538 habebat.
828 3470 951 3558 Itaque,
967 3494 1009 3536 ne
1027 3494 1100 3538 cum
1115 3470 1246 3536 duobus
1264 3471 1404 3538 exerciti·

358 3557 418 3623 bus
439 3557 499 3622 sim
555 3557 749 3644 confligeret,
766 3555 930 3623 Hannibal
953 3571 1046 3623 nocte
1069 3569 1171 3624 castra
1189 3579 1235 3622 ex
1348 3555 1403 3621 Ta·

357 3644 484 3708 reatino
507 3643 615 3722 movit,
638 3658 733 3731 atque
759 3643 794 3708 in
816 3643 958 3710 Bruttios
979 3644 1142 3710 concessit
1191 3644 1280 3710 Clau
1307 3646 1354 3708 'us
1376 3643 1403 3706 ir

360 3726 551 3796 Sallentinos
576 3751 690 3818 agmen
716 3730 881 3795 convertit
927 3729 1093 3808 Hostilius,
1116 3730 1267 3817 Capuam
1289 3745 1401 3820 potem,

356 3933 416 3968 mox
438 3935 557 3984 pugnasse
577 3923 610 3972 ad
632 3921 786 3973 Placentiam
808 3938 865 3972 cum
899 3924 965 3982 dem,
982 3937 1030 3984 quo
1045 3925 1158 3984 quassata
1173 3921 1334 3984 reipublicae
1347 3921 1402 3970 ntis

358 3983 502 4044 Sempronio
518 3987 619 4036 tonsile
628 3985 687 4036 ibid.
700 4000 739 4052 59.
773 3986 866 4036 Utrum
898 3987 1060 4049 exciperetur.
1076 3986 1159 4035 cerv.

357 4047 476 4096 memoria
493 4048 607 4098 fefellerit
625 4050 673 4098 hoc
691 4051 747 4099 loco
767 4050 864 4100 Livium
932 4051 1025 4112 rotam
1040 4051 1160 4113 expeditis
1176 4049 1335 4110 marton]
1357 4049 1400 4096 Pr-

356 4121 389 4159 an
404 4111 611 4185 oppugnationem
623 4111 735 4188 Hmpprii
752 4115 865 4163 mutatio
898 4113 1067 4176 nonagnoscit
1081 4112 1303 4187 praepositionem.
1336 4113 1399 4210 ΒΞ

356 4173 867 4300 murmure
895 4175 1243 4301 sanaretur
1260 4177 1400 4290 trra

378 4297 409 4376 Ι6
426 4302 572 4359 &maetam
597 4304 771 4376 ranpubItcom
796 4321 864 4356 aare·
896 4305 1103 4380 praepositipuam
1126 4301 1173 4352 σύν
1192 4305 1330 4380 omittunt.
1350 4303 1399 4354 ns·

356 4365 433 4424 puae]
467 4363 553 4416 ruma
574 4379 643 4426 quast
669 4372 767 4427 portum
789 4383 863 4431 quen·
896 4369 970 4420 kerm
980 4369 1091 4420 comesta
1103 4369 1299 4432 Persequitur.
