2866 4770
387 227 482 294 LIB.
507 228 620 294 XXX.
656 230 767 296 CAP.
793 237 822 297 6.
1065 239 1126 303 507

83 364 220 428 animos:
244 363 393 428 simulne
410 387 483 451 qua,
499 387 599 451 quum
613 367 680 453 ipse
692 366 733 430 ad
750 366 930 455 Syphacem
946 368 1129 435 Hasdruba·
1139 381 1173 434 U.
1186 383 1215 434 c.
1232 396 1286 449 ⁵49·

82 449 218 548 lemque¹
226 451 384 537 profectus
398 465 490 550 esset,
503 453 628 601 eruptio
639 475 679 516 ex
694 454 772 518 urbe
787 467 821 518 et
832 455 969 542 impetus
983 456 1018 520 in
1028 448 1169 522 castraA·
1187 449 1216 500 0·
1233 463 1287 512 203·

82 557 147 612 sua,
163 535 273 600 rehcta
286 558 361 601 cum
375 537 553 686 levrpraesr
578 560 618 614 ro,
634 538 733 604 fieret.

127 620 189 685 His
199 623 440 721 praeparabas
463 636 638 709 vocatoque
654 624 794 704 consilio,
811 626 936 694 edicere
951 627 1130 716 explorato·
1198 633 1227 693 5.
1333 631 1334 636 ’

82 707 168 772 ribus
197 709 297 785 1ussis,
324 731 406 795 quae
436 722 599 796 comperta
623 711 780 788 afferrent,
808 711 1050 801 Masinissaque,
1076 715 1270 790 cuilnseam

82 794 191 857 omnia
205 793 343 858 hostium
363 807 440 860 nota
454 808 561 872 erant3
583 808 744 895 postremo
759 799 837 884 ipse,
853 799 933 885 quid
951 813 1076 887 pararet
1095 780 1261 865 in⁸⁰¹¹³¹⁰”⁰·

82 880 259 965 proximam
289 893 427 958 noctem,
457 895 614 968 proponit
669 883 821 949 Tribunis
850 885 957 962 edicit,
987 899 1033 964 ut,
1063 887 1130 965 ubi,

56 965 239 1051 rpraetorio
254 965 392 1046 dimisso,
409 967 499 1054 signa
518 969 763 1047 concinuissent,
779 970 940 1058 extemplo
958 971 1132 1037 educerent

81 1052 191 1115 castris
213 1051 363 1139 legiones.
409 1053 469 1130 Ita,
492 1067 529 1118 ut
552 1055 769 1142 imperaverat,
793 1057 884 1143 signa
905 1057 963 1122 sub
986 1079 1131 1122 occasum

83 1137 156 1201 solis
168 1138 272 1202 efferri
286 1152 362 1202 sunt
372 1162 428 1204 coe
452 1152 493 1204 ta
540 1139 595 1204 Ad
610 1141 745 1228 primam
755 1141 854 1206 ferme
865 1143 1004 1229 vigiliam
1016 1165 1132 1244 agmen

82 1223 341 1310 explicaverunt:
369 1247 420 1289 me
446 1226 475 1290 ‘a
496 1238 590 1291 nocte
612 1226 749 1314 (septem
773 1229 860 1293 enim
885 1229 985 1292 millia
1010 1229 1132 1294 itineris

82 1309 189 1395 erant)
211 1311 337 1375 modico
362 1311 463 1397 gradu
486 1312 527 1376 ad
551 1324 651 1377 castra
676 1313 815 1379 hostium
837 1327 1034 1401 perventum.
1081 1313 1132 1380 Ibi

86 1393 192 1482 Scipio
201 1409 324 1496 partem
333 1398 495 1484 copiarum
507 1397 627 1476 Laelio,
639 1399 903 1486 Masinissamque
912 1423 949 1465 ac
962 1399 1130 1476 Numidas,

83 1483 247 1548 attriburtz
271 1495 305 1547 et
322 1497 424 1548 castra
446 1483 468 1547 S
513 1484 599 1548 bacis
622 1485 781 1563 invadere,
798 1487 951 1572 ignesque
974 1486 1131 1551 coniicere

53 1588 71 1622 2
83 1568 179 1633 iubet.
228 1569 376 1656 Singulos
387 1569 462 1634 dein
486 1593 504 1633 e
520 1571 697 1657 separatim,
710 1572 856 1636 Laelium
871 1595 907 1636 ac
919 1570 1131 1648 Masinissam,

82 1654 229 1720 seductos
243 1657 428 1734 obtestatur,
446 1664 509 1733 ‘ut
526 1669 682 1743 quantum
697 1681 762 1724 nox
797 1658 990 1723 rovidentiae
1002 1657 1131 1734 adimat,

53 1747 226 1804 3‘tantum
236 1740 401 1826 diligentia
412 1743 562 1828 expleant
573 1766 720 1892 curaque.
823 1743 1056 1808 Hasdrubalem
1066 1742 1132 1807 Pu-

84 1826 238 1912 ‘nicaque
254 1841 355 1890 castra
374 1849 603 1913 aggressurum.
681 1841 804 1893 etenim
823 1852 889 1892 non
907 1843 980 1893 ante
1001 1843 1133 1914 coeptu·

84 1918 184 1986 ‘rum,
201 1933 297 1996 quam
318 1912 427 1996 ignem
442 1913 474 1975 in
494 1913 588 1998 regiis
608 1915 716 1978 castris
735 1915 969 1999 conspexisset?
1014 1913 1131 1998 Neque

53 2018 121 2062 4ea
145 2018 195 2060 res
221 2009 342 2060 morata
365 1995 423 2060 diu
443 2011 500 2062 est.
548 1996 643 2074 Nam,
666 2011 703 2063 ut
724 1997 876 2084 proximis
897 1999 976 2062 casis
997 1999 1132 2062 iniectus

81 2082 166 2182 ignis
189 2081 299 2160 haesit,
316 2082 477 2182 extemplo
497 2084 643 2170 proxima
660 2105 816 2183 quaeque,
832 2095 866 2148 et
884 2083 1036 2233 deincqps
1056 2106 1133 2148 con·

82 2183 173 2233 tmua
188 2167 362 2254 amplexus,
376 2181 449 2232 totis
463 2191 496 2233 se
511 2171 626 2256 passim
642 2169 805 2256 dissipavit
819 2169 935 2234 castris.
1013 2170 1133 2256 ttrepi·

56 2253 170 2319 sdatio
185 2253 327 2340 quidem,
340 2267 492 2340 quantam
507 2279 635 2321 necesse
650 2269 728 2333 erat,
739 2256 773 2319 in
787 2267 944 2320 nocturno
955 2255 1056 2319 effuso
1068 2269 1132 2320 tam

83 2339 145 2404 late
158 2340 318 2418 incendio,
330 2355 400 2405 orta
414 2353 478 2405 est:
503 2356 653 2419 ceterum,
670 2341 844 2419 fortuitum,
857 2365 922 2406 non
938 2340 1084 2406 hostilem
1096 2364 1132 2405 ac

82 2425 243 2502 bellicum,
259 2427 268 2489 i
315 2449 367 2491 em
382 2427 442 2490 rati
460 2449 537 2504 esse,
553 2428 621 2492 sine
636 2429 731 2492 armis
745 2427 786 2492 ad
801 2426 1063 2514 restinguendum
1080 2427 1130 2491 in·

83 2511 233 2575 caudium
249 2449 350 2588 eihsi,
367 2514 402 2576 in
419 2526 555 2578 armatos
569 2514 709 2578 incidere
730 2513 845 2590 hostes,
861 2513 998 2577 maxime
1015 2511 1132 2577 Numi·

83 2596 148 2673 das,
165 2597 204 2661 ab
220 2597 390 2662 Masinissa
404 2599 517 2664 notitia
534 2600 692 2699 regiorum
710 2613 883 2664 castrorum
904 2599 945 2664 ad
959 2600 1064 2662 exitus
1079 2599 1132 2662 iti·

83 2703 197 2746 nerum
220 2683 342 2748 idoneis
366 2683 442 2748 locis
466 2685 641 2772 dispositos.
687 2684 810 2751 Multos
829 2686 863 2749 in
882 2685 958 2771 ipsis
975 2685 1132 2750 cubilibus

83 2769 288 2833 semisomnos
304 2770 408 2834 hausit
422 2771 565 2836 flamma:
589 2770 682 2837 multi
703 2772 735 2835 in
751 2771 916 2858 praecipiti
935 2771 1020 2857 fuga,
1036 2793 1132 2834 ruen-

84 2867 131 2917 tes
146 2877 240 2940 super
254 2855 331 2919 alios
345 2856 409 2933 alii,
422 2857 456 2919 in
472 2859 624 2944 angustiis
638 2869 799 2943 portarum
815 2856 924 2920 obtriti
935 2870 1018 2920 sunt.
1065 2855 1131 2919 Re·
1216 2895 1225 2911 ·

83 2939 242 3004 lucentem
258 2941 417 3006 flammam
431 2942 535 3027 primo
549 2942 659 3027 vigiles
675 2941 997 3026 Carthaginiensium,
1014 2940 1131 3004 deinde

84 3026 214 3090 excitati
229 3026 283 3090 alii
302 3040 459 3092 nocturno
479 3026 620 3090 tumultu
634 3047 734 3110 quum
754 3025 1002 3109 conspexissent,
1019 3025 1058 3087 ab
1078 3047 1133 3090 eo-

84 3110 158 3175 dem
181 3134 285 3177 errore
309 3111 438 3176 credere
461 3124 494 3175 et
515 3112 575 3198 ipsi
597 3133 654 3174 sua
675 3122 787 3195 sponte
810 3108 994 3173 incendium
1017 3121 1130 3174 ortum.

59 3195 130 3259 ⁶Et
150 3197 268 3261 clamor
289 3199 373 3261 inter
394 3196 524 3262 caedem
543 3209 576 3260 et
597 3195 729 3259 vulnera
748 3195 897 3270 sublatus,
918 3217 959 3257 an
977 3215 1018 3256 cx
1037 3195 1133 3280 trepi-

85 3281 212 3347 datione
240 3297 395 3347 noctuma
418 3295 510 3360 esset,
535 3282 692 3358 confusus,
718 3303 845 3346 sensum
870 3280 937 3344 veri
963 3277 1130 3345 adimebat.

120 3464 278 3512 rPraetos-io
294 3463 402 3521 dimum]
423 3477 457 3509 sc.
475 3461 593 3518 Consilio,
626 3477 670 3522 pro
697 3462 816 3523 proeimit
848 3461 1014 3522 reponendum
1047 3460 1134 3508 suadet

85 3525 151 3587 quod
178 3525 204 3572 in
235 3525 356 3588 praetorio
385 3525 528 3574 habebatur.
562 3525 592 3573 cf.
627 3525 734 3573 Gronov.
761 3529 815 3571 tum
840 3523 898 3585 quia
923 3539 995 3571 voces
1019 3525 1134 3584 prosimu

85 3604 151 3650 supr.
163 3589 212 3637 xxi.
226 3602 265 3650 54.
626 3603 736 3650 quaeqae
759 3593 902 3648 sequuntur,
926 3593 978 3634 tum
1006 3585 1064 3648 quia
1086 3586 1133 3634 Po-

119 3653 410 3714 aSinpalos18in9ulos
424 3654 511 3702 deindo
525 3667 593 3713 sapa-
627 3651 708 3714 lybius
731 3651 766 3698 ita
788 3650 890 3711 scripsit.
929 3649 1133 3698 Emendationem

85 3718 160 3764 ratim
178 3731 194 3764 a
214 3731 266 3764 sese
285 3716 398 3775 invicem,
417 3717 538 3774 Laelium,
557 3716 593 3762 in·
627 3715 735 3764 Gronov.
746 3713 771 3761 in
783 3718 878 3762 textum
890 3713 983 3776 recepit
995 3713 1101 3761 Bekkar.

86 3793 169 3840 quam,
177 3787 200 3828 ei
207 3780 374 3838 Masinissam,
381 3780 512 3828 seductosa
521 3779 593 3840 vulgo
659 3792 672 3840 5
690 3781 814 3837 Quantam
824 3773 995 3837 remearat]
1011 3778 1135 3834 Quantum

87 3849 112 3890 et
126 3845 206 3900 turba,
216 3845 354 3892 obtestatur.
389 3843 494 3890 Videtur
510 3841 594 3890 Livius
626 3857 670 3904 pro
687 3843 751 3903 vulg.
768 3847 862 3904 quonia
880 3839 1019 3888 emendavit
1039 3841 1134 3888 Grono-

87 3905 142 3954 ideo
169 3905 314 3968 expressisse
338 3904 437 3953 nomina
462 3905 540 3954 Laelii
568 3911 592 3954 et
625 3907 687 3964 vius,
708 3906 750 3954 sed
776 3911 870 3968 qttontc
897 3909 993 3954 servant
1014 3905 1086 3954 Crsv.
1109 3909 1134 3952 et

88 3969 241 4028 Masinissae,
268 3975 296 4018 ut
328 3967 480 4030 restringeret
508 3984 592 4018 vocem
627 3969 732 4018 Bekker.

87 4035 204 4095 ainpalos,
221 4049 284 4094 quae
304 4031 395 4080 latioris
412 4031 594 4094 significationis
657 4032 732 4082 orn
758 4049 790 4082 aa
819 4034 980 4094 trepidatione
1011 4039 1135 4080 nocturno

88 4111 139 4145 etse
151 4101 253 4159 poterat.
271 4099 352 4146 Cssv.
625 4105 694 4156 eost,
708 4095 838 4158 consuas]
858 4095 961 4157 Aliquid
978 4094 1091 4142 vitiosum
1109 4093 1134 4141 in

121 4173 134 4220 3
160 4162 295 4221 Dilipeatia
325 4161 440 4221 saplebat
469 4163 590 4222 curaque]
625 4161 672 4209 hoc
694 4161 749 4209 loco
771 4162 847 4209 latera
869 4165 941 4221 putat
961 4159 1070 4207 Gronov.
1091 4158 1134 4204 sed

89 4223 181 4272 Totum
197 4224 263 4284 huuc
281 4226 360 4271 locum
379 4238 392 4270 a
411 4224 497 4284 Polyb.
510 4224 559 4270 xiv.
570 4241 592 4284 4.
626 4224 731 4274 Crevier.
755 4224 813 4272 licet
835 4220 983 4271 constructio
1006 4221 1133 4267 verborum

89 4288 246 4349 desumptum
259 4303 310 4336 esse
321 4291 404 4334 uronet
416 4287 535 4348 Sigonius
626 4288 708 4336 durior
725 4287 764 4344 sit,
782 4287 817 4334 ita
838 4285 928 4346 exponi
951 4299 1020 4346 posse
1043 4288 1134 4342 censet,

122 4353 277 4411 4Proaimir
290 4353 352 4400 cosia
366 4349 483 4412 iniectus]
501 4352 594 4399 Primis
626 4353 716 4400 clamor
738 4352 864 4410 omissam,
886 4347 937 4396 siva
964 4347 1078 4405 incertus,
1100 4363 1135 4395 an
