3002 4798
401 180 497 249 Lm.
523 183 618 248 xxr.
655 159 765 250 can
791 189 842 250 35.
1102 195 1141 253 31

93 341 135 386 ex
157 330 247 406 parte
263 317 555 385 alterasubiectam
572 319 646 404 iugo
666 320 737 384 insu
779 343 796 384 r
817 320 997 388 imminenti
1012 338 1143 389 ventum
1155 339 1188 388 U.
1200 338 1229 388 e.
1243 351 1297 400 534·

92 419 153 482 est,
175 404 319 492 undique
341 427 383 468 ex
404 404 527 468 insidiis
547 405 711 470 barbaria
760 421 845 483 onte,
864 408 904 474 ab
923 421 954 472 te
992 431 1012 474 o
1034 411 1143 486 coorti,
1154 405 1183 451 Α·
1201 403 1298 451 ⁰³¹⁸·

93 490 376 563 cominuseminus
390 503 522 577 petunt:
546 491 774 578 saxaingentia
787 492 821 556 in
871 516 946 558 men
980 495 1142 560 evolvunt:

72 576 236 642 manime
249 577 288 640 ab
304 588 352 640 ter
405 577 452 653 vis
466 576 633 641 hominum
647 576 788 664 urgebat
888 603 1041 645 eosversn
1054 583 1146 668 pedi·

94 676 165 726 tum
188 662 271 747 acies
292 661 354 726 hau
400 656 534 726 dubium
554 661 639 754 fecit,
662 663 751 749 quin,
773 664 833 727 nisi
855 664 980 730 firmata
997 681 1146 734 ‘extrema

169 747 232 812 inis
244 747 387 824 fuissent,
401 749 513 834 ingens
527 748 561 811 in
576 771 615 812 eo
626 748 707 819 saltu
723 749 909 836 accipienda
922 750 1028 836 clades
1038 753 1143 818 fuerit.

93 770 192 897 ffic
214 856 344 920 quoque
370 832 411 898 ad
433 847 613 903 extremum
637 833 770 920 periculi
790 858 827 905 ac
849 858 947 923 prope
970 839 1146 924 perniciem

94 931 227 982 ventum
236 933 298 983 est:
323 941 407 995 nam,
417 919 494 984 dum
506 931 674 983 cunctatur
683 917 846 986 Hannibal
854 921 1021 988 demittere
1031 947 1146 1010 agmen

94 1005 130 1068 in
247 1005 325 1079 tias3
349 1005 424 1089 qula
439 1027 514 1080 non,
530 1018 567 1069 ut
581 1005 678 1092 ipsse
703 1006 821 1070 ultibus
836 1008 994 1094 praesidio
1008 1023 1085 1086 erat,
1101 1012 1146 1075 ita

94 1089 199 1176 pediti
222 1111 260 1154 us
271 1091 442 1175 quicquam
453 1091 493 1154 ab
510 1105 598 1176 tergo
614 1029 724 1155 auxilii
733 1090 921 1178 reliqueram
945 1112 1146 1160 occursantes

72 1195 152 1262 sper
163 1175 295 1262 obliqua
302 1175 455 1261 montani,
467 1190 617 1263 perrupto
627 1176 733 1241 medio
742 1179 879 1264 agmine,
889 1180 972 1245 viam
984 1181 1142 1249 insedere:

94 1282 227 1346 noxque
247 1283 312 1324 una
330 1259 504 1326 Hannibali
524 1261 593 1325 sine
614 1263 774 1360 equitibus
794 1278 888 1350 atque
908 1266 1144 1352 impedimentis

94 1359 233 1412 actaest.
279 1346 411 1411 Postero
420 1347 483 1423 die,
493 1347 556 1410 iam
566 1370 693 1434 segnius
705 1349 986 1416 intercursantibus
996 1353 1143 1430 barbaris,
1250 1410 1259 1426 ,

94 1433 224 1498 iunctae
245 1432 365 1519 copiae,
388 1432 549 1519 saltusque
573 1433 660 1498 haud
682 1434 749 1498 sine
772 1434 871 1512 clade,
894 1437 1010 1502 maiore
1037 1451 1143 1503 tamen

94 1517 320 1595 iumentorum,
345 1541 440 1604 quam
463 1517 639 1596 hominum,
662 1519 812 1618 pernicie,
836 1536 1009 1607 superatus.
1063 1524 1151 1589 Inde.

94 1604 240 1668 montani
254 1604 417 1690 pauciores
433 1603 504 1681 iam,
516 1616 549 1669 et
564 1604 720 1670 latrocmii
735 1607 834 1693 magis
845 1629 942 1693 quarn
957 1609 1034 1673 belli
1046 1632 1143 1687 more,

94 1689 345 1765 concursabant3
381 1689 477 1754 modo
506 1691 540 1752 in
569 1691 719 1776 primum,
747 1692 843 1757 modo
875 1693 910 1756 in
938 1695 1144 1760 novissimum
1220 1696 1223 1707 '

95 1797 222 1862 agmen,
237 1787 400 1861 utcunque
424 1791 478 1840 aut
495 1775 583 1840 locus
597 1778 868 1862 opportunitatem
883 1779 982 1860 daret,
998 1794 1053 1868 sut
1072 1804 1145 1868 pro·

94 1862 193 1948 gressi
208 1859 360 1926 morative
383 1861 521 1947 aliquam
542 1863 738 1927 occasionem
759 1863 915 1930 fecissent.
962 1865 1144 1954 Elephanti,

71 1947 179 2018 ssicut
195 1969 256 2034 per
267 1959 349 2012 artas
368 1947 556 2046 praecipites
571 1948 636 2012 vias
659 1972 774 2035 magna
793 1973 882 2014 mora
900 1953 1084 2038 agebantur,
1100 1954 1146 2018 ita

96 2047 203 2097 tutum
228 2034 268 2098 ab
294 2032 446 2109 hostrbus,
473 2055 664 2119 quacunque
691 2035 886 2113 incederent,
913 2037 990 2123 quia
1013 2039 1145 2104 insuetis

95 2118 237 2182 &eundi
251 2119 381 2206 propius
396 2133 499 2182 metus
513 2131 589 2194 erat,
605 2142 720 2204 agmen
735 2122 937 2206 praebebant.

141 2203 240 2269 Nono
269 2204 322 2269 die
345 2205 378 2267 in
400 2204 510 2290 iugum
534 2204 668 2291 Alpium
690 2218 879 2292 perventum
901 2220 959 2283 est,
981 2231 1040 2295 per
1060 2210 1147 2274 invia

95 2289 248 2390 pleraque
263 2303 297 2364 et
311 2311 441 2366 errores,
452 2313 532 2376 quos
547 2304 603 2353 sut
612 2291 800 2355 ducentium
814 2292 908 2368 fraus,
919 2309 983 2370 aut,
996 2295 1052 2359 ubi
1067 2295 1146 2358 fides

96 2376 136 2438 ris
162 2399 229 2440 non
252 2389 343 2452 esset,
368 2373 493 2440 temere'
514 2375 612 2440 initae
635 2375 733 2456 valles
758 2399 777 2442 a
800 2378 1051 2444 coniectantibus
1075 2381 1144 2458 iter,

95 2461 265 2526 faciebant.
311 2460 496 2526 Biduumin
511 2461 587 2561 iugo
598 2463 711 2529 stativa
724 2462 852 2534 habita:
876 2463 1029 2552 fessisque
1036 2466 1144 2532 labore

96 2569 135 2611 ac
146 2547 318 2634 pugnando
328 2548 419 2634 quies
428 2547 503 2611 data
513 2547 683 2625 mrlitibus3
707 2549 912 2650 iumentaque
922 2551 1052 2638 aliquot,
1063 2576 1145 2639 quae

95 2631 243 2719 prolapsa
265 2633 300 2696 in
325 2634 457 2719 rupibus
482 2645 582 2711 erant,
607 2635 771 2720 sequendo
797 2637 929 2724 vestigia
953 2639 1087 2724 agminis
1111 2640 1145 2702 in

95 2731 200 2783 castra
220 2741 401 2806 pervenere.
449 2717 550 2784 Fessis
571 2719 678 2786 taedio
700 2733 749 2786 tot
771 2722 924 2788 malorum
948 2725 1028 2788 nivis
1048 2725 1144 2790 etiam

72 2815 198 2881 tessus,
214 2804 378 2889 occidente
393 2805 457 2870 iam
471 2805 574 2895 sidere
585 2804 808 2894 Vergiliarum,
821 2807 984 2908 ingentem
995 2811 1145 2878 terrorem

96 2889 232 2968 adiecit,
269 2883 333 2954 Per
347 2891 454 2956 omnia
466 2891 546 2974 ⁸nive
568 2915 587 2954 o
609 2891 696 2978 plet's
716 2915 825 2992 quum,
841 2895 939 2981 signis
956 2897 1058 2982 prima
1074 2896 1145 2961 luce

96 2975 203 3052 motis,
219 2977 358 3063 segniter
379 2999 495 3063 agmen
512 2913 684 3055 incederet,
707 2980 897 3082 pigritiaque
913 2994 947 3044 et
968 2981 1145 3080 desperatio

71 3062 133 3124 6in
147 3061 291 3126 omnium
305 3062 395 3127 vultu
414 3063 586 3139 emineret;
631 3086 809 3149 raegressus
828 3089 918 3152 srgns
933 3065 1096 3132 Hannibal
1111 3069 1146 3131 in

96 3147 315 3234 promontorio
337 3147 486 3235 quodam,
502 3148 589 3212 unde
610 3085 704 3235 lbnge
721 3173 758 3214 ac
780 3148 843 3214 late
862 3165 1045 3238 prospectus
1067 3167 1144 3229 erat,

96 3234 268 3298 consistere
298 3234 389 3297 iussis
416 3233 568 3298 militibus
598 3231 722 3301 Italiam
753 3248 899 3312 ostentat,
925 3238 1146 3324 subiectosque

98 3318 228 3405 Alpinis
237 3320 397 3384 montibus
414 3317 686 3405 Circumpadanos
697 3341 841 3405 campos:
867 3322 1077 3420 ‘moeniaque
1092 3345 1147 3387 eos

99 3417 167 3468 tum
191 3405 412 3470 transcendere
434 3427 500 3469 non
519 3403 629 3477 Italiae
652 3403 758 3481 modo,
773 3404 830 3468 sed
851 3405 948 3469 etiem
970 3408 1056 3471 urbis
1079 3408 1147 3472 Ro-

869 589 877 598 ι

131 3613 145 3647 r
162 3601 196 3648 In
212 3614 252 3649 sor
266 3614 338 3648 versa
354 3599 464 3674 peditum
480 3600 556 3672 peter]
576 3597 607 3646 In
639 3598 736 3646 bantur.
754 3595 866 3674 Parnm
943 3664 948 3674 Ι
1097 3664 1120 3676 ..

97 3663 608 3788 mittitttstttttlttttt
639 3663 1147 3787 mis⁰⁶i⁸iffsbss⁰lfflmllllli

96 3807 154 3854 qtae,
171 3789 230 3838 licet
249 3789 323 3839 etiam
343 3787 463 3838 rimasset
480 3788 608 3836 Hannibal
640 3788 726 3837 stellam
737 3795 831 3850 septem
842 3789 867 3836 in
879 3789 943 3838 collo
953 3789 1036 3840 Tauri.
1071 3791 1146 3840 Ocea·

97 3860 209 3902 extrema
219 3852 332 3915 agminis,
342 3859 424 3902 tamen
435 3889 441 3902 .
453 3888 460 3901 .
472 3887 478 3900 .
640 3867 680 3900 sus
692 3851 822 3900 Pleiadum
833 3853 864 3901 de
875 3867 924 3914 quo
939 3853 980 3901 hic
993 3854 1043 3916 agit
1055 3853 1146 3915 Iirius,

131 3931 146 3979 3
162 3919 288 3978 Pompa
302 3918 381 3966 medlo
395 3916 504 3978 somine]
527 3918 607 3965 Inte*
640 3916 805 3979 contingebat,
817 3917 893 3965 Plinii
911 3931 981 3975 aevo,
996 3919 1068 3967 tertio
1086 3919 1147 3967 Idus

96 3988 172 4043 mue
180 3995 211 4029 ex
218 3979 391 4029 emendations
398 3979 515 4029 Gronovii
523 3980 548 4028 in
555 3985 607 4028 tex-
641 3979 798 4040 Novembris,
815 3979 869 4041 ipso
887 3986 958 4040 teste,
975 3981 1010 4030 H.
1028 3982 1062 4030 N.
1078 3983 1146 4032 xviii.

97 4051 152 4092 tum
163 4043 256 4106 recepit
268 4043 375 4092 Bekker.
642 4058 679 4106 3¹·
697 4044 778 4093 Cast.
801 4043 832 4093 ci.
845 4044 945 4093 Pollii.
957 4057 996 4106 54.

134 4108 334 4169 4Praem'ptm}
361 4106 436 4156 Proui
457 4107 489 4154 ad
511 4107 608 4169 lapsum
672 4105 1147 4171 61upremontmioqaodem11ugoffl-

97 4171 124 4220 in
147 4171 209 4220 loeis
229 4171 366 4220 declivibus
384 4175 410 4218 et
427 4169 609 4233 praecipitibus.
642 4170 711 4234 pium
722 4171 842 4233 praealto,
852 4171 877 4219 in
888 4172 967 4220 altum
978 4169 1085 4235 (non,ut
1097 4173 1147 4234 ple·

99 4234 185 4284 Dona.
210 4235 610 4297 Praecipites,b.e.perarduaac
643 4249 754 4297 rumque,
764 4235 789 4283 in
801 4233 880 4298 mare)
892 4236 1051 4298 prominente.
1072 4237 1137 4286 lior.

99 4298 214 4356 declivia,
225 4298 284 4361 quin
300 4303 433 4360 praerupta
446 4313 528 4360 saepe,
539 4299 610 4346 duce-
