2878 4772
332 217 402 282 462
728 210 842 279 ΤΙΤΙ
868 209 1005 278 LIVII

210 360 260 412 .c.
275 351 482 429 nnaffirum,
507 349 702 438 pugnabant,
730 347 834 415 obruti
865 347 936 414 telis
964 347 1200 424 oocubuenrnt,
1225 361 1298 414 tum
1324 349 1391 436 luga

230 427 261 480 ⁰·
276 436 454 526 ²⁰⁵·passim
477 449 599 525 coepte,
621 435 793 524 pluresque
815 436 908 514 caesi,
931 435 1008 523 quia
1028 457 1131 522 equos
1156 435 1391 502 comcendendi

340 524 502 678 nubi
551 521 1392 686 ,tinssuttitutuitffiutt

341 709 655 846 u
676 695 1026 763 Νι
1050 631 1392 847 nubunt

341 805 1098 1022 marulli
1113 868 1392 1021 itanu

342 1056 464 1130 gerant,
491 1043 589 1129 sparsi
612 1042 716 1129 primo
783 1064 800 1106 r
824 977 946 1129 sgsrpbbin
947 977 1066 1106 'uendi
1096 1040 1133 1104 in
1165 977 1245 1106 sdes
1268 1043 1392 1130 quisque

244 1139 274 1199 3.
344 1129 487 1195 civitates
516 1128 688 1194 redierunt.
734 1065 820 1194 ltin
845 1151 865 1193 a
891 1127 1070 1192 Mandonio
1099 1129 1234 1193 evocati
1265 1130 1300 1194 in
1328 1151 1394 1192 con-

188 1223 328 1298 Denuntio
344 1215 464 1292 cilium,
483 1215 713 1302 conquestique
735 1215 780 1280 ibi
801 1213 908 1280 clades
929 1236 1010 1292 suas,
1028 1213 1200 1301 increpitis
1222 1216 1394 1280 anctoribrs

186 1287 303 1350 ΗΜ·
343 1302 430 1380 belli,
448 1301 568 1389 legatos
589 1300 762 1366 mittendos
783 1301 823 1366 ad
847 1323 935 1366 arma
956 1299 1112 1364 tradenda
1132 1299 1393 1387 deditionemque

343 1387 522 1454 faciendam
536 1401 737 1454 censuerunt.
785 1387 921 1464 Quibus,
937 1386 1063 1473 culpam
1081 1387 1119 1450 in
1136 1401 1312 1452 auctorem
1329 1387 1393 1451 belli

344 1473 527 1552 Indibilem,
547 1487 733 1561 ceterosque
755 1473 923 1561 principes,
943 1495 1079 1623 qporum
1101 1472 1260 1560 plerique
1282 1475 1317 1539 in
1337 1473 1392 1537 scic

343 1560 541 1637 cecidissent,
556 1559 800 1638 conferentibus,
820 1559 955 1624 tradenti
980 1581 1079 1644 usque
1103 1581 1208 1636 arms,
1228 1573 1265 1625 et
1286 1559 1393 1626 deden·

345 1647 429 1712 tibus
446 1669 524 1722 sese,
540 1668 726 1734 responsum
746 1659 813 1710 est:
839 1644 899 1710 ‘In
921 1644 1119 1717 deditionem
1140 1646 1192 1710 ita
1213 1647 1319 1734 accipi
1339 1669 1392 1721 eos,

345 1733 394 1798 ‘si
419 1731 634 1798 Mandonium
666 1746 852 1820 ceterosque
881 1731 957 1797 belli
985 1732 1165 1797 concitores
1198 1733 1393 1798 tradidissent

345 1819 473 1885 ‘vivosr
497 1818 547 1884 sin
561 1819 676 1896 minus,
692 1819 850 1885 exercitus
869 1841 903 1883 se
923 1819 957 1883 in
972 1839 1082 1904 agrum
1098 1817 1287 1905 Ilergetum
1303 1821 1394 1884 Διει-

345 1913 588 1993 ‘tonorumque
612 1918 646 1971 et
671 1905 822 1993 deinceps
847 1904 981 1970 aliorum
1006 1903 1206 1991 populorum
1233 1905 1393 1971 ducturos'

187 1991 438 2080 qudoniuancc
452 1992 539 2057 dicta
555 1991 677 2079 legatis,
692 1992 936 2078 renuntiataque
953 1990 989 2055 in
1006 1989 1193 2056 concilium.
1243 1991 1296 2058 Ibi
1312 1991 1393 2056 llan-

188 2067 334 2169 “Q'd
346 2078 462 2144 donius
482 2078 643 2165 ceterique
665 2079 824 2167 principes
846 2077 1066 2164 comprehensi
1083 2089 1119 2140 et
1136 2077 1257 2143 maditi
1274 2079 1316 2144 ad
1331 2101 1393 2164 arp-

187 2131 271 2248 ffl
345 2165 487 2254 plicium.
533 2163 707 2251 Hispaniae
721 2163 847 2252 populis
864 2163 989 2229 reddita
1003 2185 1088 2264 par:
1113 2164 1320 2251 stipendium
1336 2167 1392 2230 eins

346 2252 424 2318 anni
437 2251 559 2340 duplex
573 2266 606 2316 et
619 2251 815 2316 frumentum
835 2271 892 2315 sex
912 2271 1069 2314 menarum
1088 2249 1303 2336 imperatum,
1317 2273 1409 2340 φῖ

347 2361 411 2426 que
426 2349 465 2440 et.
474 2352 566 2426 togae
581 2337 747 2415 exercitui,
762 2351 796 2403 et
809 2336 935 2402 obsides
952 2338 992 2401 ab
1008 2335 1140 2424 triginta
1152 2337 1263 2403 ferme
1280 2339 1424 2426 populus*

345 2437 639 2612 ἪιιΗίιριιιίεο
663 2511 844 2578 rebellantis
869 2487 1018 2589 tumultu,
1041 2507 1131 2611 haud
1155 2533 1284 2600 magno
1305 2524 1390 2608 motu

345 2609 429 2661 rutra
447 2620 567 2685 paucos
586 2598 654 2664 dies
672 2599 798 2664 concito
817 2611 851 2663 et
870 2619 1058 2684 compresso,
1076 2619 1113 2660 ιιι
1127 2596 1284 2671 Afiicarn
1303 2619 1391 2663 omnis

190 2697 289 2750 Lucum
347 2695 448 2748 terror
471 2707 588 2750 versus.
636 2683 675 2750 C.
693 2683 821 2749 Laelius
850 2697 944 2750 nocte
972 2682 1014 2748 ad
1040 2681 1111 2770 Hip
1153 2706 1236 2750 nem
1266 2685 1390 2772 Regiam
1422 2709 1423 2741 ι

189 2765 267 2813 Μ
276 2763 339 2812 ΜΠ
347 2791 447 2870 quum
469 2771 658 2848 accessisset,
679 2769 750 2835 lucc
773 2770 875 2857 prima
895 2770 937 2835 ad
959 2705 1183 2857 populandrim
1208 2793 1324 2858 agrum
1344 2769 1390 2833 sub

189 2843 323 2946 &³⁰⁹⁰
346 2855 444 2943 atgrris
472 2856 591 2922 milites
619 2856 783 2957 sociosque
812 2855 938 2921 navales
963 2855 1065 2920 duxit
1113 2854 1295 2935 Omnibus,
1320 2855 1391 2944 pacis

346 2943 443 3008 modo
463 2943 620 3008 incuriose
639 2945 815 3030 agennbus,
831 2964 946 3029 magna
967 2941 1073 3007 clades
1093 2941 1206 3008 illata:
1232 2945 1390 3028 nuntiique

347 3029 465 3117 trepidi
488 3028 717 3130 Carthaginem
740 3043 856 3094 terrore
879 3028 1003 3114 ingenti
1028 3027 1248 3115 complevere,
1274 3030 1390 3095 clamen
1421 3043 1422 3127 l

348 3113 528 3180 Romanam
546 3114 792 3203 Sciproncmque
811 3115 856 3178 im
899 3127 1034 3179 satorem
1049 3114 1202 3200 (etfama
1215 3115 1325 3181 suem
1342 3116 1392 3178 ian

347 3200 382 3264 iu
402 3201 542 3268 Siciliam
562 3200 806 3288 transgressum)
826 3137 998 3265 adiutae.
1044 3199 1118 3264 Nee
1138 3213 1224 3287 quot
1246 3225 1345 3268 neves
1357 3201 1392 3262 ri·

347 3285 478 3365 dissent,
497 3311 557 3353 nec
579 3301 700 3374 quanta
720 3309 832 3352 manus
854 3309 945 3373 agros
965 3285 1184 3386 popularem,
1203 3289 1285 3354 satis
1306 3309 1392 3376 guno,

346 3375 456 3438 omnia
468 3373 503 3437 in
518 3373 628 3452 maius,
645 3386 734 3438 metu
747 3383 894 3461 augente,
910 3372 1117 3473 accipiebant.
1164 3373 1290 3462 Itaque
1303 3376 1391 3462 prime

190 3470 449 3528 ‘remrcasterror
469 3481 641 3547 pavorque,
657 3459 734 3524 dein
755 3459 914 3524 maestitia
932 3481 1055 3523 animos
1076 3458 1232 3526 inceaeit:
1260 3471 1272 3502 ‘
1283 3473 1391 3526 tantun

188 3539 327 3652 {nannian-
349 3545 530 3612 ‘fortunam
559 3557 705 3624 munnae,
739 3559 784 3622 ut,
815 3545 872 3632 qui
900 3545 997 3610 modo
1025 3544 1086 3632 ipsi
1115 3547 1305 3612 exercitum
1332 3562 1407 3611 sotei

203 3619 263 3657 ¹¹¹⁰*
349 3633 497 3698 ‘moenia
509 3633 656 3698 Romana
665 3632 850 3697 habuissent
859 3631 1003 3708 victores,
1015 3629 1187 3718 ouansque
1199 3645 1254 3698 tot
1268 3634 1395 3699 hostiurn

349 3719 571 3798 ‘exercitibus
588 3741 698 3783 omnes
712 3717 823 3782 Italiae
838 3716 972 3818 populos
989 3730 1045 3782 aut
1059 3716 1090 3780 vi
1108 3730 1167 3782 aut
1180 3718 1351 3786 voluntate
1369 3719 1395 3780 in

348 3804 567 3871 ‘deditionem
589 3804 803 3891 accepissent3
829 3803 863 3880 ir,
885 3825 977 3868 verso
1001 3801 1118 3880 Marte,
1141 3803 1283 3872 Ali-icae
1307 3827 1395 3894 popu

383 3983 396 4036 7
412 3975 575 4024 Frumentum
584 3992 628 4026 aas·
637 3975 769 4036 mum]
783 3977 857 4025 Men·
921 3975 937 4024 8
956 3975 1047 4037 Tapae]
1060 3973 1142 4037 regu
1152 3975 1253 4026 milites
1264 3977 1293 4027 in
1303 3976 1393 4028 noem

348 4053 411 4097 mm,
422 4037 489 4099 quod
504 4039 530 4086 in
547 4039 618 4090 codd.
630 4039 693 4102 Reg.
704 4045 729 4088 et
744 4038 802 4089 Put.
816 4053 857 4087 ex·
889 4039 1391 4102 etotiocactrommgeatanacmsetcrrt

349 4101 640 4174 statreposuitlerker.
674 4102 706 4152 In
717 4101 857 4152 huiusmodi
889 4101 920 4152 ct
931 4116 997 4164 supr.
1008 4102 1068 4150 xxii.
1079 4115 1117 4164 5⁴-
1130 4103 1188 4154 infr.
1201 4104 1267 4155 xliv.
1283 4105 1320 4156 rn

348 4163 461 4226 genitivis
488 4163 586 4212 Livium
613 4181 663 4214 non
689 4181 786 4229 semper
812 4166 858 4215 nni
921 4180 938 4228 9
953 4167 1090 4215 Fortiorem
1100 4169 1225 4228 cauum]
1247 4171 1389 4228 Mutunus

348 4233 461 4276 comtare
496 4228 669 4277 animadvertit
701 4231 857 4279 Drakenbor
889 4231 982 4278 mutari
996 4229 1138 4292 frequenter
1152 4245 1169 4278 a
1185 4231 1264 4281 Livio
1278 4235 1330 4282 dici
1345 4245 1389 4290 aar:

350 4289 428 4349 chius,
442 4291 559 4351 quomam
578 4307 654 4352 apum
671 4297 697 4340 et
713 4296 809 4356 aptum,
822 4309 858 4346 ce·
890 4293 924 4342 iii.
939 4307 976 4343 ιο.
992 4301 1022 4342 ut
1035 4295 1099 4346 nibil
1112 4295 1173 4345 eder
1187 4303 1314 4354 m
1328 4299 1389 4347 drot

351 4352 408 4400 dum
419 4358 444 4402 et
454 4354 547 4403 redium
558 4353 648 4416 pariter
659 4363 767 4420 unrrpat.
891 4357 1020 4412 Draksnb.
