2966 4778
353 213 413 278 172
741 207 854 274 ΤΙΤΙ
881 207 1015 274 LIVII

194 359 229 410 U.
241 357 271 409 c.
288 346 506 421 537.adiiciunt
551 346 658 411 uidam
685 347 833 412 annales:
861 370 962 433 quum
987 347 1040 410 ref
1080 347 1197 410 'entem
1223 345 1267 410 ad
1292 345 1404 410 urbem

193 426 225 474 A.
242 423 272 474 ⁰·
289 435 344 487 ²¹5·
353 434 510 499 Tauream
528 371 682 497 lluudius
702 447 898 521 sequeretur,
916 434 1039 520 patenti
1086 434 1203 496 ostium
1222 444 1337 518 portae
1358 433 1405 494 in-
1469 433 1470 454 l

351 532 487 596 vectum,
503 541 561 618 per
582 519 722 596 alteram,
741 520 940 606 stupentibus
960 517 1112 583 miraculo
1132 519 1289 611 hostibus,
1305 519 1405 582 intac-

351 619 420 671 tum
435 627 576 670 evasisse.

241 707 294 768 48,
399 691 519 766 Quieta
540 691 616 756 inde
638 692 751 756 stativa
771 691 869 767 suere,
890 713 927 754 ac
946 703 1031 755 retro
1051 691 1146 754 etiam
1168 690 1284 754 consul
1306 691 1405 754 movit

352 771 462 854 castra,
484 790 521 842 ut
542 790 716 842 sementem
739 775 896 862 Campani
914 775 1071 840 facerent:
1096 797 1157 839 nec
1176 789 1252 839 ante
1275 775 1406 840 violavit

352 887 463 951 agrurn
491 862 703 948 Campanum,
726 884 823 948 quam
845 863 908 926 iam
934 861 1015 926 altae
1041 862 1075 924 in
1098 862 1260 948 segetibus
1285 862 1404 926 herbae

351 949 503 1037 pabulum
533 949 683 1035 praebere
753 961 865 1012 terant.
911 946 950 1011 Id
979 948 1128 1012 convexit
1156 949 1191 1010 in
1223 946 1406 1012 Claudiana

352 1049 453 1101 casua
476 1057 571 1122 super
598 1033 713 1099 Suessu
726 1057 795 1110 am3
826 1033 935 1120 ibique
959 1033 1094 1098 hiberna
1118 1033 1307 1098 aedificavit.
1330 1076 1333 1080 -
1357 1033 1403 1097 Μ.

262 1131 266 1137 ’
354 1121 492 1187 Claudio
514 1120 693 1207 proconsuli
711 1121 886 1206 imperavit,
910 1132 955 1196 ut,
978 1132 1103 1184 retento
1127 1117 1230 1184 Nolae
1258 1143 1406 1184 necm-
1469 1123 1470 1128 ’

351 1207 399 1272 rio
414 1207 622 1273 adtuendam
642 1206 940 1292 urbem-praesidio,
956 1219 1078 1270 ceteros
1095 1203 1211 1269 milites
1225 1205 1406 1270 dimitteret
1469 1208 1470 1288 l

353 1293 501 1370 Romam,
517 1315 558 1357 ne
573 1293 660 1356 oneri
677 1292 778 1370 sociis,
792 1306 824 1356 et
838 1292 979 1378 sumptui
994 1291 1185 1378 reipublicae
1197 1307 1314 1356 essent.
1364 1291 1407 1356 Et
1469 1289 1470 1372 l

352 1379 403 1444 Ti.
416 1378 581 1444 Gracchus
596 1401 615 1442 a
627 1376 740 1442 Cumis
752 1376 920 1442 Luceriam
934 1378 969 1442 in
981 1377 1133 1464 Apuliam
1149 1378 1290 1476 legiones
1302 1401 1407 1464 quum

352 1465 505 1542 duxisset,
522 1463 569 1529 M.
581 1462 745 1529 Valerium
760 1464 835 1528 inde
850 1477 1027 1550 praetorem
1040 1463 1246 1528 Brundisium
1262 1487 1341 1528 cum
1356 1488 1405 1542 eo,
1469 1469 1470 1478 ³

352 1573 449 1637 quem
476 1549 631 1616 Luceriae
657 1551 820 1627 habuerat,
845 1551 989 1615 exercitu
1014 1551 1109 1626 misit,
1135 1552 1283 1637 tuerique
1315 1573 1406 1615 oram

353 1637 420 1786 ff
437 1635 613 1714 Sallentini,
626 1649 659 1701 et
673 1637 848 1724 providere,
861 1637 949 1724 quod
964 1636 1005 1700 ad
1016 1635 1202 1723 Philippum
1216 1635 1407 1724 bellumque

450 1721 600 1786 donicum
615 1723 773 1799 attineret,
787 1723 887 1786 iussit.

195 1823 333 1873 Litsmsex
398 1807 498 1872 Exitu
513 1809 638 1873 aestatis
652 1809 731 1886 eiua,
747 1832 811 1897 qua
828 1808 907 1874 haec
923 1820 1012 1896 gesta
1028 1808 1275 1896 perscripsimus,
1290 1807 1407 1874 literae

196 1887 326 1952 Hispania
352 1918 372 1960 a
390 1895 427 1960 P.
444 1907 479 1959 et
500 1894 562 1959 Cn.
584 1893 784 1980 Scipionibus
804 1907 970 1971 venerunt,
986 1908 1129 1982 quantas,
1145 1917 1308 1981 quamque
1332 1919 1406 1983 pro-

408 1981 506 2046 rasin
525 1979 680 2066 Hispania
692 2003 742 2045 res
756 1981 942 2068 gessissent:
967 1981 1024 2044 sed
1043 1982 1211 2068 pecuniam
1228 1982 1264 2044 in
1281 1983 1408 2068 stipen-

352 2003 452 2145 ihm,
468 2068 729 2154 vestimentaque,
745 2081 778 2132 et
792 2067 986 2131 fiumentum
1004 2067 1168 2144 exercitui,
1184 2079 1217 2131 et
1233 2067 1332 2132 sociis
1350 2091 1408 2132 na·

351 2153 473 2219 salibus
499 2154 606 2218 omnia
629 2153 748 2217 deesse.
796 2153 895 2227 Quod
918 2153 959 2217 ad
984 2153 1178 2238 stipendium
1204 2153 1354 2233 attineat,
1380 2153 1408 2218 si

352 2242 507 2306 aerarium
531 2240 623 2326 inops
646 2251 737 2316 esset,
761 2260 794 2302 se
821 2237 959 2326 aliquam
985 2240 1140 2304 rationem
1165 2239 1311 2316 inituros,
1341 2263 1407 2326 quo

352 2327 448 2390 modo
472 2327 511 2390 ab
532 2325 684 2412 Hispanis
708 2338 852 2390 sumant:
877 2339 982 2390 cetera
1004 2325 1115 2412 utique
1139 2326 1179 2390 ab
1199 2324 1307 2390 Roma
1333 2328 1408 2390 mit-

352 2411 450 2476 tenda
461 2433 546 2475 esse:
564 2434 624 2475 nec
636 2411 726 2476 aliter
736 2423 792 2474 aut
802 2411 978 2475 exercitum
993 2425 1048 2476 aut
1061 2411 1256 2498 provinciam
1271 2412 1408 2476 retineri

351 2518 452 2584 posse.
498 2494 616 2560 Literis
637 2497 785 2573 recitatis,
801 2519 897 2561 nemo
917 2497 1060 2562 omnium
1079 2511 1155 2574 erat,
1172 2497 1260 2582 quin,
1277 2510 1311 2562 et
1330 2521 1408 2563 vera

352 2583 455 2659 scribi,
472 2595 505 2646 et
518 2580 671 2667 postulari
686 2604 797 2668 aequa,
812 2582 980 2646 fateretur:
1005 2583 1061 2646 sed
1076 2583 1260 2647 occurrebat
1278 2583 1406 2661 animis,

352 2679 488 2753 quantos
513 2667 671 2730 exercitus
698 2681 858 2732 terrestres
883 2667 1072 2754 navalesque
1098 2682 1273 2746 tuerentur,
1326 2693 1407 2734 uan-

352 2763 449 2839 taque
474 2774 557 2815 nova
581 2751 686 2815 classis
712 2775 787 2817 mox
812 2753 953 2853 paranda
977 2767 1068 2832 esset,
1092 2755 1125 2834 si.
1144 2754 1263 2839 bellurn
1291 2692 1407 2820 idabe-

195 2855 320 2906 Romano
353 2837 504 2903 donicum
530 2851 717 2903 moveretur.
766 2839 906 2904 Sicrliam
931 2862 968 2903 ac
1000 2839 1188 2924 Sardiniam,
1204 2863 1299 2928 ¹quae
1330 2857 1427 2907 antes

193 2919 472 2990 ruminopmbenum
494 2923 662 3010 vectigales
683 2925 824 3001 fuissent,
840 2925 894 2989 vix
913 2925 1072 3012 praesides
1091 2927 1326 3012 prosinciarum
1349 2951 1406 2994 ex-

352 3012 470 3076 ercitus
493 3010 599 3075 alere-r·
615 3010 741 3076 tributo
764 3024 907 3098 sumptus
930 3012 1143 3098 suppeditari:
1172 3035 1274 3099 quum
1298 3014 1427 3102 ipsums

353 3099 507 3162 tributum
529 3097 760 3162 conferentium
786 3119 955 3161 numerum
982 3097 1076 3162 tantis
1102 3099 1301 3163 exercituum
1326 3115 1406 3166 stra·

352 3184 454 3270 gibus,
485 3197 518 3248 et
546 3183 588 3247 ad
614 3182 835 3247 Trasimenum
865 3183 979 3260 lacum,
1004 3196 1038 3248 ct
1066 3183 1107 3248 ad
1133 3183 1271 3262 Cannas,
1298 3187 1406 3251 immi-

352 3284 487 3346 nutum3
515 3281 594 3346 tum,
619 3268 675 3356 qui
701 3282 901 3355 superessent
921 3270 1024 3356 pauci,
1048 3271 1075 3334 si
1100 3270 1269 3357 multiplici
1293 3295 1407 3373 grara-

352 3373 463 3420 rentur
490 3355 659 3442 stipendio,
687 3354 749 3418 alia
773 3355 928 3440 perituros
956 3367 1053 3441 peste.
1100 3354 1223 3442 Itaque,
1250 3358 1315 3422 nisr
1342 3359 1426 3428 fider

352 3453 450 3506 staret
472 3440 660 3527 respublica,
681 3441 794 3528 opibus
820 3462 885 3504 non
908 3452 1067 3506 staturam.
1113 3441 1351 3508 Prodeundum
1373 3447 1407 3509 in

352 3527 539 3592 concionem
568 3525 680 3590 Fulvio
709 3527 846 3612 praetori
876 3548 952 3604 esse,
980 3527 1164 3592 indicandas
1193 3529 1316 3616 populo
1346 3555 1406 3619 pu·

352 3613 449 3679 blicas
467 3612 678 3690 necessitates,
694 3611 977 3698 cohortandosque,
993 3615 1049 3699 qui
1069 3613 1282 3702 redempturis
1298 3619 1424 3684 anxis-⁵

354 3771 401 3877 qu,
411 3772 509 3878 prqqtm
496 3765 584 3827 cuique
597 3767 687 3827 placet.
709 3765 739 3846 ci
751 3781 817 3828 supr.
828 3765 860 3813 iv.
893 3764 1007 3877 lll'ributq,
1022 3766 1169 3890 qqqrslst‘cives
1186 3767 1297 3817 Romani
1313 3776 1340 3818 et
1357 3771 1406 3883 It:

387 3864 393 3877 .
429 3844 442 3876 r
511 3865 518 3877 .
913 3844 1042 3878 ciconere
1206 3847 1349 3882 ammaum

391 3907 404 3938 a
426 3895 495 3950 Quos
522 3899 580 3942 aare
606 3893 693 3940 tottam
719 3894 859 3955 uectipales]
893 3893 1053 3954 suppeditati.
1118 3846 1205 3892 imum
1350 3851 1368 3897 P

355 3955 429 4011 Quae
439 3955 588 4016 reipublicae
598 3956 702 4016 vertigini
713 3958 860 4015 pendebant,
924 3973 940 4016 4
953 3958 1011 4006 Nisi
1015 3959 1068 4019 fide
1078 3965 1154 4007 staret
1164 3961 1319 4022 respublica]
1332 3963 1405 4012 fides

353 4017 446 4082 quippe
461 4017 487 4066 in
504 4033 564 4066 voce
577 4019 715 4081 provinno,
725 4017 745 4065 si
757 4017 859 4068 Niebhr.
892 4019 932 4068 hic
942 4023 1102 4084 proeo‚quod
1111 4023 1301 4085 Anglicemda't
1308 4026 1404 4074 diciun.

354 4083 387 4132 R.
399 4081 489 4132 Gesch.
506 4081 540 4130 iii.
556 4097 580 4144 p.
599 4092 652 4149 727,
667 4080 802 4130 audiendus
819 4083 860 4142 sit,
893 4083 949 4132 Nisi
958 4089 1133 4134 sustentaretur
1141 4087 1281 4149 respublica
1292 4090 1405 4150 pecuniis

353 4163 401 4196 vox
410 4151 544 4208 proventus
555 4147 624 4204 latet,
635 4145 750 4207 quoniam
759 4147 858 4209 provin·
891 4149 1017 4208 mutuatis,
1028 4163 1132 4210 quarum
1145 4150 1233 4199 solutio
1249 4153 1277 4200 iu
1295 4153 1404 4202 mustum

352 4211 426 4258 ciolss
439 4224 488 4258 non
502 4209 583 4268 armis,
594 4210 636 4258 sed
646 4217 767 4270 prouentu
777 4225 859 4259 neces-
891 4215 989 4273 tempus
1000 4212 1143 4261 differretur.

353 4271 464 4320 sitatibus
474 4271 623 4333 reipublicae
634 4273 816 4322 subveniebant
924 4289 938 4334 5
954 4277 1137 4337 Redemptum]
1158 4278 1286 4327 adsum
1298 4285 1336 4328 est
1345 4296 1403 4328 con

386 4337 516 4396 sitiente
526 4343 638 4400 sumptio
647 4338 813 4400 appositas]
825 4352 857 4386 sc.
891 4338 980 4386 ducere
998 4339 1092 4401 aliqrud
1109 4339 1258 4401 faciendum,
1276 4343 1317 4390 rel
1335 4359 1402 4407 pne
