2874 4772
327 222 390 284 364
711 217 824 284 ΤΙΤΙ
854 217 991 285 LlVlI

172 365 206 415 U.
218 367 248 416 c.
265 353 463 430 543.‘hoster‚
480 365 515 418 ut
534 375 591 440 per
604 354 791 442 praecipitia
808 368 841 420 et
860 366 1031 442 praerupta
1050 352 1210 418 salientes
1225 352 1390 440 fugerent:

172 431 201 482 Ᾰ·
219 431 248 480 ⁰·
266 444 338 496 ²⁰5*
349 461 421 505 eam
435 462 564 526 quoque
575 462 608 504 se
620 439 681 504 illis
692 441 799 528 fugam
808 441 1009 505 clausurum?
1054 440 1299 525 Cohortesque
1311 438 1390 509 duas

328 526 457 590 alteram
482 540 589 590 tenere
613 526 719 591 fauces
742 527 840 604 vallis,
865 550 923 615 per
945 549 1042 614 quam
1067 527 1262 590 deferretur
1287 526 1391 599 amnis,

329 613 435 689 iubet3
463 611 603 690 alteram,
627 613 710 677 viam
736 613 884 690 insidere,
909 636 991 701 quae
1017 615 1058 678 ab
1082 615 1165 677 urbe
1193 634 1261 712 per
1285 611 1392 676 tumuli
1429 655 1430 696 3

329 698 458 799 obliqua
467 699 503 762 in
517 721 608 787 agros
621 699 726 764 ferret
773 699 845 787 Ipse
857 701 1033 787 expeditos,
1045 700 1103 786 qui
1114 699 1231 787 pridie
1243 699 1392 763 stationes
1429 721 1430 760 1

329 785 468 850 hostium
490 808 531 872 pe
555 785 688 864 ulerant,
704 787 745 850 ad
765 785 867 851 levem
887 801 1089 863 armaturam,
1108 786 1233 850 infimo
1257 799 1390 849 stantem

173 881 321 946 aggreditur
329 871 507 960 supercilio,
523 808 621 937 ducit.
666 873 731 937 Per
745 886 869 960 aspreta
905 873 995 950 rimo,
1011 871 1094 936 nihil
1113 871 1212 936 aliud
1229 893 1335 959 quam
1348 871 1390 934 ris

173 948 277 996 hostem.
330 957 486 1047 impediti,
511 958 584 1024 iere.
631 957 772 1036 Deinde,
791 974 827 1024 ut
850 895 909 1024 sul
933 959 1032 1024 ictum
1055 972 1235 1037 venerunt,
1257 959 1388 1024 telomm

329 1045 433 1132 primo
447 1046 550 1110 omnis
563 1045 689 1131 generis
705 1046 752 1110 vis
772 1046 885 1133 iugens
899 1046 999 1110 effusa
1017 1059 1066 1110 cst
1082 1046 1119 1108 in
1134 1067 1214 1109 eos:
1240 1046 1307 1132 ipsi
1322 1067 1388 1108 con-

331 1145 388 1208 tra,
411 1154 495 1208 saxa,
517 1153 599 1218 quac
621 1131 709 1196 locus
726 1145 822 1196 strata
842 1131 968 1219 passim,
989 1131 1098 1196 omnia
1119 1132 1228 1196 ferme
1253 1131 1402 1206 missiliar
1430 1141 1431 1226 l

330 1219 469 1306 praebet,
485 1217 639 1304 ingerere,
655 1241 721 1282 non
736 1217 852 1282 milites
867 1219 979 1295 solum,
993 1218 1050 1282 sed
1069 1218 1170 1282 etiam
1189 1219 1292 1282 turba
1311 1217 1386 1281 calo
1430 1227 1431 1284 Ῑ

330 1327 409 1368 num
419 1304 565 1368 immixta
579 1305 713 1370 armatis
761 1303 925 1382 Ceterum,
960 1326 1121 1391 uunquam
1137 1325 1300 1369 ascensus
1313 1303 1386 1368 diffi-

331 1391 400 1455 cilis
417 1403 495 1468 erat,
511 1403 544 1455 et
562 1413 661 1477 prope
683 1390 900 1457 obruebantur
914 1403 928 1454 t
960 1392 985 1455 ’s
1002 1391 1162 1477 saxisque,
1179 1391 1386 1455 assuetudine

332 1490 438 1542 tamen
467 1476 659 1542 succedendi
688 1499 805 1554 muros,
830 1489 863 1542 et
885 1477 1058 1565 pertinacia
1080 1476 1195 1555 animi,
1222 1479 1386 1542 subierunt

332 1563 434 1650 primi.
482 1562 559 1640 Qui,
583 1563 678 1627 simul
703 1585 816 1651 cepere
839 1563 962 1651 aliquid
985 1563 1079 1650 aequi
1108 1562 1184 1640 loci,
1216 1565 1276 1628 ubi
1301 1564 1385 1627 firmo

331 1649 539 1714 consisterent
558 1649 669 1736 gradu,
685 1649 789 1714 levem
806 1663 839 1714 et
859 1662 1112 1714 concursatorem
1132 1649 1280 1728 hostem,
1297 1665 1384 1736 atque

331 1734 497 1799 intervallo
527 1748 642 1812 tutum,
673 1758 773 1821 quum
803 1735 914 1823 procul
943 1735 1111 1802 missilibus
1140 1758 1186 1822 pu
1290 1737 1386 1801 eludi·

332 1834 393 1898 tur,
416 1821 595 1886 instabilem
619 1821 758 1887 eundem
784 1823 826 1887 ad
851 1822 995 1886 cominus
1020 1843 1176 1888 conseren
1268 1845 1384 1896 manus,
1431 1837 1432 1868 t

332 1908 523 1995 expulerunt
534 1907 615 1985 loco,
627 1921 744 1974 etcum
756 1908 853 1974 caede
869 1930 984 1996 magna
997 1909 1031 1972 in
1043 1909 1144 1973 aciem
1154 1908 1265 1973 altiori
1282 1931 1386 1996 super·

331 2007 468 2059 stantem
498 1994 620 2060 tumulo
644 1995 814 2082 impegere.
861 1993 942 2060 Inde
975 1994 1092 2082 Scipio,
1116 1994 1215 2059 iussis
1239 1995 1386 2060 adversus

333 2081 470 2146 mediam
484 2080 617 2146 evadere
629 2081 730 2146 aciem
739 2081 919 2158 victoribus,
932 2095 1051 2146 ceteras
1062 2081 1170 2181 copias
1180 2105 1262 2146 cum
1281 2081 1386 2146 Laelio
1432 2105 1433 2108 ¹

332 2167 463 2245 diridit3
487 2181 582 2255 atque
605 2189 679 2232 eum
701 2181 790 2267 parte
813 2167 927 2232 dextra
947 2167 1063 2232 tumuli
1081 2169 1269 2246 circumire,
1289 2169 1385 2234 donec

333 2255 484 2319 mollioris
507 2275 654 2319 ascensus
678 2277 763 2318 viam
786 2254 953 2331 inveniret,
978 2255 1074 2320 iubet
1120 2252 1197 2340 Ipse
1223 2257 1267 2320 ab
1292 2255 1385 2332 laeta,

332 2340 466 2407 circuitu
485 2341 572 2404 haud
592 2363 718 2427 magno,
733 2341 768 2404 in
788 2355 978 2406 transversos
992 2339 1097 2405 hostes
1111 2340 1262 2407 incurrit.
1312 2341 1385 2406 Inde

331 2427 434 2513 primo
455 2428 579 2492 turbata
593 2428 675 2491 acies
695 2440 753 2504 est,
770 2426 848 2491 dum
868 2426 910 2491 ad
930 2426 1222 2492 circumsonantem
1243 2428 1384 2514 undique

332 2513 501 2578 clamorem
530 2515 657 2578 flectere
691 2536 811 2578 cornua
839 2525 872 2579 et
906 2514 1070 2579 obvertere
1100 2513 1237 2579 ordines
1266 2515 1384 2580 volunt.
1433 2533 1434 2536 ’

334 2597 407 2663 Hoc
422 2599 562 2664 tumultu
576 2612 610 2664 et
619 2599 748 2664 Laelius
762 2600 858 2665 subiit
866 2623 875 2676 3
899 2614 942 2678 et,
954 2600 1032 2664 dum
1046 2599 1165 2685 pedem
1177 2601 1385 2679 referuntur

332 2685 372 2748 ab
399 2697 487 2770 tergo
513 2686 763 2762 vulnerarentur,
786 2686 891 2750 laxata
914 2686 1017 2773 prima
1042 2685 1134 2762 acies,
1158 2685 1323 2774 locusque
1350 2687 1401 2754 ads

332 2769 533 2835 evadendum
562 2787 596 2836 et
621 2773 734 2837 mediis
757 2772 849 2837 datus
878 2787 943 2849 est3
974 2772 1031 2859 qui
1054 2793 1117 2920 per
1142 2785 1211 2836 tam
1240 2775 1383 2861 iniquum

333 2856 448 2935 locum,
478 2858 634 2922 stantibus
666 2858 799 2945 integris
832 2857 1006 2935 ordinibus,
1035 2857 1288 2947 cephantisque
1318 2875 1383 2925 ante

332 2943 423 3030 signa
441 2943 561 3021 locatis,
581 2967 746 3031 nunquam
763 2945 943 3010 evasissent.
991 2943 1102 3019 Quum
1121 2945 1163 3010 ab
1184 2947 1280 3010 omni
1303 2961 1384 3035 parte

333 3030 445 3095 caedes
475 3031 575 3108 fieret,
608 3030 724 3118 Scipio,
755 3032 811 3118 qui
841 3031 930 3095 laevo
958 3053 1058 3096 comu
1088 3031 1122 3094 in
1154 3030 1314 3098 dextrum
1342 3035 1384 3096 in-

333 3129 521 3194 cucurrerat,
552 3117 689 3181 maxime
718 3117 753 3182 in
787 3117 874 3182 nuda
908 3117 1046 3182 hostium
1077 3117 1178 3181 latera
1212 3122 1382 3207 pugnabat

335 3201 377 3266 Et
399 3203 461 3266 iam
483 3226 524 3268 ne
551 3202 583 3266 fu
607 3226 644 3268 ae
664 3203 795 3290 quidem
815 3205 944 3290 patebat
965 3204 1061 3268 locus.
1108 3201 1197 3267 Nam
1222 3221 1259 3270 et
1282 3208 1385 3272 matio·

333 3310 390 3352 nes
412 3289 571 3374 utrimque
631 3311 764 3354 omanae
789 3289 903 3354 dextra
922 3291 1073 3376 laevaque
1094 3291 1288 3358 insederant
1308 3295 1382 3357 vim:

333 3387 366 3438 et
394 3389 518 3460 portam
546 3388 719 3440 castrorum
753 3375 843 3440 ducis
871 3375 1116 3463 principumque
1150 3375 1234 3464 fuga
1270 3379 1384 3444 clause·

332 3473 399 3536 rat;
422 3460 530 3524 addita
546 3461 758 3548 trepidatione
774 3461 1026 3550 elephantorum,
1064 3485 1122 3527 nos
1139 3464 1275 3529 territos
1290 3487 1383 3553 aeque

333 3561 429 3632 atque
449 3547 555 3612 hostes
576 3549 738 3614 timebant
786 3548 889 3614 Caesa
903 3550 1001 3636 igitur
1019 3485 1147 3614 adorto
1167 3549 1278 3617 millia
1290 3553 1385 3618 homi-

333 3656 420 3698 num.

265 3773 273 3790 .
378 3719 559 3786 Hasdrubal
575 3721 636 3785 iam
649 3734 733 3798 ante,
749 3743 846 3809 quam
861 3722 1036 3799 dimicaret,
1051 3723 1192 3808 pecunia
1205 3745 1246 3788 ra
1271 3739 1315 3805 ta,
1330 3725 1386 3790 ele·

333 3805 523 3893 phantisque
541 3809 727 3893 praemissis,
743 3831 839 3894 quam
859 3807 1012 3896 plurimos
1054 3821 1166 3885 oterat‚
1184 3809 1229 3874 de
1245 3747 1326 3899 begs
1339 3834 1386 3876 ex·

332 3891 463 3977 cipiens,
493 3907 616 3980 praeter
653 3893 779 3980 Tagum
808 3895 928 3959 flumen
962 3893 1003 3958 ad
1064 3917 1247 3982 pirenaeum
1280 3899 1385 3965 tendit

366 4121 570 4194 Somniaserme
580 4124 694 4183 missilia]
708 4125 840 4200 Qnaequi-
874 4131 915 4174 tus
935 4133 972 4175 est
993 4127 1024 4174 nd
1046 4127 1205 4176 subeundum
1229 4130 1260 4180 in
1283 4133 1387 4182 altiorem

334 4185 389 4232 dem
412 4199 471 4232 saxu
492 4199 575 4232 omma
594 4187 669 4234 ferme
688 4194 758 4236 erant
779 4203 841 4238 erus-
874 4191 997 4238 tumulum
1020 4191 1118 4240 madiae
1140 4207 1246 4255 qnoque
1272 4197 1387 4246 nomm

334 4247 448 4304 moritur
460 4261 534 4295 manu
546 4248 637 4310 capiet
652 4250 718 4298 mitti
734 4258 840 4313 possent.
874 4269 926 4301 rum
945 4253 1020 4302 aciei:
1040 4269 1104 4328 quae
1120 4271 1254 4318 uunquam
1275 4263 1388 4310 while«.

334 4309 415 4358 cerv.
873 4316 893 4364 si
908 4317 1031 4366 stetiment
1050 4320 1138 4382 tntegri
1154 4319 1272 4372 hostium
1291 4327 1388 4376 munta

365 4375 495 4444 olmeto
510 4376 591 4436 prims
602 4377 679 4434 orias]
699 4376 794 4426 Laxata
804 4385 841 4427 ost
874 4381 1048 4443 eleplrantique
1067 4389 1125 4432 unte
1141 4384 1214 4446 signs
1227 4387 1311 4438 locuti
1330 4405 1387 4438 mm·

335 4449 414 4495 prima
429 4435 493 4485 acies
511 4438 657 4498 Poenorum,
669 4437 784 4501 locusque
800 4441 841 4490 da·
874 4443 969 4495 sissent.
985 4447 1067 4495 Cass.

1423 4507 1434 4736 l
