2966 4778
380 194 440 256 116
766 187 879 254 ΤΙΤΙ
909 187 1044 255 LIVII

222 327 447 402 11.c.536.sine
471 327 573 415 pretio
602 326 788 403 dimisisset3
822 327 985 392 Romanos
1010 350 1140 415 quoque
1168 339 1294 393 vocatos
1323 329 1376 414 (u

220 403 544 516 ᾒαξῶζῶηιιιιᾳιιωιι
558 412 635 478 alias
649 411 758 496 antea)
772 412 847 477 satis
861 413 932 477 miti
951 435 1096 479 sermone
1115 413 1303 502 alloquitur:
1326 351 1408 477 ‘lton

221 531 298 580 orauo
308 533 341 581 ,d
381 500 635 566 ‘interneciuum
644 500 702 564 sibi
715 521 782 564 esre
793 522 868 564 cum
880 499 1035 565 Romanis
1052 500 1190 565 bellum:
1214 501 1255 564 de
1271 499 1408 586 dignitate

222 595 333 656 capum.
380 595 497 674 ‘atque
519 586 653 674 imperio
675 597 804 650 certare.
856 584 899 650 Et
919 599 1025 673 patres
1047 586 1157 651 virtuti
1177 587 1339 651 Romanae
1357 609 1410 649 ces·

224 658 300 709 Μ·
381 673 493 738 ‘sisset
517 685 597 737 etse
617 671 653 737 id
666 673 778 748 anniti,
794 684 831 736 ut
853 695 927 737 suae
943 673 978 736 in
991 673 1094 738 vinem
1116 672 1210 737 simul
1231 672 1368 737 felicitati
1385 685 1410 735 ct

381 759 508 824 ‘virtuti
538 759 677 824 cedatur.
728 758 841 845 Itaque
871 758 1050 825 redimendi
1079 782 1112 824 se
1143 759 1276 846 captivis
1304 757 1409 846 copiam

381 846 522 911 ‘facere:
546 845 685 933 pretium
698 844 765 909 fure
781 843 815 908 in
830 845 943 931 capita,
955 845 1056 932 equiti
1071 845 1251 932 quingenos
1262 844 1410 931 quadrigo-

223 940 449 1016 mntioen‘tos
463 953 620 1009 nummos,
635 945 779 996 trecenos
793 931 904 1018 pediti,
916 953 1006 996 servo
1017 933 1188 996 centenos’
1234 931 1330 1007 Quan
1352 952 1410 994 uam

222 1011 336 1056 avorum.
381 1019 579 1107 aliquantum
600 1017 808 1082 adiiciebatur
821 1018 983 1104 equitibus
996 1017 1088 1082 adid
1107 1019 1256 1105 pretium,
1296 1040 1317 1081 u
1367 1039 1411 1102 pe·

379 1104 749 1192 pigerantdedentesse3
772 1103 965 1170 laetitamen
976 1126 1276 1204 quamcunquccon
1300 1104 1410 1168 'tionem

403 1191 561 1256 sciscendi
585 1203 784 1277 acceperunt.
829 1189 955 1254 Placuit
980 1190 1127 1277 suffragio
1151 1211 1293 1277 ipsorum
1317 1190 1411 1254 decem

380 1215 487 1378 deligi,
515 1277 570 1362 qui
598 1276 735 1340 Romam
759 1275 800 1341 ad
824 1289 968 1341 senatum
991 1276 1094 1341 irent:
1118 1299 1178 1341 nec
1199 1277 1318 1364 pignus
1342 1273 1411 1339 alind

380 1363 466 1442 fider,
494 1385 590 1450 quam
616 1377 652 1426 ut
675 1362 816 1427 iurarent
838 1383 872 1426 se
899 1363 1064 1440 redituros,
1089 1375 1265 1450 acceptum.
1313 1361 1411 1426 Missus

380 1471 455 1515 cum
469 1449 519 1514 his
541 1447 692 1513 Carthalo
710 1448 824 1514 nobilis
844 1446 1133 1536 Carthaginiensis:
1157 1449 1223 1536 qui,
1242 1449 1272 1513 si
1289 1445 1410 1513 fortesl

381 1557 494 1623 pacem
504 1534 696 1600 inclinarent
706 1535 838 1612 animos,
850 1535 1049 1600 conditiones
1058 1535 1162 1599 ferret.
1188 1535 1303 1610 Quum
1314 1533 1410 1622 egram

380 1622 488 1686 castris
509 1634 623 1699 essent,
640 1644 722 1686 unus
742 1645 785 1686 ex
806 1622 854 1699 iis,
875 1622 1007 1686 minime
1026 1621 1165 1686 Romani
1182 1621 1309 1707 ingenii
1324 1622 1411 1693 homo,

379 1707 468 1772 velut
487 1706 609 1857 aliquid
628 1706 753 1786 oblitus,
775 1707 978 1773 iurisiurandi
1000 1707 1143 1773 solvendi
1160 1729 1257 1772 causa
1276 1729 1371 1859 (Ἧι
1386 1706 1426 1769 in:
1460 1715 1461 1718 ’

381 1806 482 1858 castra
503 1815 537 1857 re
561 1793 645 1871 isset,
668 1806 741 1858 ante
757 1807 885 1860 noctem
902 1795 1035 1860 comites
1059 1795 1245 1896 assequitur.
1349 1795 1412 1856 icos

381 1877 519 1944 Romam
544 1879 652 1944 venire
678 1879 860 1946 nuntiatum
883 1893 941 1959 est,
970 1879 1156 1945 Carthalom
1181 1880 1310 1946 obviam
1337 1879 1413 1944 lictor

382 1967 503 2044 missus,
519 1965 576 2053 qui
596 1965 757 2032 dictatoris
775 1967 879 2032 verbis
898 1967 1069 2044 nuntiaret,
1086 1979 1122 2031 ut
1141 1978 1214 2031 ante
1229 1979 1357 2032 noctem
1369 1986 1412 2028 ex·

270 2056 322 2117 59.
382 2053 510 2117 cederet
528 2053 645 2118 finibus
665 2053 828 2118 Romanis.
875 2053 1005 2139 Legatis
1023 2052 1219 2139 captivorum
1238 2050 1412 2118 senatnssb

224 2137 326 2216 Eumor-
382 2137 535 2204 dictatore
554 2139 646 2204 datus
665 2155 721 2205 est
770 2138 916 2214 Quorum
936 2139 1084 2226 princeps
1099 2137 1146 2202 M.
1159 2138 1285 2218 Irmius,
1302 2139 1411 2204 ‘Patres

222 2217 340 2315 ffiffiff
383 2225 592 2314 ‘conscripti’
605 2226 721 2314 inquit,
739 2234 855 2290 ‘nemo
869 2241 1012 2290 nostrum
1032 2225 1167 2312 ignorat,
1182 2224 1264 2289 nulli
1285 2243 1412 2312 unquam

223 2335 316 2380 senam
382 2313 523 2377 ‘civitati
542 2312 667 2378 viliores
680 2312 776 2378 fuisse
797 2311 947 2399 captivos,
968 2333 1065 2399 quam
1082 2325 1216 2376 nostrae.
1265 2312 1411 2384 Ceterum,

382 2398 462 2462 ‘nisi
475 2398 567 2462 nobis
582 2397 653 2547 plus
668 2399 751 2463 iusto
771 2411 877 2463 nostre
895 2397 1001 2485 placet
1019 2419 1122 2474 causa,
1137 2419 1203 2462 non
1218 2396 1274 2461 alii
1289 2417 1413 2485 unquam

382 2483 509 2548 ‘minus
522 2505 586 2570 neg
599 2482 606 2497 ‘

382 2577 566 2633 ‘venerunt
609 2505 690 2634 lion
712 2570 799 2634 enim
818 2593 852 2634 1n
872 2571 940 2634 acie
955 2592 1013 2657 per
1029 2582 1176 2634 tumorem
1190 2591 1280 2634 arma
1300 2567 1413 2634 tradidi·

383 2662 492 2730 ‘mus3
515 2654 582 2732 scd,
603 2677 702 2742 quum
725 2677 824 2742 prope
845 2656 888 2721 ad
909 2668 1037 2721 noctem
1059 2669 1274 2742 superstantes
1296 2652 1413 2721 cumulis

382 2748 562 2804 ‘caesorum
577 2763 745 2828 corporum
765 2741 921 2828 proelium
941 2741 1193 2818 extraxissemus,
1209 2742 1244 2806 in
1264 2755 1364 2808 cestra
1375 2761 1414 2804 re·

382 2826 546 2913 ‘cepimus
559 2849 626 2891 nos
666 2826 741 2891 Diei
753 2827 912 2914 reliquum
924 2849 960 2892 ac
975 2840 1102 2892 noctem
1114 2827 1347 2915 insequentem,
1355 2824 1413 2892 sesi

382 2912 510 2978 ‘labore
532 2935 568 2977 ac
587 2912 780 2989 vulneribus,
803 2913 920 2978 vallum
939 2935 1048 2978 sumus
1065 2913 1167 2978 tutati.
1212 2913 1347 2980 Postero
1364 2912 1413 2984 die,

382 3007 499 3086 ‘quum
516 2999 710 3064 circumsessi
724 2999 765 3064 ab
778 3000 922 3065 exercitu
933 3000 1050 3065 victore
1066 3021 1149 3086 aqua
1163 3021 1353 3078 arceremur,
1366 3018 1413 3062 nec

382 3083 467 3149 ‘ulla
487 3085 550 3150 iam
571 3107 630 3173 per
650 3084 808 3150 conferma
829 3085 934 3152 hostes
954 3084 1143 3173 erumpendi
1162 3107 1234 3174 spes
1255 3101 1412 3164 essetnec

382 3177 470 3235 ‘esse
484 3172 573 3237 nefas
592 3171 790 3249 duceremus,
797 3173 1038 3322 quinquaginta
1052 3171 1190 3236 millibus
1205 3172 1369 3238 hominum
1381 3190 1412 3233 ex
1458 3221 1459 3236 ι

382 3257 470 3322 ‘acie
486 3269 593 3322 nostra
608 3256 781 3336 turcidatis,

381 3351 481 3407 ‘num
495 3343 629 3409 militem
648 3357 782 3421 restare3
807 3357 875 3409 tum
890 3342 1020 3408 demum
1040 3343 1125 3430 pacti
1147 3365 1256 3409 sumus
1278 3345 1411 3446 pretium,
1458 3385 1459 3392 ι

382 3437 465 3515 ‘quo
486 3429 644 3517 redempti
667 3429 916 3496 dimitteremur:
944 3451 1041 3507 arma,
1063 3430 1097 3494 in
1121 3430 1237 3516 quibus
1258 3431 1341 3495 mhrl
1362 3431 1411 3493 ian

381 3515 513 3641 immi
542 3530 619 3593 em,
649 3515 1150 3668 hiCsiillistriaddiidmrcudemiiiiiirirl
1179 3535 1426 3674 qlliguiesadlgt

382 3623 673 3775 ‘iaepriiiiuriroieillis
687 3687 727 3752 ad
748 3688 963 3753 conditionem
978 3624 1213 3776 pacislegatldi
1225 3701 1333 3754 tamen
1351 3707 1427 3774 capt

412 3949 427 3984 a
444 3936 614 3984 Imtelumnds‘
623 3936 731 3985 monadi
741 3937 829 3996 muta]
854 3937 884 3986 cf.
916 3945 1007 3988 omres
1017 3943 1141 3988 senatores
1153 3945 1248 4000 notam,
1258 3940 1300 4004 qui
1314 3945 1411 4001 ternpore

380 3998 434 4050 Cic.
446 3999 477 4048 de
492 3998 542 4049 off.
558 3999 591 4048 iii.
607 4013 644 4061 32.
655 4001 784 4049 liberatam
799 4016 825 4050 rc
835 4015 885 4050 ecee
917 4001 976 4050 belli
987 4017 1043 4051 cum
1055 4003 1151 4065 Pyrrho
1160 4004 1222 4066 gesti
1234 4003 1352 4054 vixerunt

380 4065 540 4114 faramundo
550 4065 766 4125 interpretabatur.
950 4067 1083 4128 ὡραίου
1104 4069 1198 4128 tamen]
1232 4069 1262 4118 C.
1286 4065 1410 4116 Fabricirm

414 4143 428 4190 3
444 4129 535 4177 Patres
542 4129 644 4187 omres]
656 4128 758 4177 Nostro:
764 4128 820 4177 odd.
828 4131 887 4176 ante
919 4129 1037 4191 aliosque,
1047 4131 1088 4192 qui
1104 4137 1160 4192 post
1174 4132 1270 4180 cladem
1283 4147 1300 4180 a
1315 4128 1411 4180 Lucrino

380 4191 457 4240 Gron.
474 4189 824 4252 Hincquodammodopatere
831 4207 886 4240 cen·
919 4195 1020 4241 consule
1038 4193 1101 4242 inter
1119 4195 1267 4244 Heracleam
1284 4201 1310 4244 et
1328 4193 1410 4243 Pmdo

1377 327 1409 391 od
1460 289 1461 326 l

649 2483 707 2548 ndi
721 2483 932 2584 vobisquam
950 2507 1017 2562 nos,
1033 2485 1068 2584 ip
1087 2483 1227 2550 hostium
1240 2497 1412 2572 potestatem
1459 2513 1460 2522 ι

828 3257 935 3344 iquem
951 3281 992 3323 ex
1009 3256 1173 3322 Cannensi
1188 3259 1412 3346 pugnaRoma-
1458 3289 1459 3312 ι

380 4255 507 4303 setDralr.
518 4254 634 4315 legatum,
644 4269 677 4302 sc.
689 4255 727 4302 M.
740 4255 849 4314 Iunium,
859 4254 885 4302 in
918 4255 978 4302 siam
1000 4263 1137 4318 acceptam,
1158 4261 1191 4308 ad
1214 4259 1335 4320 Pyrrhum
1356 4253 1411 4306 mici
1456 4311 1457 4316 p

380 4322 491 4366 senatum
499 4317 616 4366 allectum
625 4305 675 4366 nori
683 4317 795 4377 dumet
801 4326 886 4380 patrer
918 4322 982 4368 sunt:
