2874 4772
360 207 424 268 360
749 197 864 263 ΤΙΤΙ
895 197 1031 264 LIVII

206 340 479 410 domationem
499 335 661 402 custodiae
681 333 753 412 loci,
772 334 824 398 cui
844 333 1043 421 praepositus
1064 346 1139 398 erat.
1187 331 1251 398 Ubi
1270 333 1377 398 atratis

203 414 234 462 A.
251 413 281 463 0·
297 427 352 476 ²⁰⁹·
360 424 502 512 agendae
517 424 574 500 rei,
586 435 619 488 et
635 435 759 509 tempus
773 421 934 498 convenit,
949 420 1051 497 miles,
1066 433 1158 484 nocte
1174 443 1232 508 per
1244 419 1378 484 intervalla

361 511 532 576 stationum
546 508 629 574 clam
644 531 686 572 ex
700 509 778 572 urbe
793 507 935 584 emissus,
951 529 999 584 ea,
1015 530 1097 594 quae
1112 519 1183 570 acta
1196 519 1291 583 erant,
1304 529 1377 592 quae·

361 620 424 685 que
440 610 477 661 ut
493 609 671 696 agerentur,
687 612 888 672 convenerat,
904 593 947 658 ad
964 592 1126 659 consulem
1144 593 1248 658 refert.
1289 591 1376 656 Fabius

361 683 470 770 vigilia
483 705 594 769 prima,
606 682 682 746 dato
691 681 783 768 signo
797 681 845 757 iis,
858 681 914 767 qni
930 680 963 744 in
975 703 1046 745 arce
1060 692 1163 757 erant,
1175 681 1290 779 quique
1300 693 1377 742 custo

362 770 449 834 diam
463 782 573 856 portus
593 768 760 845 habebant,
776 767 844 917 ipse
864 767 997 831 circuito
1012 778 1107 854 portu
1125 767 1167 831 ab
1182 789 1303 866 regione
1316 765 1377 828 urbis

363 858 397 920 in
419 855 576 921 orientem
597 877 687 919 versa
708 877 785 919 occu
799 867 850 918 tus
871 852 1024 918 consedit
1071 855 1198 918 Canem
1219 852 1290 916 rude
1308 851 1377 915 tubae

362 941 457 1008 simul
472 942 512 1006 ab
526 963 607 1018 aree,
623 940 717 1005 simul
731 964 751 1005 a
764 953 860 1028 portu
879 952 912 1004 et
932 940 972 1004 ab
990 940 1132 1016 navibus,
1149 961 1233 1027 quae
1247 940 1284 1004 ab
1296 951 1377 1037 aperto

363 1028 443 1094 mari
462 1027 611 1115 appulsae
631 1041 739 1104 erant;
763 1028 945 1113 clamorque
960 1025 1103 1113 undique
1121 1049 1200 1092 cum
1219 1026 1329 1125 ingenti
1343 1039 1377 1085 tu·

364 1115 477 1193 multu,
501 1113 587 1179 unde
612 1114 779 1178 minimum
802 1113 937 1200 periculi
960 1127 1036 1190 erat,
1060 1113 1101 1176 de
1131 1112 1285 1178 industria
1308 1123 1375 1176 ortm

366 1200 488 1268 Consul
497 1200 624 1265 interim
635 1199 761 1265 silentio
769 1199 953 1265 continebat
961 1222 1041 1264 suos.
1080 1198 1186 1286 Igitur
1197 1199 1376 1270 Democrates

363 1290 419 1376 qui
430 1288 607 1376 praefectus
618 1299 712 1354 antea
723 1285 828 1350 classis
842 1284 955 1363 fuerat,
964 1286 1045 1351 forta
1056 1285 1111 1352 illo
1122 1286 1197 1351 loco
1208 1283 1388 1373 praepositus

363 1389 532 1463 postquam
541 1373 650 1460 quieta
658 1373 765 1437 omnia
779 1373 903 1437 circase
917 1373 1006 1450 vidit,
1017 1372 1092 1436 alias
1106 1386 1215 1459 partes
1225 1395 1262 1437 eo
1272 1369 1377 1436 tumdu

363 1483 542 1548 personare,
567 1473 603 1525 ut
632 1472 743 1546 captae
773 1456 860 1522 urbis
882 1459 1042 1523 interdurn
1066 1459 1260 1524 excitaretur
1281 1457 1376 1529 clamor,

275 1542 280 1552 '
363 1547 482 1613 veritus
504 1570 545 1611 ne
570 1546 654 1611 inter
676 1544 913 1610 cunctationem
936 1567 1025 1610 suam
1048 1545 1163 1609 consul
1188 1546 1316 1631 aliquam
1333 1543 1376 1603 rim

364 1633 490 1711 faceret,
521 1633 546 1698 si
635 1655 674 1697 ue
704 1631 843 1708 inferret,
880 1630 1072 1718 praesidium
1102 1630 1144 1696 ad
1182 1653 1291 1708 amem,
1315 1626 1375 1691 unde

364 1721 502 1783 maxime
518 1655 665 1784 seb-ibba
679 1717 842 1784 accidebat
857 1740 962 1794 sonus,
979 1715 1123 1782 traducit.
1173 1718 1292 1793 Fabius,
1305 1735 1375 1801 quum

314 1816 317 1820 '
364 1819 453 1870 etex
473 1805 628 1893 temporis¹
642 1805 743 1892 spatio
762 1817 795 1868 et
815 1826 856 1868 ex
876 1803 1002 1869 silentio
1023 1805 1092 1891 ipso
1106 1803 1223 1891 (quod,
1239 1803 1288 1868 ubi
1301 1797 1376 1888 paulo

364 1905 438 1957 ante
453 1893 636 1978 strepebant
650 1892 826 1956 excitantes
841 1904 1052 1978 vocantesque
1067 1890 1108 1956 ad
1122 1913 1223 1970 urina,
1237 1891 1303 1955 inde
1315 1885 1376 1951 nulla

364 1977 529 2043 accidebat
543 1977 620 2064 vox)
635 1977 788 2043 deductas
807 1977 966 2042 custodias
984 1977 1147 2055 sensisset3
1174 1977 1249 2042 ferri
1261 1969 1375 2040 scalaaad

364 2087 435 2130 eam
458 2079 579 2152 partem
604 2064 696 2142 muri,
720 2087 785 2151 qua
806 2063 1003 2129 Bruttiorum
1029 2064 1195 2129 cohortem
1224 2060 1375 2151 praesidium

364 2151 482 2238 agitare
500 2151 690 2238 proditionis
709 2150 893 2216 conciliator
911 2150 1119 2228 nuntiaverat,
1135 2150 1237 2216 iubet.
1279 2147 1319 2212 Ea
1333 2145 1376 2232 pt't

365 2259 452 2301 mum
468 2251 516 2302 eat
526 2251 636 2325 captur
648 2260 766 2315 murus,
779 2237 1001 2303 adiuvantibus
1009 2237 1296 2324 recipientibusque
1309 2233 1374 2297 Brut·

365 2324 433 2388 tiis:
457 2337 491 2388 et
514 2340 731 2388 transcensum
752 2324 786 2387 in
809 2324 921 2388 urbem
940 2337 996 2389 est
1042 2323 1123 2388 Inde
1140 2337 1177 2390 et
1199 2323 1374 2412 proximare

363 2409 462 2474 fracta
474 2427 574 2497 porta,
591 2423 628 2474 ut
643 2409 803 2496 frequenti
818 2410 944 2496 agmine
959 2411 1050 2496 signa
1068 2409 1269 2476 inferrentur.
1308 2405 1373 2478 Tum,

364 2495 500 2560 clamore
516 2496 648 2574 sublato,
659 2497 718 2561 sub
733 2512 838 2561 ortum
853 2495 951 2562 ferme
967 2496 1054 2574 lucis,
1070 2496 1157 2561 nullo
1174 2498 1268 2564 obvio
1280 2503 1372 2562 armato,

363 2580 398 2644 in
422 2582 524 2646 forum
548 2584 755 2670 perveniunt:
787 2605 960 2670 omnesque
983 2583 1135 2669 undique,
1158 2585 1219 2671 qui
1244 2583 1281 2646 ad
1302 2595 1372 2673 arun

299 2719 307 2735 .
364 2681 556 2754 portumque
580 2670 775 2756 pugnabant,
798 2669 832 2733 in
858 2691 892 2734 se
914 2681 1145 2734 converterunt.
1194 2668 1336 2735 Proelium
1352 2682 1373 2722 n

365 2752 455 2817 aditu
474 2753 534 2816 fori
554 2755 671 2818 maiore
687 2755 820 2842 impetu,
837 2776 932 2841 quam
952 2756 1197 2842 perseverantia,
1212 2753 1373 2820 commissum

364 2852 420 2904 est.
467 2837 544 2903 Non
559 2839 676 2917 animo,
692 2863 758 2904 non
773 2841 876 2919 arusie,
892 2864 959 2905 non
972 2857 1039 2906 arte
1053 2841 1138 2919 belli,
1154 2865 1224 2908 non
1238 2842 1328 2927 vigore
1339 2847 1373 2898 att

363 2927 484 2991 viribus
498 2926 645 3013 corporis,
658 2949 715 3014 par
731 2926 878 2992 Romano
890 2927 1083 2992 Tarentinus
1094 2942 1168 2993 erat.
1218 2927 1318 3015 Igitur,
1327 2919 1373 3008 pilis

366 3027 489 3078 tantum
511 3013 672 3090 coniectis,
719 3013 783 3077 rius
812 3035 923 3100 paene,
948 3036 1044 3099 quam
1065 3027 1268 3080 consererent
1287 3027 1372 3079 manat

365 3115 453 3186 terga
474 3098 642 3176 dederunt,
665 3035 778 3186 dilapsi
804 3123 842 3163 ue
865 3122 923 3186 per
944 3112 1020 3164 nota
1041 3100 1127 3164 urbis
1150 3101 1264 3166 itinera
1282 3101 1310 3162 in
1326 3113 1373 3158 suat

365 3187 602 3272 amicorumque
614 3185 733 3250 domos.
779 3122 857 3250 buo
868 3207 909 3250 ex
921 3185 1055 3250 ducibus
1067 3185 1152 3250 Nico
1161 3199 1196 3251 et
1207 3187 1372 3251 muscata

364 3270 488 3335 fortiter
509 3284 687 3358 pugnantes
709 3272 861 3336 cecidere.
907 3271 1123 3350 Philemenus,
1147 3273 1205 3360 qui
1227 3264 1384 3360 promtum

365 3355 406 3420 ad
423 3355 636 3422 Hannibalem
655 3371 765 3423 auctor
778 3358 890 3436 fuerat,
906 3381 1006 3444 quum
1026 3359 1121 3424 citato
1136 3383 1222 3446 equo
1237 3381 1276 3423 ex
1288 3351 1371 3445 proelio

365 3456 492 3507 avectus
506 3458 605 3520 esset;
629 3467 746 3508 vacuus
762 3443 869 3530 paullo
890 3458 961 3530 post
980 3467 1081 3532 equus
1099 3469 1207 3510 errans
1224 3468 1279 3533 per
1295 3441 1370 3506 urbem

365 3529 520 3615 cognitus,
537 3552 651 3616 corpus
665 3552 821 3616 nusquam
843 3531 1009 3596 inventum
1026 3548 1082 3596 est.
1130 3533 1293 3598 Creditum
1308 3524 1369 3608 mitt

365 3628 421 3691 est,
445 3615 479 3678 in
504 3631 637 3708 puteum
664 3630 808 3704 apertum
830 3640 870 3682 ex
893 3640 977 3718 equo
1021 3618 1230 3705 raecipitasse.
1274 3611 1370 3681 canb-

365 3700 471 3765 lonem
485 3717 603 3780 autem,
619 3703 815 3802 praefectum
829 3705 977 3790 praesidii
993 3641 1118 3782 funici,
1130 3727 1204 3770 cum
1219 3715 1382 3770 commetat?

364 3787 485 3852 ratione
507 3801 632 3873 paternr
653 3789 791 3875 hospitii,
814 3789 925 3877 positis
946 3791 1050 3868 armis,
1073 3792 1253 3857 venientem
1271 3789 1306 3854 ad
1320 3805 1369 3849 con

397 4005 475 4080 5Itlo
493 4007 542 4054 loeo
561 4009 728 4068 praepositus]
756 4009 870 4074 Intellige
941 4023 954 4072 7
975 4011 1037 4060 Cam
1063 4015 1278 4062 commemoratione
1300 4003 1367 4073 W

360 4069 491 4143 praeradia.
509 4068 623 4117 Gnouov.
647 4132 652 4142 Ι
709 4111 710 4114 ,
902 4076 1000 4138 hospitii
1015 4111 1021 4125 .
1034 4112 1040 4124 .
1052 4112 1059 4126 .
1071 4080 1204 4126 vaninitatis
1223 4077 1257 4124 ud
1271 4065 1366 4124 Μ’]

395 4130 411 4180 6
427 4133 597 4190 Pbrlemanus]
619 4133 777 4184 HrcTureuti
790 4137 869 4198 prodi·
903 4139 989 4195 Quum
1004 4139 1095 4188 veniret
1111 4143 1143 4190 ad
1159 4141 1287 4195 considam,
1297 4145 1367 4185 comat

363 4201 401 4241 tor
412 4195 569 4243 Philemenus
584 4201 685 4243 vocatur
700 4213 764 4259 supr.
778 4217 834 4250 xxv.
846 4203 868 4250 8.
902 4217 999 4251 morans
1017 4203 1062 4251 sibi
1084 4213 1209 4266 paternum
1229 4219 1278 4252 ease
1293 4214 1336 4250 cum
1350 4207 1367 4240 a

363 4263 388 4304 et
404 4271 427 4328 9.
460 4258 548 4338 scripti
566 4259 615 4306 fere
632 4260 799 4312 Pbr'lemeucs:
824 4265 868 4312 l’o·
902 4267 1043 4328 hospitium.
1079 4269 1254 4331 lrrtelligendus
1268 4273 1300 4316 ast
1313 4271 1366 4311 aaut

363 4320 452 4380 lybiam,
462 4325 597 4380 Φιλημενος.
615 4323 695 4372 Cant.
767 4340 771 4344 ·
902 4330 1019 4380 Carthalo
1031 4332 1056 4380 id
1068 4348 1273 4392 commemorasse,
1281 4319 1367 4386 nonapd
