2874 4772
360 237 423 300 sta
751 231 864 298 ΤΙΤΙ
891 230 1025 300 LIVII

206 381 242 434 u.
252 381 282 433 0.
298 371 471 446 stt-‘aliter
493 391 667 456 nunquam,
683 369 755 435 rivo
774 369 966 449 Hannibale,
982 371 1051 436 sine
1075 369 1159 435 bello
1181 368 1299 434 Italiam
1313 368 1374 434 lore'

205 448 237 497 Ᾰ·
253 447 284 498 ⁰·
299 460 353 510 ²⁰⁹
363 456 453 522 Haec
467 469 538 522 acta
551 456 586 520 in
599 455 749 521 conciliis.
795 456 943 545 'triginta
963 470 1030 523 tum
1051 456 1195 522 coloniae
1215 455 1315 544 populi
1329 455 1385 522 Ros

204 510 325 562 Coloniae
437 543 445 558 .

204 575 336 624 tamesim
361 565 447 608 mam
470 555 568 608 erant.
614 541 666 608 Ex
687 542 726 607 iis
746 542 925 622 duodecim,
947 567 1046 631 quum
1069 543 1213 609 omnium
1234 542 1385 642 legationes

204 643 332 702 nmero
363 629 485 696 Romae
511 642 624 706 essent,
648 642 845 716 negavenmt
869 630 1051 696 consulibus
1076 651 1155 707 esse,
1180 630 1265 694 unde
1288 629 1373 692 milite

204 703 354 815 ffiffiffl
361 716 592 804 pecuniamque
609 715 729 780 darem.
777 715 843 781 Eae
857 717 945 782 firere
962 717 1079 795 Ardea,
1096 715 1237 868 Nepete,
1254 715 1372 786 Sunium,

205 829 292 880 nmis
362 802 457 881 Alba,
475 801 627 879 Carseoli,
641 801 735 880 Cora,
753 801 875 879 Suessa,
893 801 1021 880 Circeii,
1039 801 1136 880 Setia,

203 904 332 967 cnogan-
362 887 553 955 Interamna.
600 887 693 954 Nova
714 911 748 953 re
768 889 913 955 consules
932 889 996 968 icti,
1013 911 1113 976 quum
1133 891 1301 954 absterrere
1313 909 1373 952 eost

1184 803 1257 880 ales,
1273 802 1372 874 Narnia
1408 869 1409 892 ,

203 969 348 1020 uncos
362 989 425 1041 tam
442 975 620 1042 deessem
640 975 770 1040 consuo
793 975 920 1052 vedent,
944 977 1127 1064 castigando
1148 975 1372 1063 increpandus
1407 987 1409 1002 ⁴

361 1062 442 1150 plus,
458 1085 554 1151 quam
568 1061 682 1128 leniter
696 1060 829 1150 agendo,
844 1061 1038 1149 profecturos
1052 1063 1122 1140 rati,
1148 1071 1224 1127 ‘eos
1237 1085 1319 1127 ausos
1328 1081 1372 1124 ese

362 1149 565 1215 ‘consulibus
582 1147 708 1225 dicere:
725 1149 860 1225 aiebant,
885 1157 895 1186 ‘
929 1149 993 1214 uod
1012 1149 1170 1227 consules,
1187 1150 1222 1213 in
1241 1161 1373 1214 senatun

362 1236 633 1323 ‘pronuntiarent
656 1235 689 1298 in
713 1235 855 1299 animum
878 1171 1028 1300 inducere
1050 1257 1116 1300 non
1142 1249 1281 1323 possent.
1320 1233 1373 1296 Nor

362 1323 469 1388 ‘enim
484 1321 744 1388 detrectationem
761 1343 831 1386 eam
846 1343 1013 1386 munerum
1033 1322 1179 1400 militiae,
1195 1323 1252 1388 sed
1264 1335 1371 1409 apertam

363 1408 594 1474 ‘defectionem
623 1429 642 1473 a
670 1407 789 1496 populo
815 1408 961 1472 Romano
987 1430 1062 1474 esse.
1109 1407 1271 1474 Redirent
1295 1410 1372 1492 itaque

362 1502 516 1582 ‘propere
534 1496 568 1559 in
582 1493 729 1571 colonias,
744 1509 787 1572 et,
803 1508 952 1581 tauquam
973 1494 1094 1582 integra
1112 1517 1159 1574 re,
1176 1495 1273 1560 locuti
1290 1493 1369 1580 magis

362 1588 480 1668 ‘quam
494 1581 571 1658 ausi,
587 1595 709 1645 tantum
725 1581 821 1658 nefas,
837 1603 910 1646 cum
928 1581 992 1646 suis
1009 1580 1233 1648 consulerent:
1256 1581 1372 1646 admone

363 1675 465 1744 ‘rent
481 1689 546 1731 non
563 1666 753 1754 Campanos,
768 1690 873 1754 neque
889 1666 1079 1733 Tarentinos
1098 1691 1155 1733 eos
1174 1691 1254 1746 esse,
1268 1666 1317 1733 sed
1328 1665 1372 1729 Re

363 1761 511 1830 ‘manos3
534 1753 609 1818 inde
631 1753 791 1831 oriundos,
807 1753 882 1818 inde
904 1753 938 1818 in
960 1754 1097 1820 colonias
1118 1767 1220 1843 atque
1241 1755 1273 1819 in

364 1839 467 1905 ‘bello
486 1853 614 1926 captum
636 1839 740 1928 stirpis
761 1839 925 1928 augendae
946 1863 1039 1906 causa
1061 1842 1192 1906 mimos:
1217 1773 1371 1928 qwffl

363 1927 565 2014 ‘parentibus
590 1927 752 2004 deberent,
778 1949 817 1992 ea
846 1926 916 1992 illos
950 1927 1101 1993 Romanis
1125 1927 1258 2004 debere,
1284 1927 1307 1992 si
1330 1923 1371 1988 ulla

363 2013 492 2115 ‘pietas
515 2013 541 2079 si
563 2013 714 2080 memoria
738 2014 886 2100 antiquae
910 2015 1028 2101 patriae
1053 2027 1143 2079 emet.
1195 2013 1370 2080 consulerent

362 2101 481 2187 ‘igitur
494 2099 534 2165 de
552 2100 696 2188 integro:
720 2123 804 2178 nam,
820 2114 888 2164 tum
903 2100 1032 2187 quidem
1047 2117 1130 2188 quae
1150 2115 1274 2166 temere
1291 2098 1370 2185 agitas

363 2195 464 2265 ‘sent
483 2209 522 2252 ea
542 2186 698 2274 prodendi
719 2187 844 2273 imperii
867 2186 1014 2264 Romani,
1033 2185 1209 2253 tradendae
1234 2181 1370 2252 Hannibdi

364 2273 532 2339 ‘victoriae
553 2273 640 2338 esse?
685 2272 794 2348 Quum
815 2273 941 2338 alternis
961 2273 1039 2338 haec
1058 2274 1208 2340 consules
1223 2274 1277 2339 diu
1293 2273 1371 2336 iactas

362 2373 443 2438 sent,
467 2359 548 2424 nihil
571 2361 649 2425 moti
672 2358 776 2444 legati,
804 2369 930 2447 ‘neque
953 2383 996 2437 se,
1021 2359 1107 2447 quod
1130 2361 1265 2426 domum
1287 2377 1370 2423 renen

363 2447 507 2524 ‘tierent
532 2446 667 2524 habere,’
692 2445 851 2524 dixerunt,
880 2455 1004 2534 ‘neque
1029 2461 1174 2512 senatum
1200 2469 1298 2523 suum,
1319 2439 1369 2530 quid

363 2533 459 2597 ‘novi
472 2532 661 2610 consuleret,
673 2533 728 2598 ubi
743 2554 802 2597 nec
816 2531 916 2610 miles,
928 2531 984 2620 qui
998 2532 1166 2619 legeretur,
1184 2557 1247 2599 nec
1260 2530 1368 2622 peruris

363 2625 374 2657 ‘
384 2640 465 2704 quae
480 2618 608 2682 daretur
621 2619 656 2682 in
670 2618 873 2706 stipendium,
889 2619 989 2684 esset’
1035 2619 1144 2695 Quum
1162 2621 1369 2686 obstinatosre

362 2703 508 2769 viderent
516 2704 758 2805 'oopsulestrem
775 2705 978 2806 adnsenatum
993 2705 1199 2772 detulerunt:
1223 2707 1278 2772 ubi
1298 2719 1369 2770 tantu

361 2811 741 2962 tltttte'lb‘ltttt‘
756 2801 1369 2955 tittffibtbttttffltt

363 2964 484 3030 ‘socios
498 2964 691 3030 consensisse
706 2987 825 3042 omnes,
838 2965 878 3029 ad
892 2964 1088 3052 prodendam
1101 2965 1278 3032 Hannibali
1291 2964 1368 3028 urbem

296 3103 305 3122 .
362 3059 374 3090 ‘
385 3051 582 3118 Romanam?
627 3050 782 3117 Consules
808 3050 928 3117 hortari
952 3066 986 3117 et
1011 3051 1162 3118 consolari
1189 3067 1332 3124 senatum
1349 3056 1368 3108 θ*

362 3137 477 3217 dicere,
502 3137 613 3204 ‘Alias
632 3138 770 3203 colonias
791 3138 909 3203 infide
929 3151 1023 3226 atque
1044 3139 1145 3204 officio
1165 3137 1368 3226 pristinorum

363 3233 436 3289 ‘eas
450 3247 578 3313 quoque
599 3225 690 3314 ipsas,
705 3247 786 3313 quae
807 3225 909 3290 officio
929 3225 1143 3303 decessissent,
1157 3227 1186 3290 si
1207 3224 1299 3314 legati
1315 3221 1369 3286 eiu

362 3319 374 3351 ‘
383 3333 436 3376 eas
455 3310 593 3377 colonias
615 3312 789 3388 mittantur,
805 3313 861 3464 <pri
881 3312 1044 3399 castigent,
1060 3334 1124 3376 non
1144 3313 1202 3399 qui
1224 3321 1368 3400 precentur,

362 3406 374 3437 ‘
382 3397 605 3463 verecundiam
627 3398 752 3487 imperii
775 3397 817 3463 ha
838 3399 935 3462 ituras
952 3399 1039 3463 esse?
1081 3398 1277 3464 Permiaeum
1293 3397 1368 3462 abs·
1406 3467 1407 3470 ,

361 3497 439 3549 natu
462 3484 501 3550 iis
520 3507 621 3572 quum
641 3499 732 3562 esset,
752 3498 891 3572 agerent,
907 3485 1119 3572 facerentque,
1138 3499 1175 3550 ut
1198 3508 1218 3550 e
1242 3479 1368 3574 republ‘u
1406 3477 1407 3550 l

361 3571 532 3648 ducerent3
566 3573 750 3659 pertentatis
779 3571 865 3658 prius
894 3571 1025 3636 aliarum
1054 3570 1249 3636 coloniarum
1277 3569 1368 3634 anina
1406 3571 1407 3598 ¹

361 3659 536 3724 citaverunt
550 3657 678 3746 legatos,
694 3657 979 3746 quaesiverrmtque
999 3659 1039 3724 ab
1057 3659 1104 3736 iis,
1128 3657 1267 3760 ‘ecquid
1285 3653 1368 3720 milite
1406 3715 1407 3720 ,

362 3752 424 3809 ‘ex
437 3744 571 3811 formula
585 3759 708 3832 paratos
725 3745 878 3810 haberent
888 3745 916 3809 l’
959 3745 1023 3811 Pro
1036 3744 1258 3832 duodevigmtr
1271 3735 1380 3808 eolalie

394 3939 739 4002 srapmaamooroauae]
763 3939 865 3992 ureret
931 3944 1227 4006 aaronem]
1252 3929 1368 3989 evelti

361 4002 520 4064 quadraginta
542 4004 649 4052 colonias
666 4019 682 4052 a
699 4005 818 4055 Romanis
833 4009 865 4056 ab
897 4021 951 4056 eam
971 4023 1069 4056 cauam
1088 4022 1103 4055 a
1121 4005 1260 4056 consulibus
1277 4004 1368 4070 effl-

360 4067 421 4116 urbe
428 4066 526 4140 condita
536 4082 613 4130 usque
623 4069 655 4116 ad
663 4068 710 4116 hoe
720 4073 864 4132 tempusde·
897 4073 936 4119 vel
947 4072 1012 4120 ultro
1024 4073 1130 4121 Romam
1147 4071 1275 4134 profectae,
1287 4073 1311 4114 ul
1324 4063 1368 4120 lap

360 4132 448 4181 ductas
463 4130 536 4180 luisse
548 4130 619 4179 Livio
630 4137 728 4181 auctore
743 4134 814 4182 docet
827 4135 863 4184 si·
895 4135 1116 4197 deMil‚Rom.i.7.
1125 4133 1298 4184 animadvertit
1312 4128 1361 4175 DU-

360 4195 453 4257 genius
488 4195 562 4244 Unde
577 4200 620 4242 aut
633 4195 738 4258 reliquas
753 4197 778 4245 in
795 4204 863 4259 pote
928 4213 942 4261 5
962 4201 1004 4248 Ea·
1018 4201 1143 4260 semela]
1173 4199 1230 4256 Qua
1251 4193 1367 4253 descnpttffl

361 4265 424 4306 state
441 4257 588 4306 Hannibalis
605 4258 654 4306 iam
672 4261 753 4318 fuisse,
770 4267 813 4309 aut
831 4263 863 4309 ad
895 4269 1086 4325 eratquanturn
1100 4277 1209 4328 quaeque
1224 4260 1313 4310 colonia
1326 4251 1366 4300 mli·

361 4322 468 4370 subsidia
483 4322 590 4371 Romam
607 4322 727 4372 mittenda
742 4337 791 4371 non
807 4324 865 4374 satis
896 4331 949 4373 trun
974 4328 1080 4377 deberet.
1120 4327 1178 4377 viu.
1195 4341 1260 4388 supr.
1278 4319 1328 4370 xxii.
1343 4325 1367 4376 tt
1405 4323 1406 4408 ,

362 4385 473 4444 valuim,
484 4401 540 4435 cum
551 4385 675 4436 Crevierio
685 4386 815 4436 existimes
896 4389 977 4440 Gssv.

1401 4483 1406 4742 Ι
