2874 4772
312 207 407 274 LIB.
432 205 559 272 XXVI.
593 204 704 272 CAP.
732 211 779 271 18.
1009 211 1069 270 301

38 346 150 431 petivit,
166 358 202 410 ut
221 345 358 410 Romani
374 345 460 432 leges
472 344 706 409 conscriberent
719 345 760 408 de
777 340 938 410 tradendis
952 344 1075 410 arcibus
1086 355 1120 404 U.
1131 353 1161 403 ο.
1177 325 1232 415 ter·

38 432 165 510 urbium,
180 432 299 532 dicque
313 431 491 508 statuenda,
501 431 542 496 ad
556 454 651 517 quam
668 431 823 518 praesidia
831 421 1115 508 deducerentur&
1132 419 1163 469 ⁰·
1178 431 1232 467 ²¹¹·

37 541 146 604 suaque
169 541 278 584 omma
296 520 363 584 sine
383 517 492 583 fraude
514 516 616 582 Poeni
636 518 848 605 deportarent.
901 518 998 594 Quod
1020 518 1076 582 ubi

37 605 218 691 impetravit,
235 605 394 693 extemplo
408 605 519 692 primis
528 603 675 681 tenebris,
686 618 783 692 atque
798 604 873 669 inde
889 617 956 670 tota
970 619 1074 683 nocte,

37 692 116 777 quod
139 694 358 780 gravissimum
385 692 542 756 exercitus
568 703 645 768 crat,
670 690 860 768 Hasdrubal,
883 713 1074 779 quacunque

37 792 142 862 posset,
163 779 298 844 evadere
319 802 337 843 e
354 778 435 842 saltu
456 778 553 842 iussit
600 776 686 842 Data
704 777 815 842 sedulo
837 799 933 865 opera
954 792 1011 855 est,
1033 797 1075 842 ne

37 864 118 928 multi
141 888 180 930 ea
194 879 288 930 nocte
312 865 446 942 exirent,
461 878 498 929 ut
518 865 587 951 ipsa
604 864 754 951 paucitas,
770 887 871 950 quum
891 863 932 929 sd
952 864 1075 928 hostem

37 950 155 1016 silentio
178 952 353 1017 fallendum
382 951 494 1039 aptior,
520 965 587 1014 tum
617 950 658 1014 ad
682 950 881 1015 evadendum
907 973 965 1050 per
994 965 1076 1015 artas

37 1039 156 1102 semitas
171 1062 208 1102 ac
227 1039 370 1103 difficiles
384 1050 474 1104 esset
520 1036 663 1102 Ventum
685 1037 866 1124 insequenti
886 1037 938 1102 dre
954 1036 994 1100 ad
1012 1037 1076 1102 col-

37 1122 173 1209 loquium
183 1138 249 1190 est:
273 1125 330 1190 scd
338 1124 499 1212 loquendo
508 1122 599 1211 plura
609 1123 840 1211 scribendoque
852 1122 962 1188 dedita
971 1145 1075 1210 opera,

38 1233 112 1296 quae
124 1213 158 1275 in
168 1235 236 1277 rem
251 1235 316 1276 non
328 1225 442 1290 essent,
454 1210 507 1276 die
518 1224 715 1297 consumpto,
725 1211 758 1275 in
770 1225 931 1298 posterum
943 1209 1089 1288 dilatum,

38 1310 88 1360 est.
133 1298 257 1363 Addita
266 1299 434 1385 insequens
444 1320 509 1362 nox
520 1298 656 1384 spatium
666 1297 755 1362 dedit
764 1311 797 1361 ct
808 1296 886 1361 alios
894 1297 1075 1361 emittendi:

38 1405 91 1448 nec
169 1398 238 1450 tero
253 1385 305 1449 die
323 1408 373 1450 res
393 1384 490 1450 finem
512 1384 642 1449 invenit.
688 1383 739 1448 Ita
758 1383 799 1449 eli
823 1395 878 1448 uot
894 1383 961 1447 dies
976 1383 1077 1447 disce-

38 1483 107 1554 ptan
130 1495 150 1536 o
164 1473 270 1559 palam
286 1471 326 1536 de
342 1472 472 1558 legibus,
488 1485 660 1557 noctesque
676 1407 858 1535 emittenHis
875 1469 956 1535 clam
975 1493 992 1533 e
1012 1491 1079 1534 cas-

40 1558 89 1620 tris
101 1558 426 1646 Carthaginiensibus,
440 1559 640 1644 absumptae:
665 1570 707 1635 et,
716 1571 884 1644 postquam
896 1557 995 1621 maior
1028 1579 1077 1620 ars

19 1644 144 1709 semisse
163 1645 323 1710 exercitus
342 1660 418 1723 crat,
434 1646 497 1710 iam
515 1645 610 1709 neiis
632 1645 773 1731 quidem,
790 1667 871 1732 quae
894 1642 977 1708 ultro
1017 1643 1078 1708 'cta

39 1746 131 1809 erant,
146 1733 302 1797 stabatur:
327 1732 495 1818 minusque
510 1756 547 1797 ac
562 1732 676 1808 minus,
692 1755 765 1795 cum
782 1731 892 1796 timore
909 1729 1003 1794 simul
1014 1728 1078 1794 fide

39 1815 245 1895 decrescente,
275 1819 490 1883 conveniebat
550 1817 618 1882 Iam
647 1818 745 1882 ferme
778 1817 941 1905 pedestres
969 1837 1078 1881 omnes

40 1906 142 1990 copiae
165 1919 329 1971 evaserant
350 1929 369 1969 e
390 1905 488 1970 saltu:
513 1928 611 1992 quum
634 1905 736 1991 prima
750 1905 820 1969 luce
843 1903 942 1968 densa
962 1901 1080 1966 nebula

39 1989 146 2056 saltum
161 2015 290 2058 omnem
310 2015 378 2056 cam
422 2015 436 2054 s
460 2013 499 2056 uc
518 1991 600 2055 circa
619 1991 743 2054 intexit
792 1989 890 2064 Quod
912 1989 967 2054 ubi
982 1988 1079 2053 sensit

40 2074 225 2156 Hasdrubal,
242 2078 339 2142 mittit
356 2015 592 2154 adolllleronem
609 2077 713 2163 quiin
734 2089 895 2163 posterum
909 2074 995 2138 diem
1015 2072 1079 2138 col·

40 2160 177 2249 loquium
190 2166 349 2230 differret:
373 2163 462 2228 illum
472 2163 557 2228 diem
567 2162 746 2249 religiosum
764 2160 1080 2248 Carthaginiensibus

41 2249 78 2312 ad
99 2253 258 2338 agendum
281 2251 450 2339 quicquam
472 2251 518 2313 rei
540 2249 638 2314 seriae
659 2271 736 2313 esse.
782 2247 835 2312 Ne
859 2262 927 2312 tum
949 2246 1080 2334 quidem

40 2355 179 2424 suspecta
193 2339 286 2403 fraus
335 2337 443 2414 Quum
461 2337 534 2402 data
545 2350 627 2401 esset
641 2336 733 2400 venia
747 2335 815 2400 eius
829 2333 904 2411 diei,
920 2331 1080 2420 extemplo

42 2420 228 2502 Hasdrubal,
254 2449 327 2491 cum
352 2425 496 2512 equitatu
524 2423 764 2510 elephantisque
790 2423 898 2486 castris
927 2443 1080 2508 egressus,

41 2507 103 2575 sine
118 2513 184 2577 ullo
200 2510 383 2576 tumultuin
399 2524 503 2575 tutum
519 2510 624 2575 evasit.
671 2509 761 2574 Hora
774 2509 873 2573 ferme
889 2521 1001 2594 quarta
1017 2506 1081 2570 dis·

40 2596 125 2679 pulsa
145 2597 211 2664 sole
234 2598 351 2663 nebula
372 2597 496 2684 aperuit
517 2597 613 2674 diem,
636 2619 735 2661 vacua
758 2618 797 2660 ue
820 2595 959 2659 hostium
981 2607 1082 2658 castra

42 2702 97 2746 con
153 2698 270 2750 xerunt
291 2684 437 2749 Romani.
484 2683 570 2748 Tum
589 2682 718 2748 demum
735 2619 905 2760 Claudius,
925 2681 1081 2746 Punicam

41 2707 177 2837 baalim
194 2793 375 2858 agnoscens,
387 2783 424 2836 ut
438 2793 471 2836 se
481 2769 555 2835 dolo
570 2784 696 2858 captum
712 2770 819 2846 sensit,
829 2769 1081 2856 proticiscentem

42 2852 151 2923 institit
165 2858 265 2945 sequi,
275 2872 401 2958 paratus
416 2858 583 2944 confligere
600 2859 683 2922 acie:
708 2856 765 2921 sed
774 2856 872 2920 hostis
887 2843 1083 2919 detrectabat

43 2961 195 3030 pugnam3
226 2945 307 3009 levra
332 2959 439 3010 tamen
462 2944 583 3093 proelia
608 2945 692 3007 inter
717 2955 895 3007 extremum
922 2941 1081 3004 Punicum

43 3049 151 3114 agmen
166 3053 445 3120 praecursoresque
494 3051 680 3094 omanorum
695 3029 821 3093 fiebant.

83 3115 171 3184 Inter
192 3118 270 3183 haec
286 3117 459 3204 Hispaniae
475 3138 517 3202 po
541 3114 595 3192 uli,
611 3138 670 3180 nec
693 3115 749 3201 qui
763 3127 834 3200 post
849 3111 971 3177 cladem
993 3133 1083 3176 acce-
1183 3154 1190 3171 .

64 3215 125 3268 tam
137 3205 327 3281 defecerant,
339 3203 485 3268 redibant
548 3201 720 3277 Romanos,
732 3223 792 3264 nec
804 3198 860 3264 ulli
869 3199 943 3263 novi
955 3196 1083 3262 delicie·

44 3221 123 3356 bant.
156 3291 199 3356 Et
212 3291 333 3355 Romae
343 3288 465 3354 senatui
475 3287 666 3376 populoque,
676 3300 748 3374 post
756 3300 913 3372 receptam
926 3283 1082 3371 Capuam,

45 3393 105 3440 non
130 3378 240 3444 Italiae
271 3378 333 3442 iam
360 3376 468 3454 maior,
496 3397 590 3461 quam
622 3373 804 3460 Hispaniae,
831 3395 907 3437 cura
935 3385 1020 3448 erat3
1051 3383 1084 3435 et

24 3466 216 3530 4exercitum
250 3463 358 3551 augeri
391 3475 425 3527 et
454 3463 673 3550 imperatorem
710 3460 792 3525 mitti
826 3457 984 3546 placebat:
1023 3479 1083 3521 nec

47 3557 157 3629 tamen,
185 3573 279 3638 quem
306 3551 478 3627 mitterent,
503 3548 576 3614 satis
601 3548 772 3624 constabat,
795 3567 890 3633 quam
917 3543 1006 3622 illud,
1028 3543 1084 3608 ubi

47 3631 107 3699 duo
125 3638 239 3703 summi
262 3637 465 3723 imperatores
480 3637 562 3700 intra
582 3635 650 3700 dies
666 3633 704 3698 tri
728 3634 796 3698 'nte
816 3631 1011 3708 cecidissent,
1027 3630 1084 3718 qui

46 3718 198 3790 inlocum
219 3723 353 3788 duorum
372 3723 566 3800 succederet,
582 3657 829 3786 extraorHinaria
850 3741 926 3783 cura
941 3717 1200 3805 &ligea-Comitia
1224 3787 1230 3798 ¹

48 3805 119 3874 dum
142 3833 217 3876 esse.
266 3809 376 3886 Quum
401 3809 455 3874 alii
477 3809 572 3874 alium
597 3808 807 3884 nominarent,
830 3818 1023 3894 postremum
1045 3788 1231 3869 e0P¹⁰⁰⁰¹¹³²¹¹¹

48 3892 210 3964 decursum
225 3912 282 3976 est,
298 3912 334 3962 ut
347 3895 485 3985 populus
501 3895 680 3984 proconsuli
694 3893 832 3960 creando
847 3893 881 3956 in
897 3891 1084 3981 Hispaniam
1093 3852 1197 3990 &132⁰
1208 3851 1234 3898 in

1092 3993 1168 4029 mm.

81 4123 93 4169 3
110 4113 162 4160 Iam
180 4128 212 4161 aa
228 4095 262 4161 'iia
278 4111 386 4174 quidem]
412 4109 467 4158 Iam
484 4107 548 4155 Has·
581 4107 638 4155 dam
652 4121 704 4156 esse
719 4111 803 4154 monet
814 4106 895 4165 cren,
905 4105 950 4154 nisi
962 4104 1016 4166 quis
1025 4105 1087 4151 forte

50 4169 130 4223 drubal
153 4191 184 4223 ne
205 4176 236 4224 iis
253 4175 352 4237 quidam
373 4173 550 4235 acquiescebat,
582 4185 626 4232 pro
636 4177 716 4220 tamen
733 4171 863 4232 legendum
879 4177 929 4218 tom
944 4167 1088 4229 suspicetur,

51 4248 110 4294 quae
120 4241 183 4288 ultro
194 4240 323 4288 obtulerat.
339 4239 420 4288 cmv.
582 4235 625 4284 sed
644 4241 724 4282 tamen
745 4249 830 4284 omnes
849 4233 919 4282 codd.
938 4231 1005 4293 apud
1026 4229 1086 4277 Dra·

81 4305 163 4360 4Ncc
185 4304 278 4364 tom]
316 4303 346 4351 In
367 4301 414 4350 hoc
436 4297 552 4348 orationis
582 4297 791 4348 kenbexhibent.

51 4369 155 4416 membro
177 4367 322 4430 particulam
345 4373 394 4418 tom
415 4363 551 4424 intelligen·
580 4421 583 4428 Ι
