2966 4778
356 181 417 244 128
745 175 859 244 ΤΙΤΙ
885 175 1023 242 LIVII

196 322 230 373 U.
242 323 273 374 c,
288 320 438 399 536.‘quo
462 313 621 416 Campani
642 334 709 379 non
730 323 842 401 agrum
867 313 981 392 solum,
1002 314 1042 378 ab
1065 309 1221 377 Romanis
1243 310 1411 412 quondam

195 385 227 438 Δ·
244 389 273 440 ⁰·
290 389 366 442 ²¹⁶³
416 420 432 462 r
456 399 605 464 iniunam
630 399 827 488 ademptum,
848 421 1046 487 recuperare,
1069 397 1127 463 sed
1152 397 1289 485 imperto
1314 399 1411 462 etiam

355 491 366 524 ‘
373 421 487 550 ileliae
501 486 598 586 potiri
612 485 742 574 possint
788 485 914 552 Foedus
928 487 1016 551 enim
1036 507 1110 550 cum
1126 483 1324 562 Hannibale,
1340 485 1412 572 qui-

355 571 433 636 ‘bus
449 571 550 636 vebat
574 572 707 660 legibus,
722 571 867 638 facturos
915 571 1032 660 Neque
1059 571 1309 636 controversiam
1333 570 1410 648 lore,

355 664 365 695 ‘
400 656 465 736 uin,
475 680 576 743 quum
590 659 658 746 ipse
674 659 818 725 confecto
829 659 914 725 bello
930 656 1093 724 Hannibal
1102 657 1203 721 victor
1216 657 1253 720 in
1266 656 1412 721 Afiicam

355 680 521 823 ‘iecedat
542 746 783 832 exercitumque
807 745 847 810 de
871 757 964 823 ortet,
985 744 1096 810 Italiae
1114 743 1286 831 imperium
1315 741 1413 808 Cam-

356 831 467 917 ‘panis
489 831 706 919 relinquatur!
750 831 840 896 Haec
889 832 963 897 irrio
984 830 1130 918 loquenti
1144 830 1265 894 assensi
1287 851 1410 907 omnes,

355 917 401 981 ita
422 919 610 983 renuntiant
630 917 833 1005 legationem,
848 919 897 983 uti
916 917 1059 983 deletum
1080 915 1228 982 omnibus
1249 915 1414 982 videretur

355 1024 474 1068 nomen
501 1003 693 1070 Romanum.
740 1004 912 1092 Extemplo
924 1004 1043 1155 plebes
1069 1004 1109 1068 ad
1131 1001 1354 1068 defectionem
1378 1025 1413 1066 ae

355 1110 427 1176 pars
448 1090 550 1156 maior
575 1103 705 1156 senatus
726 1105 877 1178 spectare.
955 1102 1076 1156 xtraota
1099 1103 1216 1166 tamen,
1238 1089 1413 1154 auctorita·

354 1175 440 1240 tibus
454 1177 624 1254 seniorum,
634 1199 692 1265 per
746 1199 823 1242 ucos
837 1175 905 1242 dies
916 1190 963 1242 est
978 1199 1045 1242 res:
1069 1187 1229 1263 postremo
1244 1175 1330 1239 vicit
1344 1197 1414 1240 sen-

354 1261 456 1326 tentia
469 1261 618 1349 plurium,
631 1276 668 1327 ut
681 1263 704 1328 ii
728 1285 779 1328 em
795 1263 901 1351 legati,
914 1264 970 1351 qui
985 1263 1026 1329 ad
1040 1261 1204 1327 consulem
1219 1261 1414 1327 Romanum

354 1346 467 1426 ierant,
479 1348 521 1414 ad
533 1348 747 1414 Hannibalem
758 1351 968 1414 mitterentur.
1013 1348 1090 1425 Quo
1097 1349 1286 1436 priusquam
1300 1346 1412 1424 iretur,

354 1447 541 1523 certumque
571 1435 759 1500 defectionis
792 1435 960 1500 consilium
995 1448 1086 1512 esset,
1118 1433 1258 1498 Romam
1288 1433 1414 1521 legatos

354 1521 465 1586 missos
479 1545 499 1585 a
509 1521 692 1609 Campanis,
709 1521 742 1584 in
781 1520 947 1586 uibusdam
963 1520 1129 1585 annalibus
1142 1519 1284 1596 invenio,
1302 1533 1415 1606 postu-

353 1605 464 1684 lantes,
480 1618 518 1671 ut
537 1605 617 1670 alter
634 1606 744 1672 consul
800 1629 954 1707 ampanus
973 1607 1074 1683 fieret,
1090 1605 1116 1670 si
1135 1626 1203 1669 rem
1225 1603 1415 1670 Romanam

354 1689 497 1756 adiuvari
524 1691 653 1758 vellent.
699 1691 739 1757 In
764 1693 770 1706 '
837 1707 924 1758 tione
950 1704 1029 1770 orta,
1050 1689 1242 1756 summoveri
1272 1713 1294 1755 a
1325 1693 1416 1756 cirria

353 1776 454 1842 iussos
468 1799 553 1842 esse:
578 1777 772 1865 missumque
801 1779 942 1858 ctorem,
978 1779 1012 1843 ui
1026 1799 1067 1842 ex
1082 1778 1160 1843 urbe
1175 1775 1335 1843 educeret
1349 1801 1415 1854 eos,

354 1874 451 1950 atque
472 1885 511 1928 eo
529 1862 581 1929 die
602 1887 729 1932 manere
748 1877 839 1931 extra
855 1867 936 1930 fines
955 1802 1120 1930 lomanos
1136 1863 1271 1928 iuberet.
1325 1864 1416 1940 Quia

354 1949 449 2015 nimis
463 1972 593 2052 compar
608 1950 796 2016 Latinorum
811 1949 974 2038 quondam
988 1950 1158 2038 postulatio
1168 1961 1247 2028 erat,
1260 1947 1436 2017 Coelius-t

354 2057 418 2122 que
440 2049 474 2101 et
487 2037 541 2102 alii
563 2037 598 2102 id
612 2037 700 2104 baud
721 2037 789 2102 sine
814 2059 908 2103 causa
929 2036 1204 2125 praetermiserant
1226 2036 1413 2124 scriptores,

354 2143 473 2210 ponere
489 2146 547 2211 pro
562 2137 649 2189 certo
663 2147 733 2189 sum
748 2123 876 2190 veritus.
1424 2147 1436 2197 r

256 2199 286 2298 75
399 2207 514 2310 Legati
525 2211 567 2277 ad
583 2209 799 2276 Hannibalem
813 2223 980 2288 venerunt,
995 2231 1171 2298 pacemque
1185 2229 1261 2274 cnm
1275 2231 1319 2274 eo
1334 2229 1436 2276 con-a

197 2285 327 2398 qsfiffmni
355 2293 530 2362 ditionrbus
558 2297 720 2362 fecerunt:
760 2304 770 2335 ‘
782 2295 835 2362 Ne
865 2297 936 2384 quis
966 2297 1138 2385 imperator
1166 2293 1414 2382 magistramsve

195 2365 338 2466 {alemena
356 2389 370 2441 ⁴.
377 2380 559 2448 Poenorum
574 2383 624 2448 ius
645 2383 746 2448 ullum
761 2381 912 2448 incisam
929 2383 1131 2471 Campanum
1149 2381 1302 2458 habenet3
1329 2405 1413 2448 neve

356 2466 454 2532 *civis
479 2467 664 2555 Campanus
692 2469 811 2534 invitus
836 2469 997 2547 militaret,
1021 2491 1176 2534 munusve
1201 2467 1344 2548 faceret;
1376 2483 1415 2534 nt

356 2561 367 2592 ‘
375 2575 450 2618 suae
461 2552 558 2641 leges,
570 2554 619 2619 sui
634 2555 834 2643 magistratus
851 2553 983 2643 Capuae
998 2567 1122 2632 essent;
1145 2565 1357 2620 uttrecentos
1370 2577 1415 2620 ex
1481 2557 1482 2570 ¹

356 2638 534 2704 ‘Romanis
553 2641 685 2727 captivis
707 2641 941 2707 Poenus'da'ret
965 2640 1147 2729 Campanis,
1162 2662 1243 2727 quos
1257 2641 1322 2728 ipsi
1346 2641 1414 2706 ele·

356 2725 515 2811 ‘gissent3
539 2747 613 2790 cum
624 2728 740 2813 quibus
754 2726 899 2814 equitum
916 2727 1164 2816 Campanorum,
1174 2726 1231 2813 qui
1244 2727 1281 2791 in
1298 2725 1414 2792 Sicilia
1480 2755 1481 2760 ¹

356 2810 532 2898 ‘stipendia
553 2811 703 2889 facerent,
725 2813 916 2900 permutatio
938 2814 1048 2879 fieret’
1091 2813 1183 2878 Haec
1209 2825 1323 2900 pacta:
1359 2811 1414 2878 illa

353 2898 495 2985 insuper,
511 2920 608 2984 quam
625 2921 708 2984 quae
727 2911 820 2985 pacta
839 2912 940 2977 erant,
955 2899 1095 2964 facinora
1115 2898 1276 2985 Campani
1295 2899 1412 2965 edide-

354 2996 439 3048 runt.
486 2981 572 3048 Nam
584 2983 759 3084 praefectos
768 2985 890 3050 socissm
900 2986 1048 3072 civesque
1060 2983 1224 3050 Romanos
1234 2984 1326 3063 alios,
1339 3007 1434 3074 par-9

355 3069 413 3132 tim
428 3067 536 3157 aliquo
559 3069 690 3134 militiae
712 3093 845 3136 munere
867 3083 1047 3159 occupatos,
1061 3070 1177 3158 partim
1198 3069 1333 3157 privatis
1355 3096 1413 3137 ne-
1479 3051 1480 3138 l

354 3155 448 3242 gotiis
468 3156 648 3244 implicitos,
685 3157 753 3221 lebs
772 3171 903 3258 repente
919 3179 1029 3223 omnes
1048 3155 1304 3257 comprehensos,
1321 3157 1413 3224 velut

355 3239 516 3307 custodiae
540 3265 643 3321 causa,
659 3179 780 3308 balneis
802 3241 924 3308 meludi
946 3243 1052 3308 iussit:
1083 3244 1150 3320 ubr,
1164 3242 1288 3307 fervore
1310 3257 1412 3334 amne
1478 3279 1479 3324 j

354 3329 565 3393 aestuanima
578 3329 759 3408 interclusa,
774 3327 952 3394 foedumin
967 3329 1099 3395 modum
1113 3328 1320 3416 exspirarent.

399 3412 448 3478 Ea
462 3435 503 3478 ne
518 3415 642 3494 fierent,
654 3437 720 3481 neu
733 3415 850 3502 legatio
865 3414 1044 3480 mitteretur
1054 3415 1095 3480 sd
1110 3415 1267 3493 Poenum,
1284 3437 1412 3482 summa

387 3599 565 3652 osannam
580 3600 702 3664 paorsdom
717 3601 863 3662 postulatio]
896 3601 1060 3661 manosolior]
1074 3600 1412 3675 Hinopatetpmefectouo-

355 3663 386 3712 ef.
398 3664 470 3728 Supr.
483 3664 533 3714 viii.
545 3675 568 3726 5.
897 3662 972 3724 oillru,
983 3663 1025 3726 qui
1040 3664 1066 3713 iu
1079 3665 1163 3714 sociali
1174 3666 1285 3715 exercitu
1301 3671 1411 3718 eundem

389 3739 402 3788 7
425 3731 523 3778 Ponere
538 3743 585 3789 pro
600 3734 666 3778 certo
683 3743 737 3777 tum
754 3729 861 3788 senua]
896 3727 995 3776 honoris
1015 3743 1045 3777 ac
1063 3728 1194 3791 potestatis
1213 3730 1317 3791 gradum
1343 3739 1412 3782 tene-
1476 3739 1477 3776 l

355 3790 442 3840 Cicero
460 3797 544 3867 tamen
561 3804 612 3838 rem
631 3791 819 3869 affirmatlbgr.
838 3791 863 3841 ii.
896 3793 965 3852 bant,
983 3807 1058 3866 quem
1075 3792 1101 3840 in
1120 3793 1215 3854 legione
1232 3793 1326 3868 tnbnui
1347 3798 1412 3846 mili·

355 3857 865 3982 amatam*
897 3918 1206 3982 t,
1221 3857 1324 3971 aa
1343 3861 1412 3986 *a

356 3981 425 4030 holt.
895 3983 1024 4043 factorum,
1045 3997 1109 4045 quae
1129 3984 1254 4034 interdum
1276 3995 1412 4038 occurrunt

388 4044 403 4091 8
418 4043 611 4105 amasionum]
625 4043 864 4094 Haecroxsicnude
896 4047 963 4109 apud
976 4047 1151 4110 Livium,quae
1158 4049 1258 4110 qrridem
1268 4051 1348 4112 plane
1356 4060 1411 4102 saut

356 4107 437 4221 posita
452 4107 568 4170 exprimit
583 4109 669 4158 foedus
684 4109 757 4158 certis
771 4107 864 4170 legibus
896 4111 1018 4160 Romana.
1051 4111 1092 4160 Sic
1108 4112 1163 4162 infr.
1181 4112 1258 4162 xxvii.
1274 4111 1315 4163 26.
1331 4117 1410 4165 nomi·

382 4179 458 4230 ctum,
474 4186 523 4219 nou
539 4171 574 4221 ita
589 4177 618 4222 ut
633 4171 661 4220 hi
676 4187 703 4222 sa
722 4171 865 4234 permittant
895 4181 986 4224 uantur
995 4177 1043 4224 duo
1051 4177 1172 4238 praefacti
1181 4179 1282 4236 socium,
1290 4179 1411 4230 ldm-

356 4232 636 4286 illustramenta
895 4239 962 4298 nias,
976 4246 1000 4289 at
1015 4241 1055 4288 M.
1063 4241 1172 4290 Aultus:
1188 4246 1214 4290 et
1230 4256 1269 4302 41.
1292 4244 1411 4294 Eche-

388 4313 404 4362 9
422 4299 563 4360 Praefectos
580 4299 669 4350 aoot'ba
686 4302 797 4363 avesque
817 4301 864 4349 Ro·
896 4301 959 4351 dias.
979 4303 1059 4352 Cast.
