2878 4772
353 257 449 324 LIB.
475 257 620 324 xxvlt
653 259 765 324 CAP.
790 263 841 326 27.
1061 264 1123 327 373

66 386 173 474 quod,
188 388 363 454 secundum
380 403 492 454 trunca
511 403 543 456 et
559 391 664 478 turpia
677 404 760 469 exta,
777 392 872 456 nimis
892 391 975 456 laeta
988 413 1123 479 apparu·
1133 413 1166 466 u.
1179 416 1208 464 c,
1225 429 1279 477 544·

65 473 180 538 issent.
229 474 382 540 Ceterum
393 478 555 541 consulem
568 476 756 544 Marcellum
769 490 857 543 tanta
867 479 1023 564 cupiditas
1033 493 1121 544 tene-
1130 479 1162 529 Α·
1179 481 1208 528 0·
1225 481 1279 528 ²08·

65 561 127 624 bat
147 559 322 625 dimicandi
333 583 406 626 cum
418 561 609 642 Hannibale,
620 575 657 628 ut
672 586 739 628 nun
763 586 836 629 uam
851 565 925 628 satis
940 577 1041 630 castra
1055 587 1121 630 cas·
1178 548 1228 608 27·

66 647 129 710 tris
145 646 260 711 collata
270 646 422 712 crederet
470 648 555 712 Tum
570 672 699 736 quoque
713 587 795 714 vdllo
813 650 980 738 egrediens
994 651 1120 738 signum

40 731 174 809 7dedit,
185 747 222 797 ut
235 733 276 797 ad
291 733 396 798 locum
406 734 498 799 miles
514 749 596 800 esset
610 748 753 822 paratus:
778 749 823 813 ut,
835 738 861 800 si
870 735 968 816 collis,
978 737 1012 800 in
1024 760 1120 823 quem

130 817 271 884 culatum
282 819 373 896 irent,
383 819 560 906 placuisset,
570 821 1118 909 vasacolligerentacsequerentur.

65 839 239 1005 &iignum
264 906 368 992 campi
390 919 464 970 aute
487 921 588 971 castra
609 921 693 972 erat:
721 908 797 973 inde
822 909 856 972 in
877 908 990 974 collem
1013 924 1122 997 aperta

66 991 218 1078 undique
234 1003 267 1056 et
281 1004 450 1078 conspecta
462 992 583 1058 ferebat
597 994 655 1058 via.
702 993 853 1058 Numidis
864 992 1050 1094 speculator,
1063 1019 1121 1060 ne·
1130 1008 1229 1058 Insidiis
1237 1025 1277 1058 ex-

66 1099 138 1163 qua
161 1100 235 1141 uam
264 1077 298 1140 in
319 1099 408 1163 spem
433 1091 539 1144 tantae
565 1079 611 1144 rei
634 1080 764 1166 positus,
787 1080 844 1144 sed
865 1103 890 1145 st
913 1103 994 1168 quos
1015 1104 1119 1168 vagos,
1129 1073 1254 1137 cipiantur

66 1099 182 1250 pabidi
211 1176 267 1228 aut
295 1163 455 1250 lignorum
484 1186 578 1229 causa
602 1165 728 1251 lougius
753 1189 773 1230 a
795 1166 905 1230 castris
930 1138 1197 1266 progressos,com

166 1263 203 1313 nt
223 1249 382 1336 excipere,
405 1249 531 1336 signum
553 1250 618 1328 dat,
641 1263 677 1315 ut
698 1252 815 1338 pariter
836 1253 876 1318 ab
897 1275 963 1318 suis
985 1253 1119 1340 quisque

66 1271 201 1400 lilibus
226 1336 433 1400 exorirentur.
480 1335 557 1401 Nou
580 1349 653 1401 ante
676 1360 859 1425 apparuere,
883 1339 998 1425 quibus
1020 1340 1120 1404 obviis

68 1423 112 1486 ab
130 1421 206 1507 iugo
228 1421 240 1484 i
319 1422 574 1509 consurgendum
596 1435 673 1500 erat,
715 1447 788 1488 uam
810 1425 1005 1502 circumiere,
1023 1426 1080 1511 qui
1102 1448 1121 1489 a

42 1521 163 1594 stergo
185 1508 238 1570 inc
251 1508 386 1572 aderent
407 1508 500 1573 viam.
546 1508 632 1573 Tum
655 1446 798 1596 un‘dique
820 1531 932 1575 omnes
952 1512 1064 1588 exorti,
1087 1524 1121 1576 et

68 1594 209 1658 clamore
224 1593 347 1658 sublato
367 1595 521 1681 impetum
542 1595 654 1660 fecere.
702 1595 813 1672 Quum
834 1597 869 1660 in
889 1619 928 1661 ea
946 1595 1026 1661 valle
1044 1619 1121 1661 con-

68 1679 157 1744 sules
171 1693 286 1758 essent,
296 1695 333 1744 ut
347 1702 452 1767 neque
467 1679 601 1746 evadere
616 1683 793 1768 pumentia
808 1683 920 1769 iugum
931 1694 1120 1770 occupatum

69 1767 114 1830 ab
137 1765 237 1842 hoste,
260 1789 320 1830 nec
345 1782 508 1854 receptum
533 1768 573 1833 ab
604 1780 692 1855 tergo
715 1768 922 1834 circumventi
948 1769 1118 1845 haberent3

69 1851 198 1916 extrahi
224 1865 331 1917 tamen
360 1852 480 1918 diutius
509 1866 669 1918 certamen
698 1855 861 1941 potuisset,
886 1855 921 1918 ni
946 1868 1058 1940 coepta
1081 1855 1120 1918 ab

71 1937 217 2002 Etruscis
231 1938 307 2024 fuga
318 1960 469 2088 pavorem
482 1940 595 2004 ceteris
609 1940 779 2006 iuieciscet.
826 1939 904 2004 Non
919 1953 1026 2004 tamen
1041 1941 1122 2004 omi·

71 2047 143 2088 sere
158 2046 298 2111 pugnam
341 2025 435 2089 eserti
452 2025 491 2090 ab
513 2023 655 2090 Etruscis
674 2025 862 2112 Fregellani,
882 2026 985 2089 donec
1005 2027 1121 2112 integri

26 2117 32 2128 '
72 2110 220 2176 consules
234 2110 401 2188 hortando,
417 2111 540 2198 ipsique
556 2134 598 2176 ex
612 2126 700 2198 parte
738 2111 889 2198 ugnando
903 2133 969 2175 rem
986 2112 1122 2176 sustine·

72 2197 161 2262 baut
209 2195 282 2275 Sed,
293 2211 461 2284 postquam
472 2197 651 2262 vulneratos
663 2135 755 2261 ambo
764 2197 917 2274 consules,
931 2196 1121 2262 Marcellum
1131 2216 1265 2265 Marcellus

73 2283 171 2348 etiam
187 2283 372 2348 transfixum
387 2283 498 2348 lancea
512 2283 728 2370 prolabentem
741 2305 783 2348 ex
797 2305 881 2369 equo
896 2283 1121 2348 moribundum
1131 2279 1255 2355 oestrum.
1358 2347 1363 2361 ,

73 2367 193 2446 videre,
210 2382 277 2434 tum
293 2383 327 2434 et
340 2369 401 2456 ipsi
414 2369 580 2457 (perpauci
600 2383 707 2434 autem
730 2392 766 2434 su
789 2367 929 2455 ererant)
944 2391 1016 2433 cum
1035 2368 1122 2435 Cris-
1130 2343 1271 2457 fflffffi,

74 2454 154 2543 pino
173 2456 302 2520 consule
321 2455 446 2523 duobus
466 2455 576 2520 iaculis
596 2456 670 2533 icto,
685 2467 718 2519 et
739 2391 894 2520 blitrcello
911 2455 1198 2534 adolescentem

75 2542 183 2606 saucio
196 2556 229 2606 et
243 2543 321 2629 ipso,
334 2543 381 2606 eff
421 2553 522 2607 erunt.
569 2540 758 2607 Interfectus
770 2541 811 2607 A.
826 2539 968 2606 Manlius
977 2542 1122 2607 tribunus

76 2627 224 2705 militum,
237 2641 270 2692 et
284 2650 326 2692 ex
340 2627 405 2691 duo
427 2650 464 2692 us
501 2627 644 2693 raefectis
655 2627 775 2693 socium
791 2626 848 2691 Μ’.
860 2626 976 2692 Aulius
990 2628 1121 2706 occisus,

77 2713 121 2778 L:
131 2714 293 2778 Arennius
307 2727 426 2800 captus.
474 2651 517 2778 it
531 2713 656 2778 lictores
671 2713 836 2778 consulum
853 2713 995 2814 quinque
1009 2715 1073 2778 vivi
1088 2714 1122 2778 in

76 2799 216 2864 hostiurn
230 2811 419 2886 potestatem
427 2813 601 2864 venerimt:
625 2801 724 2864 ceteri
735 2799 967 2876 autintersectr,
982 2813 1038 2866 aut
1048 2822 1123 2864 cum

77 2886 205 2950 consule
230 2886 418 2973 effugerunt.
465 2885 599 2973 Equites
622 2899 686 2950 tres
709 2897 743 2950 et
789 2885 984 2972 uadraginta,
1008 2899 1063 2950 aut
1087 2886 1123 2948 iu

77 2970 209 3085 proelio,
235 2983 289 3036 aut
313 2972 348 3036 in
372 2972 457 3058 fuga,
480 2971 674 3047 cecideruut,
697 2970 741 3034 du
785 2971 916 3056 eviginti
939 2971 1003 3034 vivi
1027 2971 1120 3057 capti.

85 3057 324 3123 sumultuatum
344 3058 426 3122 etin
448 3057 556 3121 castris
574 3057 686 3132 fuerat,
703 3069 739 3119 ut
754 3053 934 3119 consulibus
951 3055 1035 3119 irent
1050 3057 1124 3120 sub·

78 3143 159 3208 sidio
169 3167 180 3221 ;
203 3166 302 3230 quum
323 3142 485 3208 consulem
507 3155 541 3207 et
561 3142 662 3205 filium
684 3140 812 3205 alterius
833 3140 970 3205 consulis
992 3141 1123 3219 saucios,

79 3230 272 3317 exiguasque
295 3229 429 3295 infelicia
448 3227 661 3315 expeditionis
680 3225 838 3313 reliquias,
857 3225 898 3290 ad
918 3240 1018 3290 castra
1036 3225 1125 3291 veni-

80 3332 168 3381 entes
194 3327 337 3382 cemunt.
384 3313 474 3380 Mors
501 3312 647 3378 Marcelli
669 3335 769 3399 quum
796 3312 914 3399 alioqui
939 3312 1124 3398 miserabilis

80 3402 150 3480 fuit,
168 3414 236 3467 tum
280 3402 344 3468 uod
364 3423 424 3466 nec
444 3423 502 3488 pro
521 3411 623 3465 aetate
639 3399 754 3484 (maior
771 3399 835 3462 iam
855 3399 941 3463 enim
959 3401 1125 3485 sexaginta

81 3489 171 3554 annis
195 3427 289 3576 eradl,
311 3511 417 3575 neque
439 3510 498 3574 pro
519 3485 633 3551 veteris
658 3485 829 3572 prudentia
850 3484 949 3561 ducis,
975 3497 1039 3549 tam
1065 3484 1125 3548 im·

80 3575 210 3663 provide
233 3599 278 3653 se,
300 3574 527 3663 collegamque,
549 3584 582 3637 et
598 3594 697 3659 prope
719 3584 816 3636 totam
838 3570 1075 3658 rempublicam,
1090 3570 1124 3633 in

82 3684 192 3749 praece
216 3661 385 3726 adederat

126 3685 248 3813 Mallos
272 3748 356 3814 circa
380 3769 476 3812 unam
500 3769 568 3812 rem
592 3744 729 3811 ambitus
751 3743 890 3822 fecerim,
914 3743 950 3820 si,
977 3765 1059 3831 quae
1084 3741 1125 3808 de
1134 3758 1283 3808 Vaesana

85 3831 228 3898 Marcelli
242 3846 343 3899 morte
358 3833 481 3898 variant
495 3844 647 3910 auctores,
663 3831 771 3896 omnia
784 3831 916 3917 exsequi
927 3828 1031 3895 velim.
1079 3829 1126 3895 Ut
1134 3824 1165 3872 ⁶⁰
1175 3829 1254 3871 ”¹⁰³³

1164 3887 1255 3936 arcelli.

58 3921 226 3988 9omittam
241 3919 328 3999 alios,
344 3920 383 3985 L.
395 3917 526 3984 Coelius
541 3919 696 4007 triplicem
709 3918 756 3982 rei
770 3929 877 4006 gestae
889 3916 1033 3982 ordinem
1045 3915 1123 3982 edit:
1134 3888 1163 3937 M

119 4129 189 4190 7Ad
202 4131 280 4180 locum
296 4129 376 4188 milas]
405 4127 448 4176 Ad
462 4127 548 4185 houm,
563 4125 588 4173 in
655 4127 855 4188 8Inc1udarent]
886 4127 960 4176 Hanc
980 4139 1063 4175 vocem
1085 4139 1128 4186 pro

86 4208 133 4256 quo
146 4193 206 4242 nihil
225 4193 319 4242 variant
333 4206 384 4241 uss.
396 4189 504 4241 Crevier.
515 4205 589 4262 expo
622 4191 810 4240 intercluderent
818 4190 908 4254 passim
917 4189 966 4239 dici
974 4193 1057 4236 monet
1066 4187 1128 4236 Gro-

86 4257 193 4306 nandum
218 4263 290 4320 putat
309 4257 399 4316 rtatim,
421 4259 449 4303 ut
470 4253 536 4302 idem
557 4258 589 4302 sit
621 4253 715 4303 novius.

86 4327 158 4382 atque
175 4321 248 4379 illico,
265 4321 331 4384 quod
348 4323 490 4381 corruptum
506 4322 542 4366 est
558 4331 589 4366 ex
654 4331 670 4380 9
688 4317 804 4365 Ordinem
819 4318 883 4366 edit:
905 4331 981 4364 unum
998 4314 1126 4372 traditam]

88 4385 179 4434 duabus
190 4385 289 4434 vocibus
300 4385 328 4432 in
338 4385 394 4433 loeo.
624 4379 696 4428 Haec
711 4394 799 4440 genere
814 4379 878 4426 iuter
893 4393 919 4428 se
935 4393 984 4426 nou
1002 4375 1129 4425 convenire
