2866 4770
375 211 470 278 LIB.
500 209 613 276 XXX.
644 210 754 276 CAP.
780 214 831 279 37.
1072 216 1135 278 539

86 347 250 436 tbaginsm
264 345 372 414 iubete
389 348 467 436 ipse,
482 348 524 414 ad
538 370 631 414 suam¹
642 359 782 414 veterem
796 369 880 414 nora
890 345 1023 414 Lentuli
1037 347 1136 413 classe
1147 367 1181 418 U.
1192 369 1224 419 c.
1239 381 1295 432 550·

85 434 246 511 adiuncta,
277 435 437 522 profectus
464 435 506 501 ab
532 435 630 501 Utica
656 447 786 523 portum
813 434 1017 522 Carthaginis
1044 434 1176 522 petite·
1194 434 1224 483 ⁰·
1240 447 1297 482 ²0²·

86 521 187 586 Haud
213 521 324 609 procul
347 523 464 600 eberat,
487 544 587 610 quum
611 521 714 588 velata
735 522 844 587 insulis
866 523 1025 609 ramisque
1048 521 1136 586 oleae
1145 537 1272 611 Qsahugi-

88 607 404 694 Carthaginiensium
436 610 573 675 occurrit
603 613 700 674 navis
755 609 879 674 Decem
913 609 1010 696 legati
1047 616 1297 673 erammessfflrt

85 695 247 783 principes
270 695 415 772 civitatis,
436 709 563 760 auctore
585 693 767 761 Hannibale
792 696 878 760 missi
901 696 942 761 ud
965 681 1254 782 petendamffiffgp‘*

86 804 208 870 pacem.
257 781 324 856 Qui
346 805 446 868 quum
469 782 510 847 ad
533 783 667 870 puppim
689 783 863 869 praetoriae
885 783 973 846 navis
992 782 1139 848 accessis·

88 882 170 946 sent,
200 867 380 933 velamenta
411 869 590 956 supplicum
623 871 830 956 porrigentes,
860 883 994 946 orantes,
1024 868 1140 956 implo-

89 969 259 1041 rantesque
285 954 383 1019 fidem
408 969 442 1020 et
467 955 713 1020 misericordiam
741 955 920 1042 Scipionis3
950 955 1074 1019 nullum
1100 955 1139 1019 iis

89 1041 177 1107 aliud
195 1063 380 1128 responsum
398 1041 518 1118 datum,
533 1063 630 1128 quam
650 1054 687 1106 ut
702 1042 863 1107 Tunetcm
878 1041 1020 1106 veniret:
1046 1063 1084 1106 eo
1105 1062 1138 1105 se

90 1142 251 1194 moturum
277 1143 386 1192 castra.
432 1128 504 1215 Ipse
530 1129 570 1192 ab
596 1129 809 1216 contemplato
835 1128 898 1192 situ
927 1127 1139 1214 Carthaginis,

91 1237 157 1280 non
179 1227 242 1278 tem
263 1214 417 1278 noscendi
438 1214 474 1278 in
495 1214 682 1301 praesentia,
702 1237 798 1302 quam
818 1215 1020 1302 deprimendi
1042 1213 1141 1278 hostis

91 1323 195 1379 causa,
217 1299 356 1378 Uticam,
379 1300 494 1366 eodem
519 1315 553 1365 et
574 1300 709 1366 Octavio
732 1315 888 1378 revocato,
909 1301 1012 1366 rediit
1058 1299 1140 1364 Inde

91 1386 338 1476 procedentibus
351 1387 393 1452 ad
408 1387 570 1452 Tunetem
585 1387 717 1452 nuntius
731 1387 852 1464 allatus,
866 1387 1062 1464 Verminam,
1081 1385 1142 1474 Sy-

91 1473 201 1562 phacis
230 1473 343 1551 filium,
369 1496 444 1537 cum
473 1473 634 1560 equitibus
663 1473 816 1573 pluribus,
843 1495 940 1561 quam
969 1473 1141 1560 peditibus,

92 1560 201 1626 venire
235 1558 551 1647 Carthaginiensibus
583 1559 712 1625 auxilio.
767 1558 845 1625 Pars
878 1561 1037 1626 exercitus
1068 1581 1142 1624 cum
1152 1579 1279 1630 Numidae

62 1647 182 1724 rumai
204 1646 351 1733 equitatu
377 1645 596 1711 Sutumelibus
620 1646 731 1732 primis
756 1669 870 1734 agmen
892 1667 1047 1734 aggressa,
1071 1645 1208 1710 Nu-fflfll·

94 1732 195 1798 midas
220 1731 283 1797 levi
309 1731 481 1798 certamine
507 1731 598 1797 ludit
645 1731 745 1797 Exitu
772 1756 900 1820 quoque
926 1735 1019 1819 lirgae
1045 1733 1146 1796 inter-

64 1818 191 1896 scluso,
204 1840 223 1883 a
237 1831 326 1904 parte
341 1819 430 1884 omni
445 1818 647 1884 circumdatis
661 1819 832 1918 equitibus,
845 1818 1029 1904 quindecim
1045 1818 1145 1882 millia

95 1904 262 1969 hominum
278 1927 388 1982 caesa3
411 1905 498 1969 mille
518 1918 552 1968 et
572 1904 703 1969 ducenti
721 1905 785 1968 vivi
802 1907 885 2004 capti
907 1921 990 1981 sunt,
1013 1917 1047 1969 et
1068 1904 1145 1990 equi

96 1990 263 2056 Numidici
279 1991 364 2056 mille
379 2005 413 2056 et
427 1991 605 2078 quingenti,
621 1991 711 2076 signa
728 1989 876 2056 militana
890 1991 955 2055 duo
971 2004 1050 2055 etse
1075 2003 1145 2054 tue·

119 2077 193 2142 ‘uta
240 2076 291 2143 Re
314 2078 386 2143 ulus
407 2077 474 2164 ipse
497 2077 581 2142 inter
602 2075 776 2142 tumultum
797 2099 870 2142 cum
892 2077 1001 2164 paucis
1023 2013 1144 2177 edrgit

127 2186 183 2228 um
207 2164 249 2229 ad
302 2177 432 2229 unetem
456 2163 580 2241 eodem,
603 2185 668 2250 quo
692 2175 795 2240 antee,
815 2162 886 2229 loco
909 2177 1011 2227 castra
1033 2176 1144 2250 posita,
1155 2183 1305 2248 negatione

96 2250 257 2351 legatique
276 2251 406 2337 triginta
421 2249 521 2316 Cartb
564 2249 616 2314 ine
635 2249 677 2314 ad
693 2248 875 2338 Scipionem
889 2262 1055 2315 venerunt
1103 2248 1145 2313 Et
1155 2249 1264 2323 rhagau

96 2337 143 2402 ilb
162 2337 294 2424 quidem
315 2337 415 2402 multo
435 2273 652 2412 miseribilius,
668 2357 765 2422 quam
785 2349 869 2414 ante,
888 2359 953 2423 quo
973 2337 1073 2423 magis
1093 2313 1305 2400 co-⁸⁰¹¹'¹⁰¹¹⁶¹¹¹’

97 2423 193 2512 gebat
206 2423 342 2500 fortuna,
358 2437 511 2510 egerunt:
535 2423 592 2487 sed
607 2422 769 2572 aliquanto
789 2423 911 2486 minore
932 2445 1005 2488 cum
1027 2421 1149 2486 miseri-

98 2510 207 2576 cordia
217 2511 256 2575 ab
267 2511 388 2575 recenti
404 2509 556 2574 memoria
571 2509 649 2596 perli
673 2509 722 2573 iae
734 2508 835 2573 auditi
850 2521 933 2573 sunt.
964 2508 1004 2572 In
1016 2507 1148 2572 consilio

98 2619 282 2684 quanquam
297 2597 380 2661 iusta
393 2597 440 2660 ira
454 2618 564 2661 omnes
578 2594 620 2659 ad
634 2594 803 2660 delendam
818 2595 1000 2660 stimulabat
1013 2593 1149 2660 Cartba-

98 2683 227 2770 ginem3
251 2696 368 2759 tamen,
384 2705 494 2770 quum,
516 2695 550 2747 et
569 2695 688 2782 quanta
706 2704 758 2747 res
778 2694 869 2758 esset,
889 2695 923 2746 et
942 2703 1038 2769 quam
1061 2680 1149 2767 longi

101 2770 251 2856 temporis
273 2769 395 2834 obsidio
415 2783 479 2834 tam
499 2782 640 2833 mumtae
660 2781 778 2834 ettam
797 2767 920 2833 validae
941 2769 1036 2844 urbis,
1053 2789 1149 2854 repu-

99 2869 213 2933 tarent,
228 2868 262 2920 et
279 2856 383 2942 ipsum
400 2854 583 2942 Scipionem
602 2855 797 2940 exspectatio
812 2855 1008 2928 successoris,
1023 2853 1149 2918 venturi

100 2941 142 3007 ad
161 2955 302 3042 paratam
322 2941 451 3006 alterius
473 2941 578 3006 labore
601 2963 637 3003 ac
660 2939 802 3025 periculo
824 2939 907 3003 finiti
929 2938 1005 3002 belli
1022 2940 1148 3015 famam,

101 3026 292 3105 sollicitaret,
307 3028 349 3092 ad
371 3049 482 3114 pacem
505 3025 647 3090 omniurn
667 3025 766 3088 animi
786 3024 867 3088 versi
888 3037 971 3088 sunt.
1018 3024 1149 3088 Postero
1207 3034 1259 3100 37.

101 3113 164 3192 die,
183 3115 336 3180 revocatis
357 3112 479 3200 legatis,
498 3125 531 3177 et
553 3133 627 3176 cum
649 3110 750 3176 multa
770 3110 975 3262 castigatione
995 3109 1149 3210 perfidiae
1159 3120 1285 3194 Condicio

101 3200 239 3278 monitis,
254 3211 301 3278 ut,
321 3213 368 3265 tot
387 3199 530 3264 cladibus
553 3197 668 3275 edocti,
688 3197 817 3262 tandem
864 3219 918 3262 eos
938 3211 971 3262 et
994 3197 1202 3296 iusiuran-gfl!
1214 3199 1308 3258 Μ’

102 3286 181 3350 dum
200 3309 268 3352 ease
288 3286 474 3362 crederent3
497 3284 697 3350 conditiones
715 3283 802 3370 pacis
821 3283 945 3348 dictae:
971 3283 1041 3347 ‘Ut
1059 3282 1151 3348 liberi
1160 3263 1275 3362 diecrpppne

72 3372 247 3461 otlegibus
269 3373 335 3438 suis
354 3373 506 3438 viverent
554 3370 644 3445 Quas
667 3371 770 3447 urbes,
791 3392 935 3458 quosque
959 3391 1059 3457 agros,
1080 3369 1152 3456 qui·

207 3483 247 3525 ue
274 3460 392 3525 finibus
416 3472 490 3524 ante
515 3457 634 3523 bellum
658 3457 844 3533 tenuissent,
869 3468 1025 3533 tenerent,
1050 3477 1153 3555 popu·

103 3460 178 3612 ‘blan
203 3547 277 3634 'que
293 3546 391 3610 finem
411 3567 451 3612 eo
468 3545 521 3610 die
538 3543 703 3609 Romnum
719 3542 846 3608 faceret.
892 3542 1054 3629 Perfugas,
1070 3541 1153 3628 fugl-

103 3799 166 3846 tium
182 3797 298 3846 aimerice
312 3797 413 3845 Romam
430 3796 510 3843 brietii.
528 3791 612 3843 xxviii.
645 3792 746 3844 cadonio
758 3793 954 3856 Quinquatrlbm
964 3791 1063 3850 ultimis,
1072 3791 1097 3840 id
1108 3796 1154 3850 est,

107 3872 145 3923 17.
177 3863 206 3909 L.
218 3862 301 3922 Scipio
320 3876 375 3908 cum
393 3860 477 3906 multis
494 3859 614 3907 nobilibus
647 3857 735 3906 ultimo
750 3855 790 3906 die
804 3856 1015 3918 Quinquatruum,
1025 3862 1154 3906 umnam.

104 3927 210 3988 captiuis
225 3927 331 3973 nundus
346 3929 458 3984 receptae
474 3924 615 3984 Isupanim
647 3923 728 3972 Crmv.

104 3991 206 4039 Romam
216 3995 253 4038 ert
262 3991 358 4037 mirarer.
375 3987 428 4037 lm
441 3986 557 4036 Gnuuov.
679 3986 694 4033 8
710 3986 733 4032 Α
747 3991 822 4046 purte
837 3986 901 4033 mani
917 3986 1073 4034 circumdatis
1088 3985 1155 4047 equi-

104 4083 108 4090 ·
139 4054 345 4118 relatur-tradens
356 4053 459 4115 primis]
479 4049 563 4098 Primo
575 4049 615 4098 die
647 4051 724 4110 tibus]
744 4049 831 4104 Quum
849 4049 973 4110 equitatus
986 4050 1153 4098 Romanorum

106 4117 284 4178 Saturnalium,
295 4131 359 4180 quae
373 4131 418 4178 per
431 4113 540 4163 triduum
552 4114 615 4162 cele·
648 4129 700 4162 sese
710 4113 741 4162 iis
751 4114 783 4162 ab
794 4113 860 4161 omni
872 4121 942 4175 parte
953 4111 1156 4161 circumfudisset.

105 4183 246 4231 brabaulur.
287 4181 328 4231 Sic
349 4179 417 4242 apud
439 4178 491 4230 eie.
513 4179 545 4227 ad
563 4179 616 4227 lte
649 4179 730 4228 Cnnr.

105 4245 157 4295 xiii.
179 4257 217 4308 5¹1.
236 4245 396 4309 appellantur
417 4242 557 4292 Saturnalia
578 4257 614 4290 se·
712 4243 780 4300 Quae
795 4243 876 4298 urbes,
888 4255 994 4304 qumque
1010 4241 1093 4300 apros]
1114 4239 1156 4288 Iu·

105 4311 198 4369 cunda,
231 4316 256 4359 et
288 4307 428 4359 Satumalia
459 4307 538 4356 tertia.
580 4305 615 4354 Et
647 4257 740 4370 tellige‚
755 4305 780 4353 in
796 4303 888 4363 Africa,
903 4308 930 4352 ul
947 4303 1036 4352 diserte
1052 4303 1157 4352 habetur

106 4381 190 4424 noster
204 4389 270 4438 supr.
287 4373 346 4423 xliv.
362 4387 401 4424 ra
412 4373 499 4435 Legati
514 4387 546 4422 ar
559 4373 616 4420 Mo·
648 4371 716 4432 apud
729 4367 870 4430 Polybium.
887 4367 970 4418 cerv.
