2966 4778
342 144 403 206 152
724 139 836 207 ΤΙΤΙ
867 139 1003 206 LIVII

185 288 221 340 U·
232 288 262 338 c,
278 285 332 350 53⁶·
341 275 466 364 equites
474 297 594 340 cornua
604 276 741 341 cinxere.
789 275 971 342 Hasdrubal
980 275 1117 342 mediam
1127 275 1227 342 aciem
1239 271 1381 362 Hispanis

184 353 216 403 Α·
233 351 263 404 ⁰·
279 349 334 402 ²¹⁶·
343 363 464 428 firmat:
488 362 523 425 in
538 362 696 440 cornibus,
712 363 825 428 dextro
839 363 967 430 Poenos
986 363 1080 440 locat,
1094 362 1182 427 laevo
1197 362 1296 426 Afros
1309 384 1382 425 mer·

344 448 606 535 senariorumque
615 449 746 514 auxilia:
770 450 916 537 equitum
932 449 1090 514 Numidas
1104 447 1288 514 Poenorum
1303 447 1383 534 pedi·
1405 524 1408 530 1

345 536 439 612 tibus,
469 548 590 600 ceteros
619 534 707 600 Afris
735 559 793 623 pro
822 536 971 601 cornibus
996 536 1135 623 apponit.
1181 534 1256 598 Nec
1284 555 1383 598 omnes

346 621 509 686 Numidae
523 621 557 684 in
573 620 685 686 dextro
700 622 795 688 locati
809 645 919 700 cornu,
934 623 991 687 sed
1009 622 1133 709 quibus,
1148 621 1343 686 desultorum
1354 619 1383 682 in

346 707 487 784 modum,
511 708 603 772 binos
632 709 829 773 trahentibus
852 731 952 795 equos
981 710 1065 774 inter
1093 708 1279 773 acerrimam
1302 728 1383 790 saepe

345 817 487 882 pugnam
510 793 544 858 in
561 808 722 860 recentem
742 818 861 881 equum
884 818 925 860 ex
944 795 1025 860 fesso
1043 795 1169 859 armatis
1192 792 1383 858 transsultare

346 903 416 946 mos
439 892 522 946 erat:
554 893 642 946 tanta
664 881 813 945 velocitas
838 881 923 968 ipsis,
947 895 1075 967 tamque
1105 880 1209 946 docile
1240 899 1383 966 equorum

346 990 448 1054 genus
462 980 518 1034 est
560 966 670 1042 Quum
685 968 745 1033 hoc
761 967 856 1032 modo
869 969 1013 1032 instructi
1028 981 1156 1044 starent,
1169 967 1384 1054 imperatorum

347 1054 512 1141 utriusque
528 1054 625 1140 partis
640 1053 726 1117 haud
740 1053 838 1118 ferme
857 1053 998 1142 dispares
1016 1076 1088 1141 spes
1107 1067 1205 1118 erant
1255 1051 1339 1116 Nam
1352 1071 1386 1112 ne

348 1139 485 1205 multum
500 1139 640 1225 quidem,
650 1153 706 1204 aut
719 1163 863 1218 numero,
875 1154 930 1206 aut
944 1163 1059 1228 genere
1075 1140 1221 1218 militum,
1233 1139 1268 1203 hi
1284 1150 1336 1202 aut
1348 1135 1386 1198 illi

348 1226 560 1314 praestabant.
598 1225 758 1291 Militibus
772 1226 866 1314 longe
876 1227 982 1314 dispar
993 1227 1117 1292 animus
1127 1240 1201 1292 erat.
1245 1221 1387 1288 Romanis

349 1312 446 1391 enim,
457 1335 640 1400 quanquam
654 1312 765 1463 procul
780 1337 800 1378 a
812 1313 915 1400 patria
951 1326 1116 1400 ugnarent,
1128 1313 1220 1378 facile
1237 1330 1387 1400 persuase-

349 1412 421 1463 rant
450 1398 557 1477 duces,
578 1421 637 1486 pro
677 1398 752 1464 talia
772 1413 867 1487 atque
890 1337 968 1465 urbe
993 1400 1142 1464 Romana
1163 1423 1218 1464 eos
1246 1417 1384 1486 pugnam

350 1483 474 1572 Itaque,
483 1485 572 1550 velut
586 1486 702 1572 quibus
710 1486 830 1550 reditus
839 1487 873 1550 in
884 1487 1018 1586 patriam
1029 1508 1068 1552 eo
1077 1486 1261 1550 discrimine
1274 1507 1306 1571 pt
1371 1503 1386 1542 e

349 1584 534 1647 verteretur,
550 1571 784 1636 obstinaverant
798 1573 920 1650 animo,
936 1573 1062 1637 vincere
1081 1586 1135 1637 aut
1150 1572 1242 1636 mori.
1328 1570 1387 1630 inus

392 1656 526 1721 rtinaces
548 1658 630 1722 viros
650 1658 786 1723 habebat
805 1658 904 1724 altera
921 1660 1012 1723 acies
1059 1658 1145 1722 Nam
1167 1659 1387 1741 maximopere

349 1677 489 1840 Hispani
511 1756 618 1808 erant:
650 1745 706 1830 qui
731 1745 816 1810 vinci
839 1745 872 1816 in
900 1744 1065 1832 Hispania,
1089 1768 1185 1832 quam
1208 1739 1387 1809 victoresin

350 1827 475 1892 Italiam
492 1829 583 1907 trahi,
600 1830 769 1896 malebant
814 1831 923 1896 Primo
938 1831 1035 1919 igitur
1049 1854 1213 1908 concursu,
1229 1825 1386 1922 quumtix

373 1914 415 1980 ila
436 1915 580 1981 coniecta
601 1929 715 1994 essent,
730 1915 840 1981 retulit
903 1917 977 1983 dem
999 1918 1106 1982 media
1127 1917 1219 1994 acies,
1235 1916 1388 1980 inferenti·

349 1937 473 2088 busque
489 2025 557 2068 sese
576 2025 692 2090 magno
707 2004 830 2090 impetu
883 2005 1005 2069 omanis
1026 2018 1057 2070 te
1136 2003 1240 2069 vertit.
1290 1996 1387 2066 Nihilo

351 2109 479 2239 qppmus
504 2089 538 2152 in
568 2090 715 2155 cornibus
743 2089 899 2190 proelium
928 2090 997 2155 fuit.
1082 2079 1388 2190 ''⁰‚P0211‚11⁸‚‚,hi¹³0

398 2197 433 2240 er
454 2188 563 2262 urget;
587 2189 621 2241 et
636 2177 724 2242 velut
743 2198 778 2240 1n
795 2190 1026 2242 circumventos
1043 2177 1165 2264 proelio
1187 2199 1261 2240 anci
1286 2188 1321 2238 ιιι
1340 2193 1388 2258 pu·

351 2274 460 2346 gnant.
508 2261 574 2328 Sed
586 2286 695 2364 ,quum
717 2264 752 2327 in
774 2262 915 2327 medium
938 2275 1004 2327 tota
1029 2263 1092 2328 iam
1115 2263 1229 2328 coisset
1290 2278 1389 2326 ornant

352 2347 446 2425 acies,
468 2348 542 2412 satis
564 2371 679 2414 vinum
701 2348 743 2413 ad
764 2348 955 2413 dimovenda
976 2350 1116 2415 hostium
1138 2371 1260 2414 cornua
1282 2343 1387 2411 habuit

195 2450 309 2501 vineunt
353 2430 467 2518 Itaque
483 2432 548 2499 duo
563 2432 687 2499 diversa
700 2435 820 2535 proelia
834 2449 940 2500 erant:
964 2447 1101 2522 utroque
1117 2435 1269 2512 Romani,
1286 2448 1320 2498 ut
1333 2429 1404 2517 quil

194 2515 305 2566 Romani
353 2518 452 2607 pulsis
467 2519 596 2584 tandem
612 2521 734 2598 mediis,
744 2533 778 2585 et
791 2542 925 2586 numero
940 2533 973 2586 et
988 2523 1099 2587 robore
1108 2523 1248 2586 virorum
1265 2528 1389 2608 praestu-

352 2617 435 2682 rent,
450 2604 649 2671 hauddubie
669 2620 865 2694 superarunt.
911 2607 1034 2696 Magna
1046 2608 1093 2673 vis
1107 2608 1277 2672 hominum
1292 2605 1334 2670 ibi
1347 2623 1389 2666 oc·

353 2689 437 2755 cisa:
461 2703 503 2768 et,
524 2691 586 2755 nisi
607 2691 744 2780 Hispani
758 2693 892 2758 vixdum
912 2709 1057 2760 conserto
1079 2693 1199 2782 proelio
1217 2707 1286 2758 tam
1305 2691 1388 2756 effuse

353 2776 516 2864 fugissent,
539 2800 579 2865 pe
618 2779 690 2843 auci
713 2801 755 2844 ex
777 2792 844 2844 tota
865 2780 1092 2880 superfuissent
1112 2781 1189 2845 acie.
1236 2773 1389 2866 Equestris

353 2885 463 2951 pugna
472 2863 561 2929 nulle
616 2865 747 2930 modum
760 2864 835 2944 suit3
859 2889 944 2953 quia,
956 2866 1051 2934 simtu
1065 2866 1247 2931 inclinatam
1264 2863 1389 2929 mediam

354 2951 455 3015 aciem
477 2950 586 3018 Mauri
609 2951 836 3038 Numidaeque
857 2952 1014 3031 viderunt,
1031 2953 1193 3040 extemplo
1210 2953 1289 3039 liuga
1306 2948 1389 3015 effusa

354 3036 443 3101 nuda
464 3061 592 3116 comus,
615 3039 795 3126 elephantis
815 3062 943 3126 quoque
965 3063 1040 3126 prae
1062 3062 1095 3104 sc
1118 3040 1205 3117 actis,
1223 3039 1388 3103 deseruere.
1448 3091 1449 3128 p

356 3121 400 3187 Et
412 3121 603 3203 Hasdrubal,
615 3148 716 3212 usque
731 3125 773 3189 ad
788 3125 935 3190 ultimum
948 3139 1097 3191 eventum
1112 3148 1238 3213 pugnae
1253 3135 1389 3194 moratus
1448 3147 1449 3180 1

355 3209 495 3276 emedia
509 3211 605 3276 caede
626 3233 699 3278 cum
714 3211 823 3299 paucis
837 3211 959 3298 effugit.
1007 3209 1120 3277 Castra
1135 3211 1276 3276 Romani
1291 3225 1389 3295 cepere
1448 3213 1449 3230 ³

355 3306 451 3382 atque
466 3297 636 3385 diripuere.
675 3297 724 3363 Ea
760 3297 892 3385 ugnasi
906 3320 971 3384 qua
979 3299 1119 3363 dubiain
1134 3297 1294 3385 Hispania
1303 3303 1406 3366 aranti
1448 3359 1449 3376 p

356 3380 511 3448 Romanis
533 3384 697 3450 adiunxit:
730 3321 987 3471 Hasdrubalique
1009 3408 1075 3449 non
1097 3385 1193 3450 modo
1217 3384 1253 3448 in
1278 3379 1389 3448 lutiam

357 3469 544 3535 traducendi
559 3472 726 3547 exercitus,
742 3470 799 3534 sed
817 3493 858 3534 ne
875 3471 1025 3535 manendi
1045 3470 1175 3559 quidem
1191 3471 1265 3535 satis
1286 3482 1352 3534 tuto
1363 3465 1390 3526 in
1448 3525 1449 3540 ἶ

356 3553 523 3645 Hispania,
533 3580 622 3706 spem
633 3556 770 3643 reliquit
819 3555 911 3631 Quae
927 3570 1095 3644 postquam
1107 3557 1206 3622 literis
1219 3556 1405 3643 Scipionumt
1448 3543 1449 3632 l

356 3640 481 3708 Romae
504 3667 546 3707 vu
559 3657 632 3730 gata
660 3655 744 3720 sunt,
769 3665 834 3706 non
864 3655 928 3706 tam
954 3643 1095 3722 victoria,
1125 3665 1219 3730 quarn
1243 3638 1390 3731 prohibito
1448 3645 1449 3738 ᾗ

357 3727 567 3794 Hasdrubalis
580 3730 616 3792 in
630 3728 754 3794 Italiam
771 3729 912 3807 transitu,
928 3729 1134 3794 laetabantur.
1448 3741 1449 3800 l

402 3815 492 3879 Dum
516 3815 595 3880 haec
621 3814 656 3878 in
683 3814 838 3901 Hispania
862 3829 1025 3902 geruntur,
1048 3815 1171 3881 Petelia
1199 3815 1234 3878 in
1261 3809 1390 3882 Bmttiis,
1448 3887 1449 3908 p

358 3901 480 3987 aliquot
502 3913 574 3988 post
601 3901 770 3979 mensibus,
796 3923 893 3987 quam
921 3915 1034 3990 coepta
1062 3902 1239 3990 oppugnari
1264 3914 1339 3978 erat,
1359 3895 1391 3959 ab
1448 3915 1449 3918 ’

391 4087 408 4138 6
427 4091 460 4139 Ut
482 4090 533 4153 pul,
552 4090 632 4150 pulsis
653 4092 750 4140 tandem
767 4089 865 4148 mediis]
900 4089 943 4151 qui
965 4089 1052 4152 populi
1068 4089 1149 4138 adhuc
1170 4088 1256 4137 incerti
1273 4078 1390 4142 esoentiss

358 4154 444 4202 Pulsis
464 4155 515 4201 lum
536 4159 594 4201 ante
610 4155 695 4202 mediis
713 4169 743 4203 ex
765 4153 868 4204 coniect.
901 4168 1004 4215 quorum
1016 4159 1098 4216 partes
1108 4169 1134 4201 se
1144 4153 1271 4202 adderent.

360 4217 468 4267 Gronov.
478 4215 571 4278 recepit
582 4217 689 4266 Bekker.
934 4217 949 4264 8
964 4218 1038 4278 Spem
1052 4218 1163 4280 reliquit]
1187 4217 1329 4280 Relipuerut
1338 4208 1390 4262 Bek-

394 4280 451 4348 7Sa'
470 4295 520 4346 quo
537 4280 613 4328 dubia
631 4282 659 4330 ln
676 4281 818 4344 Hispania]
843 4279 869 4330 si
901 4280 952 4330 lter.
963 4280 1079 4342 reposuit.
