2966 4778
362 210 423 272 iss
743 203 855 270 mm
885 203 1040 292 mvn,

202 349 237 405 u.
248 353 278 406 c.
295 351 351 418 53⁶·
361 339 566 441 Sempronius
585 337 761 440 Cracchiu,
781 340 893 406 consul
912 339 1104 427 designatus,
1120 341 1177 427 qui
1194 340 1229 405 in
1248 339 1422 406 aedilitate

202 416 910 579 A·⁰·²¹⁶·priiag1stereqmtumfuerat,ludos
929 427 1091 492 Romanos
1105 426 1259 504 fecerunt,
1276 427 1336 513 qui
1359 449 1424 514 per

425 535 501 578 uum
516 512 680 578 instaurati
696 527 779 579 sunt.
825 512 949 579 Plebeii
963 513 1033 578 ludi
1047 513 1198 578 aedilium
1219 512 1269 578 M.
1286 513 1421 578 Aurelii

362 599 478 665 Cottae
487 613 520 664 et
536 597 584 664 M.
600 597 730 664 Claudii
742 597 888 664 Marcelli
904 611 952 666 ter
962 601 1136 665 instaurati
1460 623 1461 636 *

203 695 280 746 U·⁰·
297 705 351 757 537·
406 683 609 751 Circumacto
639 685 732 750 tertio
761 708 846 751 anno
872 686 988 751 Punici
1018 686 1103 764 belli,
1134 685 1185 751 Ti
1205 685 1421 772 Sempronius

200 761 351 874 442²*
360 770 470 837 consul
500 771 612 836 Idibus
641 770 767 837 Martiis
796 773 1013 858 magistratum
1042 772 1123 837 iniit
1168 772 1341 836 Praetores
1374 773 1418 846 Q.

202 837 352 953 fflffi„
361 859 491 924 Fulvius
506 858 647 936 Flaccus,
659 859 715 945 qui
730 872 804 924 ante
820 859 868 924 bis
882 859 994 924 consul
1008 881 1182 946 censorque
1192 859 1305 936 suerat,
1320 859 1442 926 urba-⁵

360 968 445 1024 nam,
462 944 510 1010 Μ.
524 944 671 1010 Valerius
689 945 849 1010 Laevinus
865 967 939 1033 pero
980 947 1064 1010 'nam
1086 960 1203 1010 sortem
1217 947 1252 1008 in
1268 944 1421 1010 iurisdie-

360 1032 447 1098 tione
471 1031 590 1096 hnbuit.
636 1031 700 1119 Ap.
716 1030 871 1097 Claudius
891 1031 940 1096 Pu
954 1032 1031 1096 cher
1052 1030 1201 1108 Siciliam,
1225 1031 1268 1106 Q,
1282 1030 1422 1097 Mucius

363 1116 514 1184 Scaevola
530 1116 708 1182 Sardiniam
723 1118 825 1182 sortiti
842 1131 925 1183 sunt.
972 1115 1019 1182 M
1036 1117 1191 1183 Marcello
1208 1139 1268 1205 pm
1281 1117 1420 1182 consule

361 1205 530 1292 imperium
541 1226 609 1268 esse
620 1204 757 1292 populus
772 1205 871 1282 iussit,
881 1204 969 1292 quod
1007 1216 1056 1269 ost
1068 1203 1274 1270 Cannensem
1288 1203 1420 1268 cladem

246 1301 248 1307 '
362 1312 444 1356 unus
459 1289 679 1356 Romanorum
694 1287 920 1378 imperatorum
940 1291 975 1354 in
983 1227 1082 1356 ltalia
1095 1312 1244 1376 prospere
1259 1312 1331 1354 rem
1345 1313 1422 1377 ges-
1460 1327 1461 1350 ;

102 1455 105 1462 .
251 1383 303 1441 31.
362 1377 461 1443 sisset.
508 1376 653 1455 Senatus,
663 1400 727 1464 quo
743 1377 795 1442 die
811 1377 949 1464 primum
959 1378 1052 1442 estin
1066 1374 1225 1464 Capitolio
1237 1375 1419 1454 consultus,

202 1462 514 1576 puderet-decrevit,
536 1475 583 1540 ut,
606 1487 671 1552 quo
693 1487 732 1528 eo
761 1485 846 1528 anno
868 1462 988 1551 duplex
1015 1463 1167 1528 tributum
1192 1463 1461 1550 imperaretur,61

221 1535 291 1577 ”²⁰⁰¹
303 1543 347 1576 un·
362 1549 495 1637 simplex
517 1550 682 1614 confestim
701 1549 892 1636 exigeretur,
907 1573 949 1614 ex
967 1573 1031 1636 quo
1049 1549 1244 1637 stipendium
1264 1571 1421 1635 praesens

362 1636 510 1700 omnibus
520 1635 672 1701 militibus
686 1636 825 1712 daretur,
857 1651 1054 1723 raeterquam
1070 1637 1127 1723 qui
1142 1635 1257 1700 milites
1272 1635 1316 1700 ad
1327 1635 1420 1701 Can·
1460 1677 1461 1680 =

203 1739 418 1790 Demadenas
440 1721 581 1786 fuissent
627 1721 680 1786 De
703 1659 895 1786 exercitilus
917 1722 962 1786 ita
988 1722 1207 1799 decreverunt,
1230 1733 1268 1786 ut
1290 1721 1419 1786 duabus
1460 1745 1461 1800 3

202 1805 540 1895 ommutualegjonibug
550 1807 676 1872 urbanis
692 1807 742 1872 Ti.
759 1807 965 1895 Sempronius
979 1808 1091 1873 consul
1104 1808 1199 1872 Cales
1210 1808 1419 1873 adconveni·
1460 1887 1461 1894 ἶ

361 1894 483 1960 endum
492 1893 577 1959 diem
588 1893 745 1959 ediceret:
769 1893 845 1959 inde
857 1917 913 1960 eae
925 1894 1065 1982 legiones
1076 1895 1111 1959 in
1122 1908 1223 1959 castra
1232 1883 1441 1982 claudiana}

360 2003 454 2068 supra
478 1979 658 2046 Suessulam
678 1979 929 2046 deducerentur:
960 2003 1043 2068 quae
1065 1981 1110 2044 ibi
1132 1979 1274 2068 legiones
1296 1997 1418 2058 essent,

376 2079 582 2132 erantautem
595 2065 774 2132 Cannensis
785 2068 922 2132 maxime
935 2065 1108 2154 exercitus)
1117 2089 1169 2131 eas
1179 2067 1242 2153 Ap
1255 2065 1417 2132 Claudius
1460 2069 1461 2132 J

390 2153 501 2218 ulcher
519 2165 646 2241 praetor
662 2154 697 2217 in
720 2153 857 2218 Siciliam
879 2154 1055 2230 traiiceret;
1078 2175 1223 2240 quaeque
1244 2153 1280 2216 in
1305 2151 1418 2218 Sicilia

361 2254 476 2317 essent,
494 2239 632 2305 Romam
647 2239 897 2327 deportarentur.
944 2239 998 2303 Ad
1014 2240 1200 2316 exercitum,
1212 2239 1323 2304 culed
1338 2263 1417 2305 eon·
1460 2275 1461 2302 ;

360 2326 554 2392 veniendum
577 2326 672 2391 Cales
694 2326 799 2390 edicta
818 2325 887 2390 dies
904 2339 980 2402 erat,
997 2324 1045 2390 M.
1061 2325 1216 2391 Claudius
1239 2324 1417 2391 Marcellus
1460 2343 1461 2400 1

361 2413 491 2487 missus3
515 2412 605 2498 isque
620 2413 722 2476 iussus
736 2413 770 2476 in
788 2425 889 2477 castra
906 2410 1084 2477 Claudiana
1103 2411 1261 2476 deducere
1278 2413 1416 2476 tubanas
1460 2401 1461 2492 l

361 2497 510 2583 legiones.
557 2495 612 2562 Ad
636 2512 775 2563 veterem
799 2499 982 2579 exercitum,
1000 2499 1222 2586 accipiendum
1249 2497 1416 2564 deducen·
1460 2497 1461 2572 ᾖ

361 2583 438 2648 dum
463 2607 502 2648 ue
519 2583 593 2648 inde
608 2583 643 2646 in
660 2583 810 2661 Siciliam,
826 2585 866 2650 T.
878 2584 1023 2650 Metilius
1041 2583 1141 2650 Croto
1156 2584 1333 2670 legatusab
1349 2587 1412 2672 Ap
1460 2583 1461 2610 ³

363 2607 502 2733 Claudio
517 2682 565 2732 est
579 2670 699 2734 missua
746 2670 851 2735 Taciti
863 2672 966 2758 primo
981 2683 1240 2758 exspectaverant
1255 2671 1414 2750 homines,

361 2755 409 2819 uti
424 2754 533 2819 consul
552 2755 681 2819 comitia
701 2755 839 2844 collegae
856 2757 993 2822 creando
1014 2757 1154 2822 haberet.
1200 2757 1344 2835 Deinde,
1361 2759 1414 2823 ubi
1460 2775 1461 2832 1

361 2841 551 2929 ablegatum,
581 2840 669 2906 velut
697 2841 738 2906 de
771 2843 936 2922 industria,
967 2843 1015 2908 M.
1033 2843 1222 2908 Marcellum
1253 2843 1414 2922 viderunt,
1460 2833 1461 2926 l

362 2951 458 3021 quem
474 2928 611 2992 maxime
627 2927 790 2992 consulem
805 2931 839 2993 in
848 2953 921 2994 eum
938 2953 1057 2994 annum
1073 2931 1114 2994 ob
1129 2930 1256 3017 egregie
1272 2932 1307 2994 in
1323 2953 1414 3018 pine-
1460 2929 1461 2934 ’

362 3028 433 3079 tura
454 3037 503 3079 res
517 3027 620 3103 gestas
642 3014 741 3079 creari
754 3015 914 3094 volebant,
929 3017 1074 3081 fremitus
1088 3017 1122 3080 in
1140 3017 1228 3081 curia
1249 3031 1299 3081 est
1317 3033 1411 3084 ortirs

364 3100 463 3176 Quod
483 3103 538 3167 ubi
558 3099 657 3166 sensit
678 3102 797 3180 consul,
815 3102 1039 3189 ‘Utrumque’
1058 3103 1174 3191 inquit,
1190 3112 1228 3168 ‘e
1251 3105 1414 3190 republica

363 3187 452 3265 ‘fuit
477 3187 586 3253 Patres
608 3188 788 3287 conscripti,
807 3201 840 3253 et
864 3188 911 3252 M.
927 3189 1100 3254 Claudium
1122 3189 1168 3289 ad·
1184 3190 1414 3290 permutandos

363 3275 541 3339 ‘exereitus
561 3275 596 3337 in
620 3273 829 3362 Campaniam
851 3275 1017 3362 proficisci,
1033 3288 1066 3341 et
1087 3289 1215 3340 comitia
1237 3297 1304 3340 non
1327 3279 1413 3364 prius
1460 3337 1461 3354 ,

202 1598 323 1656 peratum.

363 3369 371 3397 ‘
383 3359 475 3436 edici,
488 3384 584 3447 quam
599 3361 626 3424 is
641 3361 727 3439 inde,
738 3360 893 3438 confecto,
906 3361 993 3448 quod
1008 3362 1193 3427 mandatum
1204 3375 1262 3438 est,
1273 3365 1412 3450 negotio,

362 3447 576 3523 ‘revertisset3
608 3459 645 3511 ut
668 3467 723 3511 vos
749 3447 921 3526 consulem,
949 3471 1046 3534 quem
1070 3462 1194 3536 tempus
1219 3448 1412 3535 reipublicae

362 3531 564 3620 ‘postularet
575 3555 671 3618 quem
682 3534 819 3598 maxime
828 3533 933 3610 vultis,
944 3535 1119 3600 haberetia’
1155 3534 1206 3599 Ita
1214 3534 1256 3599 de
1266 3535 1411 3612 comitiis,
1460 3555 1461 3568 ¹

361 3619 464 3684 donee
485 3619 580 3684 rediit
603 3617 784 3697 Marcellus,
803 3620 965 3685 silentium
987 3621 1057 3685 fixit.
1102 3620 1231 3685 Interea
1252 3620 1412 3686 duumviri

395 3829 476 3886 sous
497 3833 554 3875 aaa
575 3827 611 3873 aa
632 3827 729 3885 aaut]
765 3827 804 3874 m
827 3839 871 3888 pro
938 3829 1219 3891 flmmeum]
1242 3829 1284 3878 ue
1302 3831 1413 3882 remus.
1460 3821 1461 3908 1

362 3889 509 4000 culpantes
519 3891 604 3939 conred
611 3889 751 3938 emendavit
760 3889 869 3938 Perizon.
904 3905 948 3951 pro
960 3893 1024 3954 vulg.
1032 3895 1090 3941 tude
1100 3909 1143 3943 rer
1150 3896 1264 3956 leuium,
1273 3896 1341 3944 unde
1349 3899 1412 3945 estin
1460 3915 1461 3944 i

434 3954 474 4011 Ut,
490 3969 537 4016 quo
553 3968 580 4002 eo
596 3954 675 4011 anm]
703 3952 820 4000 Nostram
836 3953 869 4001 le-
903 3969 945 4002 sex
968 3955 1083 4017 legiones,
1100 3965 1160 4018 quot
1181 3971 1255 4006 nemo
1273 3973 1348 4019 unus,
1364 3963 1412 4010 are
1460 3949 1461 4024 l

363 4015 469 4067 ctionem
480 4017 587 4066 Gronov.
597 4021 623 4064 et
631 4015 758 4065 Drakenb.
766 4031 796 4062 ex
807 4017 869 4078 opti-
903 4019 997 4078 consul,
1014 4019 1065 4068 sive
1082 4021 1194 4081 dictator,
1210 4028 1265 4070 toto
1283 4021 1333 4072 hoc
1348 4025 1412 4074 bello

362 4081 409 4130 mis
424 4080 494 4130 codd.
506 4085 659 4142 receperunt,
670 4093 774 4141 eamque
787 4079 821 4127 sic
835 4081 870 4128 in·
903 4081 998 4141 habuit,
1009 4085 1119 4133 contrahi
1131 4093 1238 4147 possent,
1248 4101 1300 4135 non
1313 4087 1396 4150 liquet

363 4146 463 4207 telligo:
492 4151 591 4192 senatus
617 4143 722 4206 simplex
750 4143 869 4191 tributum
935 4147 1220 4210 80ustra010udiauu]
1240 4151 1330 4200 Castra
1341 4153 1410 4202 elsa

363 4209 489 4257 confestim
502 4205 870 4269 exigidecrerithocconsilio,
903 4209 977 4258 diane
998 4226 1014 4258 a
1036 4211 1191 4261 melantio
1213 4223 1327 4276 praetore
1349 4217 1410 4265 dicta

363 4279 390 4319 ut
412 4273 504 4334 duplex
524 4287 554 4320 eo
575 4285 640 4320 auno
659 4271 774 4334 imperari
795 4277 871 4333 atque
903 4277 968 4331 sunt,
979 4275 1021 4334 qui
1039 4289 1095 4323 cum
1115 4277 1224 4326 exercitu
1244 4279 1277 4326 ibi
1296 4283 1410 4332 consedit.

363 4335 515 4384 commodius
526 4335 628 4384 conferri
640 4340 728 4396 posset.
746 4333 853 4383 Sraors.
903 4351 969 4398 supr.
984 4351 1019 4398 17.
1036 4339 1123 4389 Duas.
