2866 4770
347 221 444 287 LIB.
468 221 582 288 XXX.
617 221 729 288 CAP.
757 226 805 290 17.
1037 227 1101 288 519

45 355 255 422 ‘deducanm
290 353 447 445 Hispania
471 357 670 424 abstineant:
702 357 814 422 insulis
839 357 995 434 omnibns,
1018 378 1101 443 quae
1111 365 1187 416 Μ-
1204 377 1259 428 549·

45 443 160 508 ‘inter
181 441 308 509 Italiam
330 458 364 508 et
387 444 529 508 Africam
553 457 638 521 sunt,
660 443 837 509 decedant:
861 465 958 508 naves
980 442 1100 530 longas,
1108 432 1140 480 ⁶⁴·
1157 429 1188 480 ⁰·
1203 441 1260 490 ²⁰³·

46 537 202 616 ‘praeter
219 529 344 617 viginti,
365 552 475 596 omnes
496 529 642 594 tradant:
666 530 763 594 tritici
784 529 970 616 quingenta,
988 529 1101 594 hordei

46 625 218 681 ‘trecenta
247 615 347 681 millia
374 617 538 682 modium)
581 616 741 681 Pecuniae
767 637 923 680 summam
949 628 1102 716 quantam

44 703 265 789 imperaverit,
289 725 401 790 parum
430 703 589 768 convenit.
635 701 725 766 Alibi
754 702 898 789 quinque
927 701 1027 766 mallia
1055 715 1101 766 ta-

45 788 188 866 lentum,
212 789 287 855 alibi
309 789 452 890 quinque
477 787 575 853 millia
596 787 704 875 pondo
728 789 860 876 argenti,
885 788 959 854 alibi
981 787 1102 876 duplex

46 875 251 1025 stlipepdium
260 875 419 1026 ·mss{tll¹³⁰⁸
433 876 622 962 imperatum
638 875 776 1026 ingenio.
812 883 835 1024 :i
834 874 896 940 His
910 873 1230 1024 effiditffni'lllhllt*

48 975 295 1114 ‘cassu
310 974 614 1134 ,tactatur
628 975 773 1112 tritu
787 973 1252 1139 naussum

49 1141 223 1198 ‘senatum
253 1134 367 1199 mittite
396 1133 535 1220 legatos’
587 1132 638 1198 Ita
666 1133 787 1198 dimissi
815 1131 1103 1218 Carthaginienses,
1111 1146 1199 1191 rentes

48 1219 159 1284 nuhaa
194 1220 382 1284 recusandas
418 1219 617 1285 conditiones
648 1220 735 1306 pacis
764 1241 866 1306 quum
898 1218 1104 1296 censuissent,

49 1306 192 1393 (quippe
207 1307 263 1392 qui
280 1329 399 1371 moram
419 1305 569 1393 temporis
584 1318 784 1392 quaererent,
799 1304 877 1370 dnm
892 1303 1056 1370 Hannibal
1071 1305 1106 1368 in

50 1392 201 1457 Afiieam
216 1391 389 1478 traiiceret)
403 1391 524 1479 legatos
542 1390 621 1456 alios
639 1391 681 1456 ad
702 1391 895 1478 Scipionem,
912 1403 948 1456 ut
967 1390 1106 1456 indutias

49 1478 208 1556 facerent,
230 1479 308 1545 alios
332 1479 469 1544 Romam
492 1477 534 1542 ad
555 1500 666 1564 pacem
688 1477 860 1564 petendam
883 1477 1025 1554 mittunt,
1046 1476 1106 1541 du·

50 1579 167 1632 centes
180 1588 299 1653 paucos
313 1566 347 1630 in
358 1565 496 1653 speciem
507 1563 658 1652 captivos,
670 1563 890 1652 perhagasque‚
903 1577 936 1630 et
946 1562 1105 1650 fiagitivos,

50 1675 124 1739 quo
138 1651 366 1738 impetrabilior
379 1675 441 1739 pax
456 1666 546 1718 emet.

103 1737 218 1803 Multis
231 1754 305 1804 ante
320 1739 433 1804 dicbus
447 1738 586 1817 Laelius,
601 1761 675 1804 cum
693 1739 838 1828 Syphace
853 1739 1105 1836 primoribusque
1166 1733 1214 1828 ll.

52 1823 275 1889 Numidarum
303 1824 444 1911 captivis,
472 1825 610 1890 Romam
635 1826 732 1902 venit,
760 1847 906 1912 quaeque
935 1824 971 1887 in
997 1818 1214 1887 AfricaLaehus
1242 1881 1248 1892 ,

51 1921 149 1998 gesta
167 1924 282 1986 essent,
297 1911 404 1974 omnia
421 1911 569 1997 exposuit
588 1911 700 1975 ordine
720 1911 878 1985 Patribus,
894 1908 1017 1996 ingenti
1039 1887 1261 1994 om-ffiffi,

52 1997 151 2061 nium
166 2009 200 2058 et
213 1995 248 2058 in
264 2017 412 2082 praesens
430 1995 559 2074 laetitia,
575 2009 608 2060 et
627 1995 825 2060 infuturum
845 2017 910 2082 spe.
959 1992 1106 2058 Consulti
1117 2009 1190 2059 venit.

54 2081 137 2148 inde
158 2081 268 2146 Patres
290 2104 398 2182 regem
419 2082 453 2146 in
476 2081 652 2146 custodiam
676 2079 794 2146 Albam
818 2079 1010 2145 mittendum
1032 2101 1109 2144 cen·

54 2180 213 2234 sueruntt
242 2167 389 2233 Laelium
415 2166 630 2244 retinendum,
653 2167 757 2232 donee
782 2165 878 2253 legati
906 2165 1109 2251 Carthagini·

55 2277 153 2322 enses
175 2255 331 2320 venirent.
379 2252 574 2341 Supplicatio
604 2253 639 2316 in
665 2252 870 2340 quatriduum
895 2251 1023 2316 decreta
1051 2262 1107 2315 est.

56 2342 98 2408 P.
116 2340 230 2406 Aelius
242 2354 378 2429 praetor,
394 2352 506 2405 senatu
521 2339 625 2416 misso,
640 2352 674 2404 et
688 2339 842 2404 concione
857 2337 932 2402 inde
948 2337 1109 2414 advocata,

58 2450 136 2493 cum
165 2427 204 2492 C.
221 2426 332 2492 Laelio
359 2427 393 2491 in
420 2425 537 2491 Rostra
565 2425 717 2490 escendit.
762 2423 813 2488 Ibi
836 2446 911 2488 vero
934 2422 1110 2500 audientes,

58 2515 148 2578 fissos
164 2513 477 2600 Carthaginiensium
496 2511 664 2588 exercitus,
679 2510 841 2575 devictum
859 2522 894 2574 et
912 2524 1041 2597 captum
1062 2509 1112 2572 in·

59 2601 167 2688 gentis
186 2599 325 2664 nominis
344 2621 463 2685 regem,
480 2597 669 2663 Numidiam
689 2619 817 2663 omnem
838 2597 966 2684 egregia
983 2595 1114 2661 victoria

61 2699 270 2774 peragratam,
286 2685 418 2750 tacitum
432 2685 596 2750 continere
611 2683 765 2771 gaudium
780 2707 846 2749 non
860 2696 1016 2768 poteraut,
1032 2683 1112 2770 quin

61 2771 263 2848 clamoribus,
281 2772 460 2858 quibusque
483 2771 551 2836 aliis
573 2770 746 2836 multitudo
768 2769 858 2847 solet,
879 2771 1031 2836 laetitiam
1053 2770 1113 2834 im-

62 2858 223 2924 modicam
252 2857 474 2958 significarent
528 2856 643 2943 Itaque
667 2871 794 2942 praetor
816 2857 977 2942 extemplo
1000 2855 1112 2931 edixit,

65 2943 147 3009 ‘Uti
169 2945 289 3008 aeditui
310 2943 406 3008 aedes
427 2965 528 3008 sacras
549 2964 660 3006 omnes
681 2955 749 3006 tota
769 2941 847 3005 urbe
868 2941 1037 3026 aperirent,
1053 2940 1114 3003 cir·

65 3029 270 3107 ‘eumanadi
285 3028 507 3114 salutandique
522 3027 610 3102 deos,
684 3026 806 3110 ndique
820 3037 924 3124 grates
938 3047 996 3110 per
1010 3037 1114 3089 totum

66 3115 174 3181 ‘diem
192 3114 314 3216 populo
335 3127 475 3202 potestas
495 3112 606 3176 fieret’
678 3123 783 3175 ostero
804 3110 857 3174 dre
879 3109 999 3196 legatos
1014 3109 1252 3177 Masi-Onusta

63 3202 167 3267 nissae
189 3225 223 3266 m
245 3215 391 3266 sananim
413 3197 598 3264 introduxit.
646 3195 805 3262 Gratulati
828 3196 968 3283 primum
990 3195 1113 3260 senatui
1121 3197 1231 3267 8²²wa

65 3301 150 3366 sunt,
183 3286 292 3374 ‘quod
314 3287 351 3351 Ρ.
370 3285 478 3372 Scipio
500 3305 648 3372 prospere
670 3305 720 3348 res
745 3283 778 3346 in
803 3283 914 3347 Aiiica
934 3255 1251 3368 gessissetz’lff‘ffi

66 3374 184 3440 deinde
201 3373 317 3462 gratias
331 3385 476 3459 egerunt,
500 3369 609 3457 ‘quod
624 3369 826 3434 Masinissam
844 3390 910 3432 non
929 3367 1116 3454 appellasset

68 3460 185 3526 ‘modo
222 3481 340 3547 regem,
377 3455 434 3522 sed
469 3457 603 3533 fecisset,
640 3455 838 3520 restituendo
877 3455 911 3518 in
948 3468 1115 3541 paternum

68 3555 243 3634 ‘regnumz
268 3547 382 3632 inquo
397 3555 469 3632 post
486 3541 664 3631 Syphacem
681 3540 850 3619 sublatum,
866 3541 893 3605 si
910 3541 956 3604 ita
970 3539 1117 3604 Patribus

69 3634 191 3699 ‘visum
219 3645 311 3710 esset,
337 3632 405 3696 sine
432 3643 520 3694 metu
546 3641 579 3693 et
604 3629 776 3692 certamine
803 3640 886 3692 esset
909 3625 1118 3714 regnaturua'

69 3719 167 3797 Dein,
191 3717 301 3870 ‘quod
319 3715 533 3783 collandatum
552 3737 611 3804 pro
631 3715 784 3780 concione
803 3712 1003 3864 amplissimis
1022 3712 1118 3778 deco·

71 3815 190 3871 ‘rasset
229 3805 317 3869 onis:
342 3804 458 3890 quibus
472 3825 514 3868 ne
530 3801 680 3890 indignus
694 3813 786 3878 esset,
802 3813 836 3865 et
872 3799 973 3864 edisse
988 3821 1118 3887 operam

71 3901 81 3931 ‘
93 3891 305 3968 Masinissam,
328 3905 362 3954 et
382 3911 476 3978 porro
498 3887 647 3953 daturum
669 3910 746 3953 esse.
792 3885 915 3963 Petere,
938 3899 973 3950 ut
994 3885 1118 3973 regium

72 3987 210 4043 ‘nomen
232 3990 401 4064 ceteraque
426 3974 584 4062 Scipionis
604 3973 761 4038 beneficia
782 3985 816 4038 et
837 3995 970 4038 munera
991 3986 1119 4038 senatus

73 4064 221 4130 ‘decreto
236 4063 454 4127 confirmaret:
474 4073 517 4138 et,
530 4061 590 4124 nisi
606 4059 773 4126 molestum
788 4073 880 4137 esset,
896 4059 975 4123 illud
991 4081 1119 4145 quoque

74 4159 201 4237 ‘petere
225 4148 435 4225 Masinissam,
451 4160 488 4211 ut
510 4145 669 4210 Numidas
690 4171 728 4212 ca
751 4147 840 4224 tirus,
860 4147 916 4232 qui
939 4145 1063 4208 Romae
1085 4145 1120 4208 in

75 4236 238 4302 ‘custodia
259 4249 373 4312 essent,
389 4234 595 4300 remitterent.
641 4232 682 4298 Id
704 4171 764 4298 sihi
788 4232 929 4319 amplum
954 4229 1040 4317 apud
1063 4251 1120 4320 po-
