2874 4772
341 206 437 275 IilB.
461 205 591 275 XXVI.
624 208 735 290 CAR.
758 217 790 276 2.
1025 217 1089 282 283.

36 347 138 412 etiam
152 359 360 434 utrorumque
370 345 562 434 ignominiae
573 357 632 425 est,
643 370 685 413 ne
696 348 732 412 in
741 346 867 435 oppidis
874 347 1088 426 hibernarent,
1100 363 1134 416 U.
1144 363 1176 416 c.
1190 376 1247 428 541·

36 433 123 500 neve*
136 435 271 499 hiberna
283 433 413 522 propius
426 433 525 498 ullam
536 435 649 499 urbem
664 434 777 500 decem
791 433 930 502 millibus
940 455 1090 522 pannium
1098 430 1129 480 A.
1146 430 1176 480 ⁰·
1192 443 1248 479 ²¹¹·

36 521 254 586 aedificarent.
297 519 338 585 L
350 519 503 586 Cornelio
518 521 553 584 iu
574 519 720 586 Sardinia
733 521 815 588 duae
829 520 970 609 legiones
985 521 1088 599 datae,

36 608 159 694 quibus
174 607 217 683 Q
231 606 361 672 Mucius
370 607 565 696 praefuerat:
589 606 856 708 supplementum,
868 610 894 673 si
905 630 985 696 opus
996 621 1088 685 esset,

36 695 187 760 consules
204 694 340 760 scribere
360 695 444 759 iussi.
490 693 530 758 T.
545 693 683 759 Otacrlro
697 707 731 760 et
751 693 799 759 M
812 694 942 760 Valerio
964 694 1089 762 Siciliae

39 781 263 869 Graeciaeque
278 802 334 846 ora
347 803 421 846 cum
435 781 612 868 legionibus
627 779 849 868 classibusque,
865 782 980 868 quibus
999 804 1090 869 prae·

37 882 144 946 erant,
165 867 318 933 decretae.
367 867 610 954 Quinquaginta
633 866 749 932 Graeci
770 890 844 933 cum
865 867 991 954 legione
1015 891 1089 946 uua,

37 968 174 1020 centum
204 953 303 1020 Siculi
331 977 405 1020 cum
434 953 556 1019 duabus
589 953 768 1041 legionibus
795 954 956 1020 habebant
983 977 1087 1020 naves

39 1042 164 1108 Tribus
179 1053 212 1106 et
227 1042 339 1128 viginti
353 1041 531 1128 legionibus
552 1040 706 1106 Romanis
720 1062 759 1106 eo
774 1063 859 1106 anno
873 1041 993 1106 bellum
1007 1055 1090 1108 terra
1099 1069 1137 1118 ²3·
1146 1055 1233 1120 legio-

113 1129 120 1142 ‘
1078 1165 1081 1170 ,
1098 1135 1149 1170 110!-

37 1141 250 1302 mailiirssii
263 1141 428 1280 {fistulis
442 1179 542 1302 qaum
557 1214 598 1279 se
612 1213 712 1278 aare
731 1213 768 1278 a
783 1213 897 1279 mama
911 1214 1088 1293 afer-retur,
1157 1222 1188 1283 a.

37 1324 93 1366 res
113 1315 220 1390 gestae
241 1303 425 1388 magnificae
445 1301 570 1366 senatui
588 1301 689 1367 visae:
714 1298 825 1366 titulus
846 1300 984 1380 honoris,
1026 1301 1090 1368 uod
1099 1303 1197 1380 marae
1209 1305 1238 1355 L

37 1387 394 1540 {salassus
404 1411 505 1540 ss
853 1369 1195 1542 {transm

39 1497 236 1628 offenllebat.
283 1561 367 1626 Rem
389 1523 464 1626 inali
486 1497 720 1650 Eieemplinebgsb,
741 1490 946 1649 imlipiitstores
967 1561 1030 1649 legi
1052 1561 1092 1627 ab

14 1649 255 1718 aexercitibus:
280 1661 313 1713 et
326 1648 467 1714 sollenne
482 1649 714 1750 auspicatornm
729 1649 929 1714 comitiorum
943 1649 979 1714 in
993 1661 1094 1714 cestra

39 1750 78 1802 et
99 1736 285 1824 provincias,
300 1735 412 1823 procul
431 1735 470 1800 ab
490 1734 613 1836 legibus
630 1736 936 1823 magistratibusque,
951 1735 993 1800 nd
1011 1734 1094 1800 mili·

41 1839 147 1888 tarem
156 1823 367 1888 temeritatem
375 1821 543 1887 uansfem.
579 1821 631 1899 Et,
642 1845 741 1908 quum
753 1822 883 1909 quidam
891 1822 1093 1887 referendum

40 1909 88 1975 ad
102 1921 248 1974 senatum
268 1920 443 1986 censerent,
458 1909 571 1973 melius
588 1909 691 1973 visum
705 1909 825 1974 differri
845 1931 916 1973 cam
936 1908 1095 1974 connum

41 1997 179 2073 tionem,
191 1995 295 2061 donec
302 1996 576 2084 proficiscerentur
586 1996 719 2081 equites,
729 1995 785 2082 qui
797 1995 837 2058 ab
852 1993 976 2060 Marcio
987 1995 1094 2060 literas

42 2083 228 2148 attulerant.
275 2082 421 2148 Rescribi
435 2082 476 2147 de
493 2081 655 2146 *frumento
673 2095 707 2146 et
720 2081 917 2145 vestimentis
936 2081 1095 2147 exercitus

41 2170 187 2258 placuit=
209 2178 298 2234 ‘eam
320 2183 422 2234 utram
448 2191 487 2233 ue
509 2189 578 2232 rem
599 2189 694 2232 curae
714 2166 781 2234 fore
804 2167 960 2232 senatuia’
982 2166 1094 2232 ascribi

19 2269 166 2334 sautem,
183 2256 267 2321 ‘Pro
289 2256 404 2322 raetori
422 2193 460 2319 {-
473 2254 618 2331 Marciq’
631 2277 698 2319 non
714 2253 851 2340 placuit3
874 2275 916 2318 ne
931 2252 991 2317 idi
1052 2275 1097 2330 m,

43 2342 137 2496 Ἑιοά
166 2365 204 2408 co
276 2343 388 2408 tationi
421 2341 625 2428 reliquerant,
654 2362 713 2427 pro
739 2339 956 2427 praeiudicato
1020 2353 1093 2405 net.

84 2429 197 2496 imissis
219 2431 387 2517 equitibus,
410 2428 451 2494 de
470 2427 559 2493 nulla
579 2449 613 2492 re
632 2427 720 2515 prius
741 2425 885 2492 consules
906 2426 1094 2504 retulerunt,

44 2516 257 2604 omniumque
267 2517 303 2581 in
314 2539 414 2581 unum
425 2515 600 2580 sententiae
612 2515 838 2601 congruebant,
850 2514 1010 2601 agendum
1021 2535 1096 2578 cum

48 2602 186 2668 tribunis
199 2602 300 2690 plebis
314 2625 390 2681 esse,
406 2603 510 2690 primo
529 2624 658 2689 quoque
674 2615 816 2688 tempore
832 2600 873 2665 ad
892 2601 1019 2689 plebem
1033 2600 1096 2666 fer-

47 2703 131 2767 rent,
154 2711 251 2777 quem
272 2712 346 2754 cum
367 2690 501 2777 imperio
520 2689 604 2754 mitti
620 2686 761 2790 placeret
782 2689 818 2752 in
844 2686 1032 2776 Hispaniam
1054 2687 1096 2753 ad

46 2799 125 2842 eum
140 2777 325 2854 exercitum,
341 2776 393 2842 cui
415 2775 477 2841 Cn.
493 2775 544 2841 Sci
569 2777 599 2841 'o
619 2788 788 2864 imperator
807 2775 1000 2863 praefuisset.
1047 2774 1097 2839 Ea

45 2885 100 2928 res
114 2885 188 2928 cnm
203 2864 337 2928 tribunis
350 2878 421 2929 acta
433 2885 523 2951 prom
598 2875 693 2950 taque
708 2874 764 2927 est.

96 2949 161 3015 Sed
175 2950 479 3015 nliudcertamenoc
561 2962 649 3013 verat
662 2949 793 3013 animos.
840 2947 879 3013 C.
892 2946 1218 3034 Semproniuscnfflul.

48 3037 184 3104 Blaesus
207 3036 259 3103 die
285 3037 371 3102 dicta
398 3034 459 3100 Cn.
474 3035 521 3099 Fu
534 3034 630 3112 vium,
653 3036 694 3099 ob
717 3034 893 3100 exercitum
915 3033 950 3096 in
977 3031 1157 3120 Apuliaviu*
1166 3049 1237 3081 ⁸⁰⁰⁰·

48 3125 211 3201 amissum,
226 3124 260 3187 in
280 3123 486 3188 concionibus
498 3122 650 3186 vexabat:
676 3120 811 3185 ‘multos
824 3119 1029 3206 imperatores
1048 3103 1178 3184 te-“lm'

51 3211 220 3276 ‘maritate
235 3224 331 3300 atque
346 3208 514 3274 inscientia
533 3208 709 3272 exercitum
723 3208 757 3270 in
771 3205 877 3270 locum
891 3205 1098 3294 praecipitem

51 3297 273 3385 ‘perduxisse’
298 3297 463 3362 dictitans:
496 3294 686 3371 ‘neminem
710 3305 834 3380 praeter
862 3291 923 3357 Cn.
940 3291 1097 3369 Fulvium,

52 3393 148 3449 ‘ante
163 3385 337 3472 corrupisse
352 3383 498 3448 omnibus
512 3380 597 3445 vitiis
616 3380 757 3468 legiones
776 3401 856 3453 suas,
873 3401 969 3467 quam
983 3379 1099 3466 prode·

53 3479 130 3535 ‘ret
176 3470 373 3558 Itaquevere
387 3470 453 3534 dici
540 3490 568 3544 e,
602 3467 667 3531 rius
681 3489 736 3530 eos
750 3467 887 3552 periisse,
900 3487 997 3552 quam
1010 3464 1099 3530 vide·

53 3566 146 3622 ‘rent
166 3557 307 3634 hostem3
331 3581 390 3622 nec
412 3557 452 3622 ab
510 3490 665 3632 annibale,
687 3553 744 3618 sed
763 3554 802 3617 ab
822 3553 1010 3639 imperatore
1031 3575 1099 3630 suo,

55 3653 66 3684 ‘
79 3643 177 3709 victos
195 3665 272 3709 esse.
318 3642 501 3720 Neminem,
516 3664 616 3729 quum
631 3641 814 3726 suffragium
828 3639 923 3715 ineat,
939 3638 1013 3702 satis
1031 3661 1099 3704 cer-

28 3740 65 3794 6‘
77 3753 164 3809 nere,
175 3731 226 3795 cui
237 3731 281 3794 im
323 3731 415 3807 rium,
426 3730 478 3794 cui
493 3728 667 3793 exercitum
682 3727 852 3815 permittat.
900 3725 990 3800 Quid
1001 3725 1099 3791 inter·

55 3817 170 3883 ‘fuisse
181 3751 581 3904 interliSempronium?
605 3814 716 3890 Quum
727 3813 758 3879 ei
769 3835 930 3878 servorum
941 3814 1100 3880 exercitus

91 4061 108 4105 4
124 4045 238 4095 Sullanae.
257 4043 438 4105 munuum
458 4041 561 4090 muta
593 4041 832 4104 Ferretidemquod
843 4043 971 4104 maturat.

56 4110 126 4168 ram]
151 4107 268 4157 sollenne
288 4106 435 4163 institutum,
454 4119 502 4165 quo
523 4119 562 4152 co
629 4103 645 4154 6
662 4107 728 4164 Quid
744 4107 885 4166 interscissa
901 4109 967 4156 sarar
985 4107 1021 4154 Τί.
1035 4108 1099 4154 Sana

57 4171 128 4219 mitia
146 4171 271 4232 auspicato
289 4171 385 4220 Romae
403 4169 562 4218 habebantur.
592 4171 721 4230 moniam}
740 4170 797 4218 Hoc
812 4183 926 4218 mancum
944 4185 996 4218 eam
1008 4169 1100 4216 iudicat

56 4237 139 4285 Cast.
594 4234 700 4282 Crevier.
733 4235 849 4283 Ceterum
867 4233 974 4281 Beklrer.
993 4231 1042 4279 fide
1060 4247 1100 4280 us.

91 4313 105 4362 5
122 4301 163 4349 Ne
173 4301 199 4347 id
208 4301 300 4362 ipram]
324 4313 358 4348 sc.
370 4299 461 4349 Utrum
472 4295 562 4346 eicon·
595 4295 649 4345 Pal.
662 4299 836 4346 adatarlauno
849 4303 873 4345 ae
885 4297 1101 4356 leamprom‘uru

58 4365 155 4413 cederet
168 4369 267 4414 renatus
281 4361 442 4427 propraetoris
454 4359 561 4412 titulum
594 4360 699 4422 reponit,
708 4361 773 4422 quod
785 4359 932 4408 Gebhardau
942 4359 1036 4420 probat.
