2878 4772
306 211 371 270 412
687 203 800 271 ΤΙΤΙ
831 203 967 272 LIVII

195 347 225 400 c.
242 361 297 413 545·
306 338 415 405 iecisse
429 339 584 440 'equitum
603 341 843 440 ⁸praerogativae
870 341 1093 440 auctoritatem
1117 338 1285 416 consules,
1312 358 1390 438 [κζ-8

196 413 226 463 ⁰·
243 427 389 490 ²⁰⁷·ster0
404 426 457 489 d1e
472 449 506 490 rn
522 449 685 504 conmone,
701 449 796 513 quam
815 428 889 492 forti
908 426 1063 514 fidehque
1081 427 1225 491 duorum
1240 447 1370 512 praecr-

305 535 368 598 pue
384 511 560 598 legatorum
575 535 672 599 opera
685 513 734 577 usi
749 527 864 592 essent,
880 527 1173 578 commemorantes

197 607 247 668 10.
352 598 461 672 Quum
482 598 682 663 comitiorum
703 611 867 685 tempusa
889 613 1022 686 peteret,
1037 612 1070 663 et
1089 621 1148 686 per
1165 598 1366 662 dictatorem

305 684 433 748 comitia
455 683 564 747 haberi
586 683 763 771 placuisset,
789 684 828 749 O.
879 685 1003 748 laudius
1025 684 1137 748 consul
1159 683 1211 747 M.
1229 683 1365 746 Livium

304 768 457 856 collegam
472 769 659 834 dictatorem
675 770 775 834 dixit:
796 770 907 834 Livius
921 770 962 846 Q
975 770 1155 835 Caecilium
1169 771 1366 855 magistrum

304 855 458 941 equitum.
505 855 537 919 A
559 855 606 919 M.
620 855 714 920 Livio
735 856 889 921 dictatore
911 857 1009 921 creati
1030 855 1176 920 consules
1200 854 1241 918 L.
1257 853 1367 918 Vetu-

304 941 377 1018 rius,
397 940 438 1016 Q.
454 940 613 1006 Caecilius
622 965 631 1017 ;
655 942 681 1005 is
697 942 774 1041 ipse,
813 943 846 1006 ui
863 955 931 1007 tum
950 956 1019 1007 erat
1033 943 1183 1092 magister
1199 941 1363 1026 equitum.

304 1025 385 1090 Inde
432 1041 590 1092 raetorum
614 1028 743 1092 comitto
768 1027 810 1092 ha
831 1028 883 1092 ita
932 1026 1040 1092 Oresti
1095 1025 1288 1101 ,Servilius
1314 1025 1362 1089 Μ.

306 1049 465 1177 Caecilius
495 1113 657 1190 Metellus,
689 1113 740 1177 Ti.
771 1113 926 1178 Claudius
957 1112 1093 1189 Asellus,
1123 1112 1166 1187 Q.
1192 1111 1364 1176 Mamilius

303 1197 454 1276 Turinus,
474 1199 529 1285 qui
552 1214 621 1263 tum
643 1199 753 1263 aedilis
776 1198 878 1285 plebis
901 1211 976 1264 erat.
1024 1199 1175 1264 comitiis
1198 1197 1362 1284 perfectis,

303 1283 447 1362 dictator,
464 1285 647 1371 magistratu
662 1285 818 1362 abdicato,
831 1285 1023 1372 dimissoque
1039 1285 1193 1362 exercitu,
1209 1285 1246 1347 in
1263 1283 1364 1349 Etru-

302 1370 381 1434 riam
402 1371 596 1456 provinciam
611 1394 653 1435 ex
667 1371 939 1436 senatusconsulto
954 1387 1002 1435 est
1016 1371 1176 1458 profectus
1196 1369 1240 1434 ad
1261 1392 1362 1458 quae-

303 1455 420 1521 stiones
450 1456 628 1521 habendas:
662 1458 717 1543 qui
745 1457 951 1522 Etruscorum
979 1457 1216 1521 Umbrorumve
1246 1455 1360 1542 populi

303 1541 488 1606 defectionis
519 1544 558 1607 ab
586 1542 740 1607 Romanis
766 1543 807 1607 ad
835 1543 1069 1608 Hasdrubalem
1094 1543 1154 1606 sub
1179 1541 1359 1606 adventum

303 1627 371 1690 eius
394 1627 525 1691 consilia
590 1628 727 1707 'tassent,
743 1630 863 1716 quique
886 1651 961 1695 eum
983 1629 1116 1706 auxiliis,
1137 1643 1196 1692 aut
1216 1651 1359 1692 comme·

302 1726 367 1790 atu,
388 1726 443 1777 aut
466 1736 526 1800 ope
548 1651 658 1801 Ιιίιῇιῳιει
678 1715 839 1780 iuvissent.
886 1715 978 1780 Haec
999 1739 1040 1780 eo
1059 1737 1144 1778 anno
1165 1714 1260 1778 domi
1276 1714 1359 1778 mili·

302 1799 429 1886 tiaeque
443 1812 540 1886 gesta
587 1800 673 1865 Ludi
690 1800 828 1866 Romani
850 1814 899 1865 ter
919 1801 978 1866 toti
998 1800 1162 1866 instamati
1182 1801 1226 1864 ab
1247 1801 1360 1864 aedili·

300 1886 361 1950 bus
383 1885 553 1964 curulibus,
572 1885 633 1951 Cn.
653 1886 785 1952 Servilio
809 1886 983 1974 Caepione,
1006 1887 1072 1952 Ser.
1091 1885 1250 1951 Cornelio
1271 1885 1358 1950 Len

301 1971 378 2036 tulo.
424 1970 508 2036 Item
522 1971 591 2036 ludi
611 1972 728 2059 plebeii
749 1973 847 2038 semel
870 1975 928 2038 toti
951 1972 1115 2038 instaurati
1134 1973 1177 2036 ab
1197 1972 1357 2036 aedilibus

300 2057 411 2143 plebis,
429 2056 476 2122 M.
490 2058 669 2145 Pomponio
685 2058 852 2136 Mathone,
868 2071 901 2123 et
919 2058 960 2134 Q
974 2058 1121 2123 Mamilio
1135 2057 1276 2122 'Ruina

145 2154 180 2206 U.
192 2155 221 2206 c.
238 2155 292 2220 546.
345 2143 456 2208 Tertio
475 2144 600 2208 decimo
620 2167 705 2209 anno
723 2145 838 2209 Punici
858 2144 943 2222 belli,
960 2144 998 2208 L.
1011 2143 1147 2208 Veturio
1162 2142 1307 2208 Philone
1326 2155 1357 2208 et

143 2219 652 2381 demultum
669 2230 1356 2394 ...mm

144 2347 293 2488 &aggesto
302 2402 419 2466 exinde
445 2403 547 2466 sortiti
573 2339 669 2466 suntg
690 2402 737 2466 M.
753 2341 911 2468 Caelilius
936 2401 1087 2466 Metellus
1113 2401 1285 2500 urbanam,
1314 2401 1354 2476 Q.

144 2475 296 2528 Provnerae.
303 2486 466 2552 Mamilius
487 2489 696 2575 peregrinam,
722 2487 760 2553 C.
781 2489 930 2554 Servilius
954 2487 1104 2565 Siciliam,
1125 2486 1179 2551 Tr.
1195 2485 1356 2553 Claudius

304 2571 491 2638 Sardiniam.
538 2573 706 2640 Exercitus
732 2575 777 2639 ita
801 2575 911 2640 divisi:
935 2574 1101 2640 consulum
1126 2573 1234 2650 alteri,
1260 2596 1355 2662 quem

303 2657 342 2722 C.
358 2657 513 2723 Claudius
534 2661 646 2745 prioris
668 2661 744 2725 anni
767 2661 887 2738 consul,
906 2660 1005 2738 alteri,
1021 2682 1116 2746 quem
1135 2658 1178 2735 Q.
1194 2659 1354 2726 Claudius

301 2745 1355 2919 asuutablt.¹ss⁰luu2abluamus

302 2929 370 2982 tore
386 2916 433 2980 M.
449 2916 560 2982 Livius
574 2918 752 3003 proconsul,
769 2855 834 2983 cui¹
858 2931 1037 3018 rorogatum
1056 2919 1091 2981 in
1111 2939 1239 2982 annum
1254 2857 1353 3006 ildipe-

301 3003 383 3070 rium
408 3015 484 3082 erat,
507 3005 672 3090 acciperet.
719 3003 763 3068 Et
788 3004 829 3080 Q
882 3005 998 3082 amrlio,
1021 3017 1067 3081 ut,
1090 3003 1237 3090 collegae
1265 3007 1355 3069 iuris-

301 3088 440 3154 dictione
470 3090 594 3166 tradita,
624 3089 762 3154 Galliam
791 3113 865 3156 cum
893 3091 1045 3168 exercitu,
1071 3090 1124 3154 cui
1150 3089 1191 3154 1..
1220 3090 1376 3167 Pomiusa

301 3189 428 3261 praetor
446 3175 634 3262 praefirerat,
651 3177 817 3254 obtineret,
834 3176 997 3241 decretum
1017 3188 1080 3241 est:
1104 3175 1280 3264 iussusque

324 3260 403 3324 utari
421 3285 511 3348 agros
529 3261 703 3340 Gallorum,
720 3263 776 3349 qui
796 3263 837 3327 ad
852 3262 978 3327 Poenos
997 3263 1055 3327 sub
1075 3261 1256 3328 adventum
1273 3201 1356 3328 iffi

361 3345 440 3410 belis
455 3346 650 3413 defecissent.
694 3348 733 3413 C.
749 3347 881 3414 Servilio
895 3372 970 3413 cum
987 3348 1213 3414 Cannensibus
1228 3349 1354 3416 duabus

300 3431 487 3520 legionibus,
504 3434 585 3498 sicut
602 3433 639 3498 C.
654 3433 818 3500 Mamilius
835 3448 989 3514 tenuerat,
1008 3434 1115 3500 Sicilia
1128 3435 1257 3500 tuenda
1270 3437 1351 3502 data

302 3516 355 3582 Ex
380 3519 525 3584 Sardinia
544 3532 634 3584 vetus
657 3521 823 3600 exercitus,
845 3522 898 3586 cui
920 3523 962 3586 A.
976 3519 1133 3586 Hostilius
1157 3522 1352 3608 praefirmat,

300 3603 500 3692 deportatus:
525 3629 639 3671 novam
653 3606 821 3693 legionem,
838 3630 935 3694 quam
951 3607 1001 3672 Ti.
1017 3606 1175 3671 Claudius
1190 3609 1355 3674 traiiceret

301 3711 417 3769 secum,
433 3691 578 3757 eonsules
592 3694 711 3758 conseri
752 3706 853 3758 crunt.
889 3694 929 3769 Q
944 3693 1091 3772 Claudio,
1107 3705 1143 3758 ut
1157 3693 1354 3773 Tarentum,

303 3773 342 3840 C.
356 3775 495 3842 Hostilio
510 3779 647 3856 Tubulo,
660 3792 697 3843 ut
743 3802 859 3868 apuam
873 3781 1067 3868 provinciam
1082 3779 1226 3858 haberet,
1243 3804 1356 3868 proro-

149 347 184 398 U.

147 411 179 462 Δ,

332 3985 482 4047 sequetem
490 3989 690 4050 praerogativae]
708 3989 806 4039 sc.Pri-
871 3989 952 4054 oliui
973 3991 1002 4039 L.
1017 3991 1124 4038 Porcius
1147 3997 1257 4053 praem
1284 4009 1357 4055 prae

299 4047 335 4097 ori
359 4049 470 4110 equitum
492 4051 634 4110 sententiae,
659 4067 730 4114 quae,
751 4057 805 4101 tan·
831 4055 933 4114 fumat]
957 4053 1012 4102 Imo
1029 4061 1139 4115 praetor,
1156 4059 1186 4102 ut
1204 4062 1309 4106 condat
1325 4073 1356 4104 ex

299 4127 372 4174 quam
400 4112 568 4174 praerogativa
593 4115 678 4175 tribus,
702 4118 804 4180 populo,
836 4117 912 4166 xxvii.
935 4129 973 4180 35.
1007 4119 1045 4165 Ac
1067 4115 1224 4166 verisimilius
1246 4127 1288 4170 en
1310 4121 1357 4170 leae

299 4189 417 4236 quosnam
450 4176 562 4224 consules
591 4177 671 4226 facere
697 4181 805 4239 deberet,
839 4179 1184 4230 erratumessalibrariorum.
1202 4183 1292 4234 Cur.

299 4241 515 4298 praemonstrabat.
536 4240 567 4290 cf.
579 4255 643 4303 supr.
655 4243 705 4291 xxi.
718 4257 740 4305 3.
