2874 4772
303 214 400 282 LIB.
425 215 573 288 xxvia
606 213 718 285 CAP.
743 221 795 281 21.
1016 218 1079 284 367

24 371 106 430 esse,
130 373 342 440 superquam
385 351 450 417 uod
472 352 575 452 primo
596 350 679 418 male
702 361 908 440 pugnaverat,
924 350 1009 438 quia,
1028 374 1082 418 va·
1093 363 1127 414 U.
1139 363 1168 414 c.
1185 377 1240 426 543.

23 451 124 525 ganta
146 460 204 524 per
227 437 352 502 ltaliam
429 437 567 516 ambale,
591 437 696 507 media
717 451 835 505 aestate
851 437 1027 504 Venusiam
1047 429 1122 504 inl·
1139 427 1170 479 ⁰·
1185 443 1240 492 ²⁰⁹

26 537 115 590 tecta
129 523 245 589 milites
259 523 452 590 abduxisset.
499 524 653 590 Inimicus
667 539 735 591 erat
748 525 780 590 ei
797 523 836 592 C.
847 524 1012 590 Publicius
1026 524 1085 590 Bi·

23 610 123 676 bulus
138 611 410 697 tribunusplebis.
456 609 489 676 Is
503 611 597 676 iama
629 611 710 676 rima
722 633 840 700 pugna,
853 633 935 698 quae
951 611 1084 678 adversa

23 697 142 774 fuerat,
167 696 300 761 assiduis
329 697 536 762 concionibus
565 633 717 763 inbmem
746 698 948 784 invisumque
976 697 1082 786 plebei

28 783 207 850 Claudium
227 783 354 862 fecerat,
370 798 404 848 et
421 784 485 850 iarn
499 783 541 849 de
562 784 605 848 im
648 784 695 849 rio
717 782 898 871 abrogando
919 784 988 850 eius
1009 808 1083 874 agc-

24 871 102 935 bat:
152 891 231 934 uum
253 883 361 936 tamen
383 870 551 936 necessarii
575 869 604 934 C
638 869 705 936 udii
727 871 945 949 obtinuerunt,
966 883 1012 950 ut,
1032 894 1084 938 re·

10 956 107 1022 »licto
124 893 286 1026 lienusiae
309 956 423 1044 legato,
447 955 621 1022 Marcellus
644 956 782 1024 Romam
803 957 922 1024 rediret
943 957 985 1024 ad
1007 981 1084 1046 pur·

25 1043 137 1196 Ξὲἳὼ
154 1042 842 1218 θέοἳὲιῗὲεὲῗῗρἰίἀξξέιᾚῗοῗὲζῖἱ
856 1044 1084 1220 impp

214 1177 224 1206 2
454 1177 463 1208 a
626 1177 634 1194 ·

27 1229 65 1282 et
88 1152 261 1280 Milloellus
285 1215 327 1282 ad
351 1216 586 1304 deprecandam
607 1216 826 1304 ignominiam,
844 1229 878 1282 et
898 1216 939 1292 Q,
953 1216 1084 1282 Fulvius

27 1302 144 1367 consul
158 1302 359 1368 comitiorum
374 1326 468 1370 causa
484 1303 621 1369 Romam
636 1304 732 1368 venit
779 1303 900 1368 Actum
921 1303 961 1369 dc
981 1305 1082 1392 impe·
1140 1305 1192 1368 21.

27 1389 80 1454 rio
96 1387 243 1454 Marcelli
259 1389 293 1452 in
307 1389 393 1454 circo
408 1389 565 1455 Flaminio
579 1402 637 1468 est,
652 1390 776 1491 ingenti
791 1413 947 1456 concursu
966 1391 1084 1479 plebis·

28 1498 97 1562 que
119 1489 153 1540 et
173 1475 319 1540 omnium
340 1475 497 1542 ordinum.
547 1479 782 1628 Accusavrtapue
803 1477 949 1544 tribunus
958 1478 1082 1630 Iplebis,
1093 1494 1231 1543 tenuatur

29 1583 100 1626 non
117 1559 308 1628 Marcellum
329 1562 435 1640 modo,
458 1561 515 1628 sed
532 1584 661 1628 omnem
685 1586 728 1628 no
750 1563 892 1630 ilitatem.
939 1572 950 1602 ‘
984 1564 1083 1630 raude
1093 1558 1237 1608 narseum.

30 1656 166 1712 ‘eorum
181 1661 215 1712 et
229 1648 432 1714 cunctatione
447 1648 527 1726 fieri,
543 1661 579 1714 ut
594 1648 758 1716 Hannibal
772 1649 934 1718 decimum
949 1651 1012 1717 iam
1026 1673 1084 1716 an·
1110 1674 1112 1677 ·

31 1742 135 1798 ‘num
157 1732 282 1800 Italiam
304 1735 500 1834 provinciam
523 1735 655 1802 habeat:
679 1736 799 1802 diutius
819 1738 873 1815 ibi,
890 1761 987 1825 quam
1004 1735 1085 1802 Car·

32 1821 196 1908 ‘thagine
212 1820 335 1886 vixerit
382 1819 512 1888 Habere
527 1821 667 1888 fructum
681 1823 806 1910 imperii
820 1825 979 1911 prorogati
995 1823 1085 1889 Mar-

33 1907 139 1972 ‘cello
194 1907 307 1994 pulum
323 1907 524 1973 Romanum:
550 1908 598 1974 bis
614 1931 740 1975 caesum
757 1910 934 1975 exercitum
948 1910 1017 1976 eius
1031 1931 1085 1976 ae·

32 1993 137 2058 ‘stiva
184 1993 313 2059 enusiae
327 1994 386 2059 sub
401 1995 493 2060 tactis
508 1996 621 2082 agere!
665 1995 760 2060 Hanc
775 1995 895 2060 tribuni
909 1995 1084 2062 orationem
1094 2004 1237 2054 absolvitur

30 2081 81 2146 ita
105 2079 212 2145 obruit
235 2078 408 2146 Marcellus
433 2081 733 2150 commemoratione
756 2103 862 2146 rerum
888 2103 1026 2161 suarum,
1048 2069 1211 2156 „tereos-

30 2189 103 2233 non
118 2166 240 2254 rogatio
254 2165 356 2232 solum
371 2167 413 2232 de
427 2167 562 2254 irnperio
578 2167 647 2232 eius
660 2165 842 2254 abrogando
856 2167 1085 2255 antiquaretur,
1094 2139 1197 2184 maur.

31 2252 95 2318 sed
114 2266 240 2340 postero
255 2253 308 2318 die
328 2253 492 2320 consulem
514 2275 589 2318 eum
609 2253 731 2340 ingenti
752 2275 909 2320 consensu
924 2255 1085 2322 centuriae

32 2361 147 2404 omnes
167 2353 318 2406 crearent.
364 2339 509 2406 Additur
525 2338 648 2426 collega
663 2339 702 2404 T.
718 2338 891 2416 Quinctius
908 2338 936 2405 C
956 2341 964 2356 ⁶
1003 2342 1085 2420 inus,

32 2426 95 2512 qui
116 2440 186 2493 tum
207 2441 334 2514 praetor
355 2439 432 2494 erat.
477 2425 611 2492 Postero
625 2425 678 2491 die
693 2439 853 2513 praetores
868 2364 1016 2495 crealifll.
1029 2429 1087 2494 Li·

31 2511 140 2578 cinius
156 2510 289 2578 Oramus
304 2513 414 2591 Dives,
430 2512 575 2602 pontifex
590 2513 756 2590 maximus,
767 2512 804 2578 P.
817 2512 962 2580 Licinius
970 2513 1086 2592 Varus,

10 2619 18 2656 r
35 2598 114 2664 Sex.
126 2597 228 2664 Iulius
245 2597 372 2676 Caesar,
390 2599 431 2675 Q
448 2598 603 2666 Claudius
618 2598 758 2665 Flamen.

83 2683 295 2751 Comitiorum
318 2685 458 2772 ipsorum
475 2686 588 2752 diebus
610 2686 744 2752 sollicita
758 2685 867 2752 civitas
881 2685 922 2752 de
939 2685 1086 2754 Etruriae

32 2771 216 2837 defectione
231 2771 301 2838 fuit
346 2771 545 2860 Principium
565 2773 633 2838 eius
655 2774 702 2840 rei
720 2774 760 2839 ab
776 2773 934 2840 Arretinis
948 2774 1028 2852 fieri,
1046 2774 1085 2839 C.

36 2856 103 2923 Cal
125 2859 235 2924 umius
249 2858 425 2945 scripserat,
435 2859 492 2945 qui
502 2881 573 2924 eam
587 2860 783 2947 provinciam
797 2882 855 2946 pro
870 2873 1015 2946 praetore
1031 2861 1088 2928 ob-

33 2945 106 3010 tine
215 2943 329 3032 Itaque
344 2944 510 3010 confestim
525 2967 564 3010 eo
578 2946 693 3010 missus
707 2945 890 3022 Marcellus,
905 2945 1017 3010 consul
1030 2946 1088 3010 de·

33 3031 189 3117 signatus,
206 3031 262 3117 qui
283 3053 351 3096 rem
372 3031 552 3117 inspiceret,
573 3053 619 3107 ac,
640 3031 667 3094 si
686 3029 785 3130 digna
804 3028 975 3107 videretur,
996 3053 1089 3096 exer·

33 3117 108 3182 citu
122 3117 232 3196 accito,
247 3116 368 3182 bellum
382 3138 425 3181 ex
440 3115 561 3204 Apulia
573 3116 607 3180 in
624 3115 787 3182 Etruriam
802 3116 991 3182 transferret
1038 3116 1089 3182 Eo

33 3216 130 3270 metu
144 3204 314 3303 compressi
330 3202 456 3269 Etrusci
472 3202 670 3354 Ἓιέενετυηι
714 3201 962 3302 Tarentinorum
976 3201 1089 3290 legatis

32 3291 358 3475 ffdaboellbll
371 3287 660 3463 illabili&
674 3287 777 3440 ibi
817 3311 927 3440 {lin
982 3312 1088 3442 ,tlt

10 3473 219 3614 rveffliidi'et
234 3545 374 3614 Romani
395 3561 429 3614 et
448 3546 568 3699 plebeii
584 3569 624 3614 eo
644 3569 728 3612 anno
743 3546 778 3612 in
796 3546 938 3636 singulos
952 3545 1020 3614 dies
1037 3549 1087 3614 in·

33 3633 179 3701 statuati.
225 3633 359 3700 Aediles
381 3657 459 3701 curu
471 3657 506 3700 es
524 3634 612 3701 fuere
628 3633 667 3699 L.
683 3631 852 3699 Cornelius
868 3632 1036 3701 Caudinus
1055 3646 1205 3702 ottadilea

37 3721 110 3788 Ser.
125 3719 285 3809 Sulpicius
308 3719 431 3788 Galba:
458 3721 576 3810 plebeii
593 3719 632 3787 0.
648 3719 799 3786 Servilius
819 3734 853 3786 et
873 3721 914 3800 Q.
930 3720 1089 3790 Caecilius

71 3970 89 4020 9
105 3955 148 4004 Ad
155 3955 290 4018 perpendo
300 3971 339 4016 aa,
349 3955 547 4018 μαιμώον-
579 3953 718 4016 memorari,
733 3959 836 4005 annotat
847 3956 968 4008 Graevius
982 3959 1015 4010 ad
1030 3959 1090 4010 Sue·

31 4021 141 4080 mart]
170 4018 264 4069 Melius
284 4023 366 4067 noster
387 4017 496 4079 dixisset,
515 4019 548 4070 ad
580 4025 631 4068 ton.
642 4021 713 4070 Caes.
728 4033 748 4071 1.
765 4019 837 4071 Dux.

33 4083 169 4151 pmganda
185 4082 295 4143 camina,
309 4084 341 4130 ob
356 4097 421 4146 qnae
436 4083 548 4134 decerne-
613 4097 628 4132 a
645 4085 679 4132 Ia
688 4085 797 4147 amaa
807 4086 858 4136 dias
868 4086 1015 4146 tmtaarotl]
1030 4087 1056 4136 h.
1067 4101 1089 4136 o.

33 4153 132 4199 rentur.
155 4145 252 4197 clinfr.
264 4145 348 4196 xxxiv.
361 4158 383 4210 5.
584 4146 658 4196 Unus
678 4147 730 4197 dies
751 4149 783 4197 ad
802 4149 959 4212 quatriduum
980 4149 1092 4198 adiectus

75 4225 87 4260 1
106 4211 162 4261 Sea.
173 4211 256 4259 Italiac
271 4211 375 4270 Caesar]
408 4209 485 4258 Hunc
504 4209 550 4272 pri·
583 4211 1090 4276 estctnrpr.xxr.3.xxrii.6.1liabhr.

32 4289 111 4327 mum
128 4275 257 4325 amarem
275 4273 301 4323 in
318 4273 419 4323 historia
437 4273 552 4324 Romana
583 4273 608 4324 ii.
619 4289 644 4324 n.
655 4273 695 4326 68.
