2888 4768
332 175 398 236 216
717 168 830 236 ΤΙΤΙ
858 167 995 236 LIVII

182 319 213 372 U.
225 321 255 374 c.
271 314 346 386 53⁸·‘
357 328 453 372 onem
466 305 607 370 habituri
620 317 694 370 sunt
713 305 754 370 ad
774 305 1006 370 criminandum
1027 327 1078 370 me
1093 301 1384 386 concitandumque

177 387 209 437 A.
226 389 256 438 ⁰·
272 395 391 458 2¹e‘in
421 415 477 457 vos
505 391 667 479 populum.
713 392 764 457 Ita
788 416 827 456 ue
857 393 993 457 crastino
1019 391 1082 468 die,
1106 403 1161 455 aut
1190 401 1308 464 vestro,
1333 399 1385 450 aut

337 479 582 545 ‘Hennensium
596 478 749 566 sanguine
764 415 888 544 lienna
907 479 1123 544 inundabitur.
1169 475 1204 540 N
1204 499 1243 540 ee
1258 497 1386 562 praeoc-

338 576 400 632 ‘cu
423 566 467 630 ati
481 589 571 654 spem
585 565 691 642 ullam,
708 589 768 630 nee
782 579 974 666 occupantes
993 565 1126 653 periculi
1140 564 1318 651 quicquam
1333 562 1386 625 ha-

338 589 480 718 melitis.
529 652 596 727 Qui
618 653 704 740 prior
725 653 887 717 strinxerit
912 653 1039 729 ferrum,
1063 653 1131 716 eius
1156 650 1294 714 victoria
1319 649 1385 714 erit.

339 739 479 804 ‘Intenti
494 761 570 826 ergo
584 762 694 804 omnes
708 739 883 826 armatique
898 740 1025 826 signum
1040 736 1276 838 exspectabitis.
1320 734 1385 821 Ego

338 826 395 890 ‘in
417 827 569 891 concione
589 849 660 890 ero:
685 839 718 890 et
737 839 872 914 tempus,
893 825 1000 914 quoad
1018 848 1124 890 omnia
1140 825 1301 888 instructa
1317 823 1384 898 sint,

339 913 522 1001 ‘loquendo
551 912 795 1000 altercandoque
826 913 955 977 traham.
1015 912 1125 987 Quum
1154 924 1232 996 toga
1262 910 1384 996 signum

340 1001 488 1077 ‘dedero,
499 1013 565 1064 tum
576 999 654 1063 mihi
666 999 809 1086 undique
819 999 956 1064 clamore
965 999 1088 1063 sublato
1098 998 1224 1062 turbam
1236 996 1385 1072 invadite,

340 1096 350 1126 ‘
361 1110 398 1152 ac
419 1087 549 1151 sternite
567 1087 675 1151 omnia
695 1087 794 1150 ferro:
818 1099 852 1150 et
871 1099 989 1162 cavete,
1008 1086 1079 1172 quis
1102 1107 1176 1149 uam
1198 1083 1351 1170 supersit,
1371 1106 1387 1146 a

340 1173 474 1261 ‘quibus
489 1186 543 1238 aut
558 1174 614 1250 vis,
631 1187 686 1238 aut
699 1173 783 1236 fraus
803 1173 908 1237 timeri
922 1174 1027 1258 ponit.
1073 1109 1151 1248 ilos,
1169 1169 1275 1236 Ceres
1291 1185 1405 1236 matari

341 1269 395 1324 ‘ac
419 1259 617 1347 Proserpina,
645 1282 765 1346 precor,
788 1261 885 1324 ceteri
911 1259 1016 1346 superi
1043 1258 1225 1345 infamique
1252 1257 1313 1333 dii,
1337 1256 1387 1342 qui

340 1346 442 1411 ‘hanc
454 1347 575 1423 urbem,
587 1346 645 1446 hqs
656 1359 792 1411 sacratos
802 1346 888 1412 lacus
903 1345 1054 1432 lucosque
1066 1345 1177 1420 colitis,
1190 1358 1230 1407 ut
1241 1344 1289 1408 ita
1301 1343 1388 1407 nobis

340 1433 500 1498 ‘volentes
517 1434 647 1521 propitii
662 1433 779 1511 adsitis,
795 1434 822 1498 si
836 1432 993 1509 vitandae,
1008 1455 1073 1496 non
1090 1430 1254 1507 ferendae,
1271 1429 1388 1494 fraudis

340 1529 454 1584 ‘causa
464 1520 525 1584 hoc
536 1520 659 1584 consilii
671 1520 819 1620 capimus
858 1519 1007 1584 Pluribus
1017 1541 1082 1594 voa,
1093 1517 1220 1594 milites,
1233 1517 1386 1592 hortarer,

339 1606 475 1671 ‘sicum
490 1607 617 1671 armatis
636 1606 798 1672 dimicatio
812 1607 919 1671 futura
938 1619 1028 1670 esset.
1074 1605 1228 1681 Inermes,
1245 1604 1388 1668 incautos

339 1692 398 1756 ‘ad
407 1693 583 1757 satietatem
596 1694 802 1758 trucidabitis.
849 1693 893 1758 Et
903 1692 1039 1758 consulis
1048 1705 1148 1757 castra
1158 1692 1192 1755 in
1204 1691 1388 1778 propinquo

339 1787 442 1856 ‘sunt
461 1802 501 1844 ne
524 1780 603 1867 quid
625 1781 665 1846 ab
689 1779 871 1845 Himilcone
893 1793 926 1845 et
945 1778 1265 1866 Carthaginiensibus
1286 1777 1388 1842 timeri

340 1873 349 1905 ‘
432 1866 476 1930 it'

270 1999 279 2015 .
358 1888 436 2018 pilli
462 1954 522 2018 hac
547 1952 768 2018 adhortatione
791 1954 912 2017 dimissi
933 1975 1065 2040 corpora
1086 1965 1205 2017 curant.
1253 1951 1390 2018 Postero

336 2039 390 2104 die
404 2040 457 2104 alii
469 2039 537 2105 aliis
551 2039 637 2118 locis,
654 2040 694 2104 ad
709 2039 883 2105 obsidenda
893 2040 1006 2105 itinera
1016 2039 1278 2125 claudendosque
1291 2057 1411 2125 eppo-⁴

337 2127 389 2191 siti
408 2127 522 2204 exitus,
543 2150 615 2214 pars
634 2128 774 2191 maxima
795 2149 890 2214 super
912 2127 1069 2191 theatnnn
1091 2126 1249 2212 circaque,
1271 2127 1390 2191 assueti

337 2225 464 2278 etanta
486 2213 672 2301 spectaculis
692 2214 891 2290 concionum,
912 2214 1096 2278 consistunt.
1143 2212 1331 2278 Productus
1352 2213 1390 2276 ad

336 2300 491 2449 populum
511 2324 532 2365 a
550 2300 783 2388 magistratibus
801 2300 979 2388 praefectus
998 2299 1171 2376 Romanus
1187 2322 1293 2386 quum
1315 2323 1390 2365 con-

336 2409 374 2450 su
387 2408 412 2450 rs
427 2410 465 2450 ea
479 2386 519 2450 de
534 2410 569 2451 re
580 2388 630 2451 ius
644 2410 680 2451 ac
695 2400 881 2474 potestatem
898 2411 975 2463 esse,
990 2409 1056 2451 non
1071 2409 1169 2463 suam,
1185 2399 1218 2450 et
1232 2385 1390 2473 pleraque

335 2472 458 2550 eadem,
474 2495 556 2559 quae
570 2472 682 2560 pridie,
698 2473 829 2538 dixisset
837 2497 846 2551 ;
869 2475 972 2561 primo
986 2474 1112 2550 sensim,
1128 2495 1165 2536 ac
1179 2472 1300 2560 plures,
1317 2473 1391 2538 red-

336 2558 412 2624 dere
428 2559 541 2636 claves,
552 2559 629 2624 dein
640 2560 704 2624 iam
719 2583 783 2624 una
796 2583 873 2624 voce
889 2560 924 2624 id
939 2582 1048 2626 omnes
1063 2561 1218 2636 iuberent,
1231 2575 1391 2625 cunctan-

337 2644 426 2730 tique
449 2669 486 2709 ac
507 2645 667 2710 differenti
690 2646 837 2712 ferociter
862 2648 1092 2724 minitarentur,
1115 2669 1176 2710 nee
1198 2645 1392 2712 viderentur

339 2730 420 2796 ultra
433 2733 498 2795 vim
513 2731 656 2796 ultimam
672 2732 818 2810 dilaturi3
841 2747 909 2798 tum
924 2733 1101 2821 praefectus
1113 2745 1186 2820 toga
1199 2733 1343 2820 signum,
1355 2750 1391 2798 ut

337 2831 536 2895 convenerat,
552 2817 658 2883 dedit:
683 2819 863 2907 militesque
883 2821 999 2884 intenti
1014 2820 1137 2884 dudum
1151 2841 1188 2883 ac
1260 2821 1321 2897 ati,
1337 2821 1391 2885 alii

336 2927 472 3005 superne
487 2905 523 2968 in
537 2927 677 2969 aversam
699 2907 885 2970 concionem
901 2906 1037 2971 elamore
1057 2904 1180 2970 sublato
1222 2921 1410 2984 ecurrunt,÷

179 3005 323 3054 Caeduntur
338 2990 391 3056 alii
406 2991 447 3056 ad
467 2991 571 3056 exitus
591 2991 704 3056 theatri
722 2993 856 3058 conferti
871 2994 1036 3058 obsistunt
1083 2991 1271 3058 Caeduntur
1295 2993 1393 3058 Hen-

178 3070 451 3143 Hennenseanffises
474 3102 569 3144 eavea
594 3078 717 3156 inclusi,
740 3093 965 3144 coacervantur
988 3104 1039 3157 ue,
1062 3103 1127 3145 non
1149 3078 1247 3144 caede
1269 3081 1391 3159 solum,

336 3164 393 3229 sed
415 3166 511 3230 etiam
532 3167 625 3253 fuga3
651 3189 751 3266 quum
773 3166 826 3230 alii
848 3189 943 3253 super
964 3103 1096 3231 dliorum
1118 3167 1222 3253 capita
1243 3184 1390 3246 ruerent,

336 3264 431 3338 atque
447 3252 563 3339 integri
579 3253 702 3330 saucirs,
716 3251 780 3315 vivi
792 3254 924 3317 mortuis
934 3253 1120 3330 incidentes,
1136 3252 1389 3320 cumularentur.

336 3336 417 3402 inde
437 3339 553 3425 passim
576 3339 770 3415 discurritur,
786 3351 819 3404 et
838 3340 924 3404 urbis
944 3353 1054 3427 captae
1075 3339 1170 3404 modo
1189 3339 1335 3428 fiigaque
1357 3357 1391 3407 et

336 3424 448 3490 caedes
471 3426 579 3490 omnia
602 3437 707 3491 tenet:
735 3425 836 3490 nihilo
859 3425 1034 3492 remissiore
1058 3425 1195 3491 militum
1216 3427 1273 3504 ira,
1299 3429 1391 3516 quod

337 3512 460 3577 turbam
475 3511 630 3576 inennem
642 3512 826 3590 caedebant,
838 3535 934 3600 quam
949 3513 975 3578 si
989 3513 1165 3602 periculum
1176 3529 1282 3601 paret
1294 3516 1392 3580 ardor

369 3736 383 3784 3
405 3725 458 3784 Ver,
468 3723 541 3773 Ocrea
551 3731 628 3773 muter
637 3740 668 3773 ue
677 3725 842 3786 Proserpina]
877 3725 919 3774 Ita
927 3727 1053 3776 Drakenb.
1064 3741 1108 3789 pro
1118 3729 1182 3790 vulg.
1191 3728 1391 3794 clamorque

337 3785 440 3848 Quippe
461 3803 538 3849 prope
561 3788 677 3836 Hennam
699 3803 715 3836 a
737 3789 843 3837 Plutone
876 3791 1180 3854 oppidaniaaaeitru‚quod
1196 3807 1227 3840 ex
1244 3793 1389 3844 coniectura

335 3854 407 3910 rapta
416 3857 468 3898 eret
476 3851 629 3912 Proserpina,
637 3852 663 3899 in
674 3857 743 3913 prato
754 3869 844 3916 nempe
876 3853 966 3903 Vallae
977 3861 1128 3917 provenerat.

335 3913 352 3938 ‘⁴
362 3911 423 3960 lucis
441 3915 612 3976 lacubinque”
631 3915 789 3965 circumdato.
811 3919 843 3966 cs.
908 3928 922 3980 5
939 3921 973 3967 In
987 3935 1098 3969 amram
1113 3921 1265 3982 ωησίοπω]
1285 3921 1354 3972 Hm.
1364 3933 1387 3972 et

337 3975 412 4024 Diod.
427 3975 475 4051 Sic
489 3993 511 4051 p
530 3993 551 4041 3.
585 3977 700 4052 Ceterum
717 3980 774 4028 urbs
790 3979 844 4042 ipsc
875 3983 931 4030 cdd.
945 3985 973 4030 in
989 3985 1122 4034 adversm
1155 3985 1268 4034 Correxit
1285 4001 1320 4035 ex
1340 3988 1385 4036 eri

336 4055 395 4102 prae
416 4041 516 4103 reliquia
534 4043 617 4092 Cereri
639 4047 664 4090 et
683 4041 844 4105 Proserpinae
875 4047 944 4095 denti
952 4047 1045 4095 ratione
1052 4049 1197 4098 Gronovius.
1216 4049 1322 4099 Scilicet
1331 4067 1387 4100 con-

335 4120 404 4154 mcra
419 4111 478 4156 erat.
501 4105 531 4154 cf.
547 4105 600 4156 Cic.
616 4105 642 4154 in
660 4106 731 4156 verr.
750 4107 784 4158 ir.
803 4111 843 4170 48.
875 4111 912 4158 cio
929 4112 1014 4173 procul
1031 4113 1106 4161 dubio
1123 4118 1174 4162 erat
1189 4128 1205 4161 a
1221 4113 1346 4164 militibus
1360 4115 1385 4164 in

337 4184 358 4218 v.
372 4179 408 4232 72.
426 4170 534 4219 Sraoru.
874 4175 1060 4224 concionantem
1076 4177 1227 4240 praefectum
1239 4177 1385 4230 Romam

372 4249 386 4292 4
406 4234 603 4296 cenandum
623 4235 726 4297 oppositi
747 4237 840 4297 caitus]
874 4253 966 4288 aversa
980 4241 1062 4290 Cast.
