2966 4778
375 247 472 314 LIB.
496 247 611 314 XXII.
647 249 756 315 CAP.
782 254 833 316 60.
1071 256 1131 318 119

82 377 204 446 ‘lucem
215 385 379 469 pervenire
389 385 423 448 in
433 385 588 462 tutuloca,
598 386 633 449 in
642 387 897 452 sociommurbes
907 409 1006 474 posse.
1041 387 1215 452 Sicutuc.
1232 399 1286 462 536.

61 475 231 534 1‘cvorum
249 471 400 534 memoris
414 471 451 537 P.
465 471 587 536 Decius
604 472 750 538 tribunus
767 472 906 538 militum
925 474 959 537 in
977 472 1106 540 Samnio
1118 499 1126 550 ;
1138 464 1168 513 A.
1185 464 1214 512 ⁰·
1232 462 1286 512 ²¹⁶·

81 552 189 630 ‘sicut
206 556 299 620 nobis
312 556 574 635 adolescentibus,
579 558 687 657 priore
697 559 822 624 Punico
832 558 917 625 bello
935 556 1128 646 Calpurnius

80 638 242 705 ‘Flamma
257 643 405 707 trecentis
419 643 613 722 voluntariis,
629 667 729 731 quum
744 643 786 709 ad
801 644 959 709 tumulum
974 668 1028 710 eos
1043 645 1129 733 capi-

80 724 231 804 ‘endum,
247 727 343 792 situm
358 729 441 794 inter
455 729 577 795 medios
596 730 711 808 hostes,
727 730 868 808 duceret,
881 730 1000 796 dixit:’
1026 730 1129 796 Mori·

78 832 175 889 amur,
192 813 320 892 milites,
336 827 369 878 et
388 828 489 881 morte
504 827 612 882 nostra
633 817 678 880 eri
701 817 802 880 iamus
824 840 866 881 ex
880 817 1045 883 obsidione
1067 819 1129 884 cir·

77 912 262 964 cumventns
284 899 444 988 legiones:
470 902 516 965 ‘si
538 901 600 966 hoc
621 901 658 967 P.
674 840 880 989 dempronius
901 903 1039 980 diceret3
1067 926 1127 970 nec

78 985 180 1048 ‘viros
202 986 345 1072 quidem,
362 1011 421 1052 nec
444 988 607 1053 Romanos
621 1011 677 1052 vos
698 989 839 1066 duceret,
855 990 881 1053 si
903 1012 998 1054 nemo
1021 1001 1127 1056 tantae

78 1071 224 1136 ‘virtutis
246 1073 417 1138 exstitisset
433 1097 548 1139 comes.
594 1073 690 1138 Viam
711 1096 777 1139 non
800 1073 841 1139 ad
861 1073 994 1162 gloriam
1016 1077 1126 1162 magis,

77 1157 565 1242 ‘quemadsulutemfercntem
573 1159 786 1237 demonstran
807 1160 940 1226 reduces
949 1163 983 1226 in
990 1162 1126 1249 patriam

76 1242 135 1305 ‘ad
153 1257 313 1330 parentes,
329 1246 370 1310 nd
388 1247 538 1334 coniuges
558 1269 595 1310 ac
617 1245 732 1311 liberos
746 1246 829 1312 facit.
877 1247 925 1312 Ut
946 1248 1125 1327 servemini,

76 1327 185 1394 ‘deest
200 1331 292 1396 vobis
305 1333 452 1397 animus?
474 1333 563 1420 quid,
579 1333 603 1396 si
625 1333 827 1398 moriendum
841 1355 899 1422 pro
913 1335 1016 1422 patria
1032 1347 1124 1412 esset,

76 1413 264 1481 ‘faceretist
289 1416 533 1506 Quinquaginta
551 1418 651 1482 millia
665 1419 783 1484 civium
804 1420 1024 1508 sociorumque
1042 1422 1127 1486 circa

75 1507 150 1565 ‘vos
164 1525 206 1566 co
226 1503 295 1590 ipso
309 1503 362 1568 die
377 1527 468 1569 caesa
482 1505 595 1570 iacent.
644 1503 679 1569 Si
693 1518 741 1571 tot
759 1506 907 1593 exempla
921 1506 1045 1572 virtutis
1059 1529 1125 1572 non

76 1594 237 1666 ‘movent
250 1589 330 1652 nihil
344 1613 487 1678 uuquam
498 1591 653 1658 movebit:
678 1592 703 1656 si
715 1605 801 1656 tants
809 1591 914 1658 clades
922 1593 1018 1658 vilem
1027 1592 1125 1658 vitam

75 1680 160 1737 ‘non
175 1675 264 1752 fecit,
275 1675 363 1740 nulla
374 1677 478 1742 faciet.
525 1677 633 1742 Liberi
645 1689 741 1766 etque
756 1678 931 1744 incolumes
947 1679 1124 1745 desidemte

76 1760 249 1845 ‘patrismr
273 1760 337 1826 imo
360 1762 546 1842 desiderate,
562 1763 639 1828 dum
703 1765 764 1830 tn'a
782 1777 839 1843 est,
855 1766 933 1830 dum
953 1767 1037 1832 cives
1056 1767 1125 1832 eius

53 1847 177 1911 ²‘estis
228 1846 305 1914 Sero
327 1871 414 1913 nunc
434 1849 631 1928 desideretis,
669 1851 804 1916 eminuti
826 1852 939 2002 capite,
956 1852 1125 1918 abalienati

75 1931 163 1997 ‘iure
179 1933 309 2011 civium,
321 1935 403 2000 servi
416 1935 730 2023 Carthaginiensium
741 1936 824 2002 fecti
899 1939 979 2003 retio
990 1938 1124 2002 reditun'

75 2019 169 2082 ‘estis
184 2043 235 2096 eo,
246 2019 331 2084 unde
344 2021 470 2108 ignavia
480 2045 516 2086 ec
531 2023 676 2109 nequitia
686 2023 816 2088 abistis?
837 2023 875 2087 P.
890 2021 1123 2110 Sempronium,

75 2105 199 2170 ‘civem
223 2119 372 2184 vestrum,
399 2131 465 2174 non
494 2109 634 2185 audistis,
661 2131 748 2173 arma
773 2131 810 2173 ca
851 2131 885 2172 re
911 2131 948 2172 ac
973 2110 1063 2196 sequi
1090 2133 1123 2178 se
1151 2146 1156 2152 ·

75 2197 85 2226 ‘
94 2190 277 2257 iubentem:
303 2193 518 2259 Hannibalem
536 2207 608 2282 post
624 2193 731 2281 pcullo
753 2217 795 2260 au
817 2195 895 2271 istis,
913 2206 1013 2258 cestra
1032 2195 1124 2281 prodi

75 2283 127 2340 ‘et
141 2300 232 2343 arma
246 2279 328 2343 trudi
342 2279 514 2345 iubentem.
562 2279 670 2355 Quam
678 2303 738 2430 epo

787 2280 910 2344 naviam
924 2280 1056 2344 istorum
1071 2304 1123 2345 ac-

75 2369 181 2441 ‘cuso,
191 2387 293 2451 quum
307 2365 409 2432 scelus
423 2366 540 2452 pomm
550 2387 695 2430 accusare
777 2388 819 2431 on
828 2365 913 2430 enim
926 2365 1021 2431 modo
1032 2368 1122 2454 sequi

75 2455 281 2515 ‘recusarunt
309 2451 391 2516 bene
426 2464 619 2529 monentem,
650 2451 707 2516 sed
735 2452 885 2516 obsistere
914 2475 951 2518 ac
985 2453 1122 2518 retinere

75 2541 85 2572 ‘
94 2537 202 2602 conati
223 2551 307 2616 sunt,
322 2538 356 2602 ni
377 2538 491 2602 strictis
512 2537 625 2624 gladiis
641 2538 701 2601 riri
720 2537 879 2603 fortissimi
898 2539 1016 2603 inertes
1037 2562 1123 2604 sum-

74 2623 276 2688 ‘movissent
322 2623 425 2703 Prius,
442 2624 582 2711 inquam,
598 2623 636 2688 P.
651 2623 840 2711 Sempronio
857 2646 915 2712 per
936 2626 1054 2690 civium
1068 2649 1123 2714 ag·

75 2715 179 2787 ‘mcn‚
204 2733 301 2797 quam
326 2733 384 2797 per
405 2709 553 2787 hostium,
575 2709 638 2774 fuit
658 2710 898 2798 erumpendum.
945 2712 1016 2778 Hos
1039 2713 1123 2778 cives

74 2796 199 2880 ‘patria
234 2796 416 2862 desideret?
457 2818 593 2883 quorum
629 2797 656 2861 si
692 2797 790 2862 ceteri
826 2796 943 2862 similes
978 2799 1121 2877 fuissent,

74 2882 258 2947 ‘neminem
273 2881 369 2948 hodie
384 2905 426 2948 ex
440 2883 488 2960 iis,
505 2883 561 2970 qui
576 2881 618 2947 ed
634 2882 762 2948 Cannas
776 2897 1008 2971 pugnaverunt,
1020 2885 1122 2949 civem

74 2965 235 3034 ‘haberet
282 2967 334 3033 Ex
349 2968 489 3034 millibus
497 2981 618 3056 septem
633 2985 825 3034 armatorum
836 2970 978 3034 sexcenti
993 2970 1122 3035 exstite-

74 3059 180 3131 ‘runt
196 3055 253 3142 qui
274 3077 440 3142 erumpere
459 3055 623 3133 auderent,
638 3056 694 3142 qui
709 3055 744 3118 in
764 3055 897 3156 petriam
919 3055 1009 3120 liberi
1025 3069 1121 3143 atque

75 3141 208 3205 ‘armati
235 3141 393 3206 redirent:
425 3164 531 3228 neque
553 3141 592 3205 iis
621 3140 830 3228 quadraginta
854 3140 955 3205 millia
982 3140 1121 3206 hostium

74 3226 254 3292 ‘obstitere
280 3228 387 3302 Quam
396 3239 501 3292 tutum
510 3227 712 3296 iterduarum
722 3250 821 3314 prope
830 3226 993 3312 legionum
1002 3228 1122 3313 agmini

75 3312 237 3377 ‘futurum
261 3313 396 3378 censetis
422 3313 539 3378 fuisse?
566 3311 736 3378 Haberetis
761 3311 857 3377 hodie
879 3313 994 3400 viginti
1023 3312 1122 3378 millia

75 3405 284 3464 ‘armatorum
322 3399 465 3476 Canusii,
500 3399 601 3475 fortia,
639 3397 755 3474 fidelia,
794 3396 905 3462 Patres
941 3399 1119 3487 conscripti.
1145 3479 1148 3484 Ι

75 3483 129 3547 ‘N
132 3507 195 3548 unc
209 3499 315 3551 sutem
325 3483 595 3573 quemadmodum
610 3482 644 3551 hi
655 3483 732 3548 boni
740 3483 835 3548 fidele
874 3506 914 3548 ue
927 3483 1016 3570 (nam
1025 3485 1121 3550 fortes

75 3575 86 3605 ‘
95 3593 136 3634 ne
152 3571 211 3658 ipsi
227 3571 357 3659 quidem
372 3569 527 3658 dixerint)
538 3570 622 3635 cives
637 3592 704 3634 esse
719 3582 851 3657 possunt
894 3571 955 3634 nisi
967 3571 1038 3656 quis
1053 3593 1120 3636 cre-

53 3656 171 3722 ³‘dere
185 3670 291 3744 potest
305 3657 409 3735 fuisse,
426 3672 462 3722 ut
478 3655 726 3745 enimpentibns,
742 3656 821 3743 quin
836 3671 1048 3744 erumperent,
1064 3658 1120 3722 ob-

109 3937 117 3970 1
137 3923 270 3971 RDecisu
284 3923 398 3970 tribunus
411 3922 529 3980 militum]
547 3921 579 3970 et.
612 3935 642 3969 ee
659 3922 690 3970 de
707 3935 756 3983 qua
773 3919 814 3968 lu'c
830 3919 917 3983 egitur,
934 3937 997 3984 quse
1012 3927 1120 3976 metm

74 3985 145 4047 Supr.
157 3984 197 4035 vii.
209 3999 247 4047 34.
263 3985 303 4034 De
318 3987 455 4048 Culpumic
468 3987 580 4033 Flamma
612 3984 709 4044 dicitur,
720 3989 765 4044 est,
776 3999 852 4046 quum
867 3985 955 4047 uliquis
965 3986 1038 4036 simul
1049 3994 1074 4036 et
1087 3989 1119 4038 ci-

75 4049 104 4098 el.
122 4049 174 4101 niv.
195 4049 265 4112 Epit.
286 4049 345 4098 xvii.
366 4052 396 4098 A.
414 4049 480 4098 Geli.
500 4048 533 4098 iii.
558 4063 579 4110 7.
614 4048 713 4097 vitatem
728 4047 906 4098 et‘libertatem
919 4051 1018 4100 amittit
1037 4053 1118 4102 Cnnv.

75 4111 161 4163 Zonar.
173 4112 221 4162 viii.
237 4127 274 4173 rr,
288 4127 324 4176 ¹3·
613 4112 713 4162 ctGaii
730 4112 848 4171 Inst.i.§
868 4126 920 4177 159.
955 4115 1041 4163 lustin.
1056 4117 1117 4165 Inst

107 4192 119 4224 r
137 4179 265 4228 Dcminutr'
286 4177 380 4240 capite]
406 4176 446 4225 Sic
466 4176 577 4237 Regulus
613 4177 654 4235 ig
669 4174 705 4226 16.
718 4176 805 4226 Festus
816 4193 838 4225 v.
849 4179 997 4227 Dominum
1007 4181 1093 4240 capite.

74 4242 140 4302 apud
156 4242 219 4289 Hor.
235 4240 283 4291 Od.
298 4240 332 4289 iii.
351 4253 372 4302 5.
388 4239 478 4288 dicitur
491 4240 580 4302 capitis
621 4247 624 4252 '
645 4254 659 4301 3
679 4242 713 4292 Ui
726 4237 920 4304 erumpentibus]
945 4241 1118 4302 Scilicettum,

75 4306 157 4353 minor.
191 4304 288 4367 cupitis
300 4302 436 4352 deminutio
447 4307 483 4350 est
495 4303 580 4365 prioris
613 4319 689 4366 quum
701 4302 781 4354 conuti
792 4309 856 4353 sunt.
874 4305 957 4356 Dotis.

75 4372 148 4417 stetin
159 4368 270 4418 mutatio.
295 4368 367 4417 Haec
377 4367 467 4429 tn'plex
478 4373 521 4417 ost.
546 4368 580 4416 At
