2878 4772
351 218 416 281 432
741 209 856 278 ΤΙΤῙ
885 209 1022 278 LIVII

267 348 987 504 .e::rotenensis
1250 349 1396 502 nef

354 526 433 591 ‘tis:
457 525 519 590 hoe
538 537 586 589 est
606 536 799 611 portentum,
816 523 905 610 quod
923 485 1020 589 nullis
1038 461 1171 602 tollitis,
1190 524 1289 590 nullis
1300 461 1387 611 subiri

354 611 562 688 ‘sationibus
577 611 646 676 sine
666 609 820 696 sanguine
841 631 961 688 eorum,
977 611 1034 697 qui
1050 623 1189 676 tentum
1210 611 1328 676 fscinos
1343 611 1386 672 ιιεΙ

244 703 296 766 28.
355 707 365 740 ‘
375 712 460 775 sunt,
476 697 597 785 expiari
611 697 718 784 possit.
754 696 865 783 Atque
880 719 950 784 ego,
966 719 1160 785 quanquam
1178 697 1305 762 nullum
1318 695 1386 762 scelus

355 786 531 850 ‘rationem
546 784 652 861 hebet,
669 795 786 860 tumen,
802 783 887 848 utin
902 805 936 847 re
955 783 1087 861 nefaria,
1104 807 1200 872 quae
1220 807 1315 860 mens,
1328 781 1385 868 qued

355 871 544 937 ‘consilium
558 883 697 935 vestrum
712 868 819 946 fuerit,
831 869 910 934 scire
925 869 1030 934 velim.
1063 870 1247 958 Rhegium
1261 869 1386 958 quondm

355 967 365 998 ‘
375 958 411 1022 in
425 957 617 1045 praesidium
634 956 728 1020 misse
744 955 838 1042 legio,
855 955 1028 1022 interfectis
1035 979 1109 1106 dper
1132 956 1252 1022 scelus
1272 955 1396 1044 princip:

355 1045 437 1110 ‘bus
457 1044 601 1120 civitatis,
618 1043 730 1106 urbem
750 1042 935 1129 opulentam
957 1064 1014 1129 per
1058 1065 1158 1107 ecem
1184 1066 1289 1108 annos
1306 1041 1384 1106 tenni

355 1131 512 1218 ‘Propter
526 1130 615 1217 quod
628 1129 747 1193 facinus
761 1141 826 1194 tota
839 1128 933 1215 legio,
946 1127 1045 1193 millis
1059 1128 1246 1194 hominum
1261 1143 1396 1217 questore

354 1227 366 1258 ‘
375 1219 410 1281 in
424 1217 493 1282 foro
508 1216 631 1282 Romae
646 1215 746 1280 securi
763 1215 903 1302 percussi
917 1229 1000 1279 sunt.
1034 1214 1101 1280 Sed
1115 1215 1172 1280 illi
1190 1217 1385 1304 primumnou

355 1305 506 1368 ‘Atrium
529 1302 689 1367 Umbrum
712 1300 899 1378 semilixom,
917 1301 1055 1366 nominis
1077 1302 1189 1366 etiam
1213 1299 1384 1368 shominmdi

355 1391 501 1467 ‘ducem
517 1389 573 1454 sed
595 1389 735 1453 Decium
757 1386 928 1452 Iubellium
952 1387 1118 1452 tribunum
1144 1389 1295 1454 militurn
1315 1386 1396 1452 secum

354 1486 466 1542 ‘suntr
491 1499 551 1540 nec
566 1497 640 1540 cnm
654 1474 683 1539 P
736 1473 789 1551 ho,
805 1497 865 1539 nec
882 1496 956 1538 cum
973 1473 1180 1540 Samnitibus
1197 1489 1258 1541 eut
1272 1474 1384 1540 Luem

354 1563 518 1627 ‘hostibus
547 1561 657 1649 populi
722 1561 838 1638 omani,
870 1584 903 1624 se
935 1560 1195 1627 coniunxerunt.
1251 1562 1314 1626 Vos
1337 1581 1384 1623 cm

354 1647 555 1713 ‘Mandonio
584 1661 617 1712 et
642 1646 773 1712 Indibili
803 1646 934 1712 consilis
962 1648 1246 1726 communicastis,
1272 1663 1303 1713 et
1327 1667 1384 1712 nm

353 1734 585 1800 ‘consociaturi
604 1733 716 1798 fluistis.
762 1733 824 1812 Illi,
843 1733 926 1797 sicut
941 1731 1099 1821 Campani
1118 1733 1289 1823 Capuam,
1304 1732 1393 1798 Tmen

354 1821 534 1887 ‘veteribus
548 1820 722 1886 cultoribus
737 1819 929 1906 ademptam,
941 1818 1130 1884 Mamertini
1144 1821 1188 1886 in
1207 1821 1316 1888 Sicilie
1325 1818 1393 1883 ite:

354 1918 493 1986 ‘sanem
519 1907 564 1972 sic
591 1907 754 1994 Rhegium
780 1906 919 1972 habituri
943 1920 1133 1994 perpetrmm
1163 1908 1283 1974 sedem
1306 1919 1381 1972 erent:

354 2005 435 2061 ‘nec
449 1994 604 2082 populum
620 1993 812 2070 Romanum,
828 2016 889 2058 nec
911 1993 1011 2058 socios
1032 1993 1144 2094 populi
1165 1995 1311 2060 Romani
1326 1993 1381 2056 ultre

354 2081 548 2148 ‘lacessituri
560 2080 653 2145 bello.
679 2079 897 2145 Sucronemne
906 2102 961 2144 vos
970 2079 1174 2145 domicilium
1191 2081 1328 2146 habituri
1338 2100 1382 2142 err

354 2169 439 2234 ‘tisl
460 2169 516 2233 ubi
531 2168 558 2232 si
572 2189 628 2232 vos
647 2166 806 2231 decedens
824 2165 968 2230 confecta
986 2166 1151 2253 provincis
1173 2168 1380 2256 imperatorie

353 2254 563 2342 ‘linquerem,
573 2253 670 2318 deum
685 2252 916 2352 hominumque
930 2252 1028 2316 fidem
1043 2252 1225 2340 implorare
1240 2250 1378 2319 debebitis.

353 2341 463 2429 ‘quod
484 2364 550 2404 non
572 2339 716 2404 rediretis
738 2338 779 2402 sd
801 2361 952 2425 comuges
967 2339 1148 2426 liberosque
1164 2353 1301 2406 vestros
1339 2333 1379 2400 Sed

353 2428 489 2493 ‘horum
503 2449 631 2514 quoque
647 2425 841 2503 memoriam,
857 2424 939 2490 siout
953 2425 1074 2512 patriae
1092 2426 1246 2514 meique,
1261 2422 1378 2492 eiecerit's

384 2629 401 2680 6
411 2633 712 2691 Fulmtnotoetdeeeelo]
725 2629 860 2692 Intempls
892 2627 1034 2690 eidererint,
1053 2633 1117 2679 teste
1137 2629 1246 2680 Ζοιιιιιι
1264 2629 1311 2679 rifi.
1326 2624 1377 2675 tt

351 2699 378 2744 et
388 2695 467 2744 sedes.
496 2695 565 2744 Hine
575 2695 648 2744 toties
658 2695 683 2744 in
696 2694 859 2758 prodigiorum
892 2694 988 2743 Mirus.

352 2759 535 2809 enumeratione
553 2759 646 2808 mentio
665 2759 694 2806 fit
712 2759 811 2808 sedium
828 2757 860 2806 de
924 2772 939 2821 9
958 2760 1094 2806 Triduum
1104 2760 1233 2820 militum]
1247 2755 1377 2815 Quemne

352 2825 422 2873 coelo
433 2828 561 2872 tectorum.
578 2824 659 2873 Cuuv.
892 2837 984 2884 penum
998 2822 1073 2870 luisse
1089 2823 1174 2871 scribit
1195 2820 1328 2884 Diouydm
1338 2817 1377 2866 ur.

386 2887 859 2950 71nterseetispersoelmpn'wipidm
892 2885 951 2934 vat
960 2885 1002 2935 xii.
1012 2883 1051 2935 60.
1075 2885 1171 2934 Verum
1186 2887 1256 2950 legio
1267 2883 1377 2934 smus

351 2953 470 3012 civitatis]
509 2951 627 3000 Fluxerat
658 2950 724 3000 enim
757 2949 859 3008 Decius,
891 2965 965 3012 pene,
976 2965 1039 3012 quse
1050 2965 1065 2996 s
1076 2949 1204 3000 Romanis
1215 2944 1376 3002 ddsoentsst

351 3017 490 3078 praefectus
504 3013 617 3077 praesidii
635 3014 731 3076 Rhegio
746 3029 762 3062 s
775 3013 858 3062 Febri-
890 3014 971 3061 menis
981 3012 1116 3076 legionibus
1127 3020 1297 3064 annumerati
1306 3013 1375 3063 nt*

352 3079 390 3128 oio
401 3079 538 3142 impositus,
547 3079 629 3127 literas
640 3079 685 3126 sihi
696 3079 790 3126 deletes
798 3091 858 3136 esse,
889 3084 975 3126 oetaeo
985 3079 1055 3140 lepis,
1063 3083 1138 3139 utque
1149 3077 1248 3127 idcireo
1258 3076 1375 3126 Decimett

351 3143 480 3206 inquibus
496 3141 604 3206 Rhegini
622 3143 717 3204 Pyrrho
734 3146 817 3203 portes
832 3155 858 3188 se
890 3141 1028 3203 praefectus
1046 3141 1179 3200 sociorum,
1198 3143 1296 3204 quippe
1314 3135 1376 3202 stiffi

352 3209 517 3270 pstefeoturos
539 3207 695 3268 sponderent,
716 3211 791 3266 etque
811 3204 859 3252 heo
890 3204 927 3254 sui
944 3221 994 3253 non
1011 3205 1076 3254 inter
1091 3207 1191 3254 auxilie
1210 3212 1292 3264 erunt,
1304 3201 1338 3251 sul
1351 3207 1375 3244 u·

352 3287 412 3320 suso
431 3276 530 3334 captato
549 3269 718 3332 Rheginorum
737 3267 860 3331 principes
891 3269 971 3317 bunos
982 3268 1088 3317 militum
1100 3270 1258 3331 appellauit.
1269 3263 1376 3318 ctOrtt't!

352 3333 515 3384 interemerat.
536 3335 568 3383 cf.
579 3333 656 3383 Dion.
667 3333 730 3383 Exc.
743 3333 801 3382 Vet.
816 3331 858 3381 xii.
890 3331 923 3381 ir.
936 3347 958 3395 3.
976 3333 1079 3381 Niebhr.
1091 3332 1116 3382 ii
1128 3348 1154 3382 ιι.
1169 3347 1229 3382 ris.

352 3396 392 3449 60.
926 3398 1025 3446 1sem
1047 3397 1169 3458 osum
1192 3396 1318 3462 am]
1338 3387 1374 3437 Vt

384 3463 400 3513 8
412 3463 500 3512 Miltia
508 3462 631 3511 Moenum
638 3463 766 3526 quauuor]
780 3460 860 3517 Quat-
891 3465 1010 3519 nostrum,
1020 3475 1086 3524 supr.
1097 3460 1129 3508 ir.
1141 3471 1181 3520 37.

351 3531 409 3575 tuor
418 3526 497 3575 millis
505 3532 530 3575 et
538 3525 682 3588 quingentos
692 3525 766 3574 firisse
777 3523 860 3574 scribit
925 3539 940 3572 s
955 3526 1103 3574 Mamertini
1113 3526 1141 3572 in
1148 3525 1243 3575 &cilis
1250 3515 1374 3574 ΜΜΙ]

353 3590 489 3654 Dionysius
500 3591 526 3638 in
539 3590 602 3640 Ere.
614 3590 673 3639 Vnt.
684 3589 727 3638 xii.
738 3585 777 3650 67.
811 3588 859 3637 Sed
892 3587 1035 3637 Mamertini
1047 3587 1215 3650 ecempsnis
1225 3586 1376 3652 onustius}

353 3654 453 3718 Polybii
477 3654 561 3730 opinio
584 3652 735 3702 verisimilior
756 3652 860 3711 videtur,
891 3653 923 3700 sb
935 3652 1070 3728 Aqethoele
1083 3653 1297 3714 Synemnomm
1309 3658 1374 3710 w

353 3718 395 3779 qui
408 3719 510 3780 legionis
520 3719 664 3780 Campanae
675 3723 770 3778 partem
783 3716 860 3764 mexi-
892 3715 1013 3764 similium
1024 3715 1125 3765 eruesti.
1160 3715 1183 3764 Ii
1195 3731 1278 3778 quum
1288 3732 1302 3764 s
1312 3713 1375 3762 ile*

352 3795 420 3893 ἕω
437 3783 462 3856 iq
477 3781 531 3844 ipsu
545 3779 831 3904 Rhegqureaxtpiesqnetione
845 3794 861 3827 s
892 3777 1167 3893 nenqibusuplrodfflcis
1180 3778 1376 3902 pxggaimffi

395 3859 618 3894 memsoeesmnn
745 3858 987 3894 r..sm·e1uus
1044 3859 1066 3892 er
1146 3859 1180 3892 su

372 3906 420 3955 lius
433 3913 517 3956 sutem
530 3914 652 3958 trecentos
668 3908 759 3957 milites
776 3855 861 3970 duptos
893 3913 1084 3970 eeeupererunt,
1093 3913 1169 3970 etque
1180 3907 1238 3957 eius
1252 3915 1330 3971 pom
1341 3913 1375 3964 P*

381 3983 510 4032 omsmque
526 3971 611 4021 mimos
627 3979 702 4035 atque
715 3972 806 4020 ibidem
819 3987 861 4020 ne-
892 3971 1024 4021 sessionem
1035 3985 1131 4034 snper
1140 3976 1292 4021 tenuerunt:
1307 3975 1376 4018 scut

353 4037 428 4084 estes
461 4033 526 4083 Sene
543 4041 569 4082 et
587 4051 617 4084 eo
636 4051 715 4098 peene
733 4035 861 4095 deeennio,
892 4035 930 4083 bis
950 4035 1050 4084 nomine
1074 4039 1180 4094 mutato,
1200 4051 1269 4097 quus
1290 4035 1374 4084 lemn

353 4098 420 4159 quod
434 4097 466 4145 eb
480 4103 601 4158 occupato
615 4115 660 4171 per
673 4099 753 4148 scelus
764 4099 861 4162 Rhegio
894 4099 975 4148 roenri
984 4115 1034 4148 nou
1045 4097 1125 4158 desiit,
1132 4113 1206 4146 suum
1219 4105 1247 4149 et
1258 4099 1303 4162 ιμ’
1312 4103 1374 4145 Μ

353 4160 503 4209 sdsontium
514 4161 664 4223 supplicium
676 4163 861 4222 effluxitmulti
892 4171 1057 4222 serraverunt,
1080 4177 1132 4212 sem
1194 4179 1229 4212 ue
1253 4162 1311 4212 dieti
1330 4159 1375 4206 iffi

353 4223 652 4286 exillelegioueperiisse
665 4225 861 4300 ridentur,prse-
893 4225 1043 4277 Mamertini.
1084 4227 1115 4277 cs.
1157 4227 1228 4289 olyh.
1252 4227 1270 4278 i.
1292 4240 1310 4275 ι.
1330 4223 1373 4270 Gli

354 4287 437 4334 sertim
453 4301 530 4347 quum
548 4292 573 4335 et
590 4287 724 4336 Crotonem
741 4304 771 4337 eo
787 4295 861 4338 mter-
894 4304 965 4342 rius.

354 4347 420 4395 vello
437 4348 554 4411 ceperint,
567 4349 650 4412 ibique
666 4351 794 4401 Romanos
811 4359 860 4402 tru-
