2888 4768
305 229 311 238 '
372 214 468 280 LIB.
492 210 621 280 XXIV.
654 213 766 281 CAP.
793 219 842 281 16.
1067 219 1126 280 191

47 373 181 442 squum
192 352 331 527 qmpigre
347 349 509 416 Numidae
523 351 740 430 occurrissent,
756 373 816 416 nec
833 348 960 438 segnior
973 348 1129 435 equitum,
1140 361 1175 412 U.
1186 362 1216 412 c.
1233 363 1288 424 538·

76 461 178 527 quam
257 440 348 515 itum,
384 461 469 526 ugna
482 451 574 515 esset,
586 439 702 502 iterum
716 438 751 501 in
762 437 897 503 dubium
912 435 1051 501 adducta
1064 428 1171 514 res3A·
1188 428 1218 476 ⁰·
1233 442 1289 486 ²¹4·

75 549 183 614 quum
204 526 365 613 utrimque
385 525 492 602 duces,
515 524 680 590 Romanus
700 524 862 589 Bruttium
886 523 1129 624 Lucanumque,

75 614 177 678 toties
191 613 391 678 amarioribus
405 612 470 676 suis
477 612 576 676 victos
584 613 811 698 subactosque3
835 610 964 676 Poenus
973 610 1131 697 mancipis

46 699 229 766 6Romana
237 715 271 764 et
279 721 320 764 cx
331 698 489 786 ergastulo
499 697 633 763 militem
644 699 747 762 verbis
756 699 921 762 obtereret
964 696 1130 764 Postremo

75 788 267 876 pronuntiat
290 785 464 862 Gracchus,
481 793 565 850 ‘esse
586 785 676 862 nihil,
692 785 780 872 quod
799 785 840 849 de
857 784 1001 850 libertate
1023 805 1129 870 spera-

77 885 185 951 ‘rent
201 873 261 936 nisi
276 896 315 937 eo
329 872 382 937 die
396 873 457 936 fusi
471 871 635 960 fugatique
650 870 756 936 hostes
770 872 894 936 essent'
938 870 1127 935 Eudemum
1188 879 1236 938 16.

49 983 145 1035 rvox
162 961 207 1025 ita
220 960 342 1024 animos
361 958 516 1036 accendit,
533 971 565 1022 at
588 982 628 1023 ue
643 971 793 1023 renovato
810 957 957 1034 clamore,
973 957 1061 1021 velut
1075 957 1128 1022 alii
1138 962 1246 1038 Itomani

75 1062 213 1135 repente
228 1047 311 1124 facti,
328 1045 460 1111 tentavi
480 1067 514 1110 se
529 983 705 1110 inhostem
728 1043 914 1121 intulerunt,
930 1057 968 1109 ut
981 1044 1129 1109 sustineri
1140 1032 1247 1076 oncant.

75 1135 166 1199 ultra
184 1156 250 1198 non
266 1146 404 1221 possent
449 1132 559 1196 Primo
579 1131 776 1219 antesignani
798 1130 990 1209 Poenorum,
1011 1131 1129 1198 deinde

75 1221 171 1308 signs
191 1221 383 1308 perturbata,
398 1235 557 1308 postremo
579 1231 646 1283 tota
667 1217 802 1306 impulsa
816 1219 898 1282 acies
909 1243 918 1294 ;
946 1218 1022 1282 inde
1042 1216 1130 1282 haud

75 1307 178 1373 dubie
194 1322 282 1394 terga
301 1307 384 1384 data,
399 1319 561 1392 ruuntque
576 1305 734 1405 firgientcs
749 1305 783 1369 in
797 1319 907 1383 castra,
924 1304 1004 1370 adeo
1021 1305 1130 1392 pavidi

75 1394 271 1482 trepidique,
288 1406 325 1458 ut
338 1415 379 1458 ne
398 1394 433 1458 in
454 1393 552 1480 portis
567 1392 698 1480 qu1dem
721 1406 776 1457 aut
790 1390 873 1457 vello
895 1393 1064 1494 quisquam
1079 1415 1130 1457 rc-

75 1481 205 1558 stiterit,
215 1503 251 1544 ac
262 1502 360 1568 prope
372 1480 549 1544 continenti
565 1479 691 1566 agmine
703 1478 843 1543 Romani
854 1479 998 1557 insecuti,
1010 1501 1130 1544 novum

74 1567 121 1632 de
145 1568 268 1654 integro
290 1566 446 1667 proelium
467 1565 580 1630 inclusi
603 1565 742 1630 hostium
761 1565 845 1630 vallo
865 1565 1033 1630 ediderint.
1079 1565 1130 1631 Ibi

75 1655 163 1720 sicut
176 1677 284 1742 pugna
298 1653 480 1740 tmpeditior
494 1653 528 1716 in
543 1652 704 1740 angustiis,
717 1653 763 1716 ita
776 1653 890 1718 caedes
904 1654 1039 1718 enocior
1052 1652 1127 1717 fuit:

75 1753 114 1806 et
128 1739 276 1804 adiuvere
288 1740 413 1827 captivi,
452 1740 496 1817 ui,
506 1751 596 1826 rapto
610 1739 695 1804 inter
709 1739 882 1804 tumultum
895 1740 988 1816 ferro,
998 1739 1129 1826 conglo-

75 1827 147 1892 bari
162 1840 195 1892 et
209 1828 248 1891 ab
266 1839 355 1913 tergo
370 1763 555 1891 cecidcnmt
572 1825 708 1902 Poenos,
724 1839 757 1890 et
776 1825 884 1913 fugam
904 1826 1128 1913 impedierunt.

76 1913 196 2000 Itaque
210 1914 316 1977 minus
330 1913 395 1977 duo
415 1911 515 1977 millia
527 1912 694 1977 hominum
709 1935 750 1976 cx
768 1927 857 1978 tanto
875 1913 1028 1989 exercitu,
1045 1925 1078 1976 et
1091 1935 1131 1976 ea

76 2001 182 2065 maior
195 2022 267 2088 pars
281 1999 437 2086 equitum,
453 2023 527 2064 cum
546 1999 615 2086 ipso
629 1998 711 2063 duce
727 2000 924 2085 effugerimt:
948 1998 1002 2062 alii
1019 2019 1131 2062 omnes

75 2088 164 2152 caesi
187 2102 242 2150 aut
265 2087 358 2174 capti.
406 2085 511 2172 Capta
535 2098 568 2149 et
591 2086 683 2171 signa
705 2084 1031 2170 duodequadraginta.
1077 2084 1131 2148 Ex

75 2174 251 2239 victoribus
266 2173 331 2237 duo
345 2171 445 2236 millia
459 2172 556 2236 ferme
572 2171 724 2236 cecidere.
770 2170 895 2235 Praeda
906 2171 1009 2235 omnis
1023 2169 1131 2258 (prae-

75 2275 226 2348 terquam
240 2258 407 2325 hominum
422 2257 601 2347 captorum)
616 2257 710 2321 militi
731 2279 880 2322 concessa
894 2271 960 2322 est:
985 2269 1019 2321 et
1033 2279 1130 2344 pecus

74 2359 251 2435 exceptum
281 2359 338 2424 est,
368 2345 456 2432 quod
485 2346 569 2410 intra
597 2344 665 2408 dies
694 2344 827 2431 triginta
849 2343 982 2412 ,domini
1011 2365 1130 2431 cogno-

73 2435 207 2499 vissent

126 2519 237 2595 Quum
252 2519 370 2606 praeda
383 2519 489 2584 onusti
506 2517 541 2582 in
561 2531 662 2583 cestra
681 2517 846 2596 redissent,
862 2529 1012 2605 quattuor
1031 2516 1130 2582 millia

73 2607 179 2673 ferme
200 2605 352 2671 volonum
374 2605 520 2683 militum,
536 2605 592 2692 qui
614 2619 833 2693 pugnaverant
854 2605 991 2692 segnius,
1011 2627 1072 2669 nec
1094 2604 1129 2667 in

74 2709 182 2759 cestra
202 2693 381 2780 irruperant
401 2691 506 2771 simul,
521 2706 609 2757 metu
631 2714 752 2779 poenam
775 2691 888 2756 collem
909 2691 996 2756 haud
1016 2690 1129 2778 procul

73 2780 189 2845 castris
210 2791 372 2866 ceperunt
418 2779 550 2844 Postero
572 2777 624 2843 die
647 2801 705 2866 per
725 2779 869 2844 tribunos
890 2777 1028 2843 militum
1051 2778 1128 2842 inde

44 2866 221 2944 adeducti,
245 2865 398 2931 concione
422 2865 559 2930 militum
581 2864 775 2931 advocatae
799 2864 955 2941 Graccho,
979 2887 1129 2951 superve-

73 2954 184 3020 niunt.
225 2951 293 3017 Ubi
307 2973 407 3038 quum
422 2951 590 3038 proconsul
604 2964 726 3016 veteres
741 2951 856 3016 milites
871 2951 1019 3037 primum,
1035 2963 1129 3037 prout
1138 2957 1277 3031 Yolonibus

73 3039 235 3126 cuiusque
249 3039 349 3103 virtus
363 3051 459 3124 atque
474 3061 570 3125 opera
586 3038 621 3101 in
638 3061 678 3102 ea
714 3060 799 3124 ugna
813 3037 924 3114 fueret,
941 3036 1129 3102 militaribus
1137 3022 1237 3133 {bem
1245 3025 1287 3072 ‘¹⁹'

73 3126 174 3192 donis
195 3127 352 3202 donasset,
373 3138 460 3202 tunc,
476 3125 564 3211 quod
587 3123 628 3188 ad
645 3061 774 3189 voldnes
796 3125 954 3200 attineret,
979 3124 1129 3201 ‘omnes’
1149 3101 1185 3136 ω’

72 3214 135 3291 ait,
159 3211 272 3277 ‘malle
287 3209 432 3276 laudatos
446 3234 466 3275 a
479 3233 523 3288 se,
539 3210 652 3297 dignos
666 3209 780 3297 indign
838 3233 889 3286 ue,
905 3231 1001 3297 quam
1015 3231 1129 3297 quem-

74 3310 88 3341 ‘
125 3321 200 3364 uam
222 3321 261 3364 eo
287 3298 339 3363 die
364 3298 553 3385 castigatum
578 3319 653 3362 esse.
702 3296 801 3372 Quod
847 3318 955 3373 onum,
980 3296 1127 3374 secutum,

74 3325 243 3473 ‘delixque
258 3385 449 3473 reipublicae
465 3384 604 3472 ipsisque
620 3395 711 3460 esset,
727 3405 838 3448 omnes
857 3405 912 3448 eos
932 3381 1046 3447 liberos
1060 3405 1128 3448 esse

73 3483 88 3514 ‘
100 3473 231 3538 iubere'
276 3471 331 3535 Ad
345 3493 442 3559 quam
457 3493 567 3536 vocem
583 3492 683 3556 quum
698 3469 817 3534 clamor
829 3468 952 3557 ingenti
968 3468 1127 3534 alacritate

72 3559 221 3627 sublatus
242 3571 334 3636 esset,
352 3581 389 3623 ao
411 3581 497 3622 nunc
519 3555 677 3644 complexi
699 3557 784 3620 inter
805 3579 838 3621 se
860 3555 1128 3707 gratulantesqqq

72 3669 167 3713 nuno
187 3667 300 3709 manus
319 3644 360 3709 ad
378 3644 504 3710 eoelum
524 3642 680 3721 tollentes,
695 3643 781 3710 bona
800 3644 908 3708 omnia
968 3641 1045 3729 pulo

72 3754 175 3800 mano
192 3731 403 3820 Gracchoque
418 3731 478 3820 ipsi
515 3742 717 3808 recarentur3
745 3743 815 3794 tum
832 3728 935 3794 Gracc
960 3751 1013 3794 us:
1039 3729 1129 3794 ‘Pri-

73 3831 236 3907 ‘usquam
256 3840 366 3883 omnes
384 3818 453 3882 iure
473 3817 496 3882 li
538 3816 627 3882 rtatis
646 3817 849 3905 aequassem‚’
866 3817 981 3904 inquit,
1006 3817 1128 3882 ‘nemi-

111 4003 125 4052 5
138 3990 263 4038 Nimium
274 3990 447 4048 occurrissent]
458 3988 523 4037 Edd.
533 3993 589 4050 post
621 3988 672 4036 ker.
684 3987 734 4049 qui,
744 3985 941 4048 interpunctione
953 3993 1007 4048 post
1018 3989 1128 4036 accendit

73 4057 173 4105 Aldum
185 4054 420 4112 wneurrtsreatsed
429 4055 589 4102 meon-lacent
622 4052 709 4114 posite,
721 4052 865 4114 particulam
877 4058 950 4115 atqsoe
961 4051 1059 4099 omittit.

72 4135 92 4170 a
104 4119 233 4168 Drskenb,
245 4123 270 4166 et
281 4117 371 4166 Stroth.
384 4118 507 4178 probatur.
654 4117 669 4164 8
686 4117 805 4164 Comicae
815 4118 918 4163 astitum
929 4116 1058 4174 admo]
1077 4115 1128 4161 Vo-

109 4182 126 4233 6
150 4183 234 4232 Verba
244 4183 373 4241 comeret]
392 4181 423 4230 cf.
435 4181 507 4242 Supr.
518 4179 587 4228 xxiii.
621 4195 673 4229 cem
690 4181 804 4238 militum,
815 4185 842 4227 ut
854 4193 917 4240 quae
934 4179 1016 4226 odiose
1032 4193 1062 4225 ex
1077 4193 1128 4226 ver-

73 4261 118 4309 43.
620 4243 658 4292 bis
669 4243 871 4305 praecedentibus
881 4243 984 4304 repetita
995 4241 1035 4300 sit,
1043 4241 1128 4290 omise·

112 4325 126 4374 7
144 4313 187 4358 lta
197 4311 290 4358 animos
301 4310 422 4368 mandit]
435 4311 480 4357 Ira
491 4323 521 4356 ex
533 4321 588 4356 con·
622 4315 679 4356 runt
689 4308 760 4358 Cres.
773 4313 798 4354 et
810 4305 915 4354 Bekker.
957 4317 960 4324 ·

73 4379 176 4427 iectura
186 4373 293 4424 Gronov.
305 4388 349 4436 pro
358 4375 395 4422 ita
406 4372 514 4434 reposuit
525 4371 589 4421 Bek-
