2866 4770
332 161 395 222 518
715 152 830 220 ΤΙΤΙ
858 151 994 219 LIVII

249 289 1353 476 ·n:intensiinteremimus

337 464 472 528 ‘ducet’
516 462 663 528 Leelium
688 461 817 538 demde,
845 476 878 526 et
906 463 1011 562 ipsum
1039 461 1263 538 collaudatum,
1284 481 1353 524 aurea

336 566 452 616 corona
466 549 573 615 donat.
609 545 654 613 Et
667 547 721 614 alii
736 547 888 612 militares
901 548 970 625 vrri,
984 561 1080 634 prout
1096 570 1117 612 a
1132 571 1257 634 quoque
1269 561 1353 610 nanu

337 657 433 724 opera
447 648 524 712 erat,
540 635 659 700 donati.
705 633 768 698 His
789 634 963 699 honoribus
985 633 1129 698 mollitus
1152 635 1233 720 regis
1251 634 1353 707 animm,

336 733 524 808 erectusque
546 721 581 785 in
602 743 691 808 spem
713 721 936 809 propinquam,
955 719 1081 785 sublato
1105 719 1262 808 Syphace,
1280 719 1354 784 onnia

339 807 513 873 Numidiae
572 807 711 872 tiundae.
934 847 938 854 ·

271 939 280 957 .
384 893 502 981 Scipio,
549 892 681 959 .Laelio
699 915 773 958 cum
790 891 936 995 Syphace
951 893 1087 994 aliisque
1102 917 1143 959 ca
1167 893 1239 959 tivis
1251 892 1355 958 Romu

338 980 444 1058 misso,
459 1001 533 1045 cum
553 979 669 1066 quibus
688 994 722 1045 et
742 978 929 1045 Masinissae
949 980 1046 1068 legati
1065 1003 1127 1068 pro
1140 981 1205 1046 ecti
1225 993 1297 1054 snnt,
1308 979 1355 1062 ipse

339 1067 381 1132 ad
403 1066 532 1132 Tuneta
552 1087 677 1130 rursum
698 1079 800 1131 castra
820 1067 927 1145 refert,
950 1080 992 1144 et,
1013 1089 1098 1154 quae
1120 1067 1309 1132 munimenta
1324 1063 1357 1126 in

181 1158 307 1222 ΜΨ·-
339 1152 516 1230 choaverat,
539 1152 709 1240 permunit.
765 1151 1052 1252 Carthaginienses,
1076 1175 1147 1218 non
1171 1153 1257 1218 brevi
1275 1149 1357 1222 solun,
1395 1179 1396 1228 i

181 1224 331 1350 fflffii'*
340 1239 397 1304 sed
416 1261 514 1327 prope
534 1261 616 1304 veno
637 1237 763 1339 gaudio,
779 1240 819 1302 ab
839 1253 914 1302 satis
956 1259 1084 1326 rospera
1105 1239 1143 1302 in
1167 1259 1305 1338 praesens
1320 1257 1359 1334 op

181 1357 245 1402 tunt
340 1326 536 1414 pugnatione
558 1324 663 1390 classrs
684 1324 813 1412 pertusi,
823 1337 904 1474 post
985 1347 1037 1388 am
1058 1325 1150 1412 capti
1172 1325 1321 1413 Syphaus
1337 1344 1359 1384 u

340 1435 406 1499 quo
427 1411 499 1500 plna
519 1433 629 1499 prope,
650 1433 747 1498 quam
769 1411 803 1474 in

340 1498 409 1584 spei
433 1519 626 1585 reposuernn

716 1496 820 1574 mulsi,
847 1497 910 1561 iarn
935 1495 1024 1561 nullo
1049 1511 1186 1563 auctore
1214 1497 1284 1562 belli
1305 1495 1361 1558 nim

340 1583 460 1660 audito,
483 1508 819 1734 oratorest'nieffisoem
841 1582 1013 1670 petendam
1034 1583 1174 1648 mittunt
1197 1583 1315 1670 aigina
1329 1603 1361 1643 s

761 1682 829 1734 erat
849 1669 988 1734 sanctius
1009 1669 1096 1756 apud
1117 1669 1196 1736 illos
1217 1669 1374 1740 consilium
1398 1691 1399 1694 ¹

340 1669 467 1734 nicrum
485 1669 587 1756 princi
630 1693 654 1734 s.

341 1755 542 1842 maximaque
613 1757 719 1844 ipsum
733 1769 877 1820 senatum
892 1754 1068 1842 regendum
1083 1756 1142 1820 vis.
1195 1754 1262 1831 Qui
1281 1754 1325 1819 ubi
1340 1753 1373 1822 i11÷

859 1410 1023 1475 ssdmbale
1045 1423 1148 1497 atque
1172 1411 1307 1475 exercitu
1321 1429 1359 1472 su
1397 1411 1398 1490 i

342 1855 444 1906 castra
463 1841 611 1906 Romana
634 1855 667 1906 et
712 1843 882 1906 raetorium
905 1854 1128 1930 pervenerunt,
1151 1865 1243 1907 more
1264 1839 1375 1906 adun-t
1399 1853 1400 1856 ’

343 1928 423 1993 tium
443 1927 599 2016 (eccepto,
696 1951 726 2005 o,
747 1929 810 1992 ritu
832 1951 873 1993 ex
895 1951 934 1993 ea
954 1928 1094 2015 regione,
1112 1951 1159 1992 ex
1207 1951 1249 1993 ua
1268 1924 1363 1992 oriundi

342 2013 448 2102 erant)
461 2014 708 2102 procubuerunt.
756 2013 960 2079 Conveniens
976 2014 1076 2079 oratio
1097 2027 1168 2079 tam
1183 1952 1299 2079 inmiti
1310 2011 1364 2076 ade

342 2101 453 2165 lationi
477 2100 547 2178 fuit,
571 2123 637 2165 non
661 2099 787 2188 culpam
833 2101 1024 2188 urgautium,
1051 2100 1109 2165 sed
1136 2100 1364 2166 transferentium

343 2186 470 2252 initium
482 2186 593 2274 eulpae
605 2187 640 2250 in
652 2185 785 2251 Hannib
815 2209 865 2251 em
882 2187 1155 2274 impotentiaeque
1168 2188 1240 2252 eiua
1250 2187 1363 2252 fautum

343 2271 482 2338 Veniam
497 2273 616 2338 civitati
626 2273 789 2359 petebant,
800 2273 918 2337 civium
929 2273 1106 2338 temeritate
1118 2274 1173 2338 bis
1184 2275 1250 2339 iem
1260 2289 1378 2342 erum:

344 2358 497 2424 incolumi
511 2359 635 2424 firtmae
650 2359 767 2424 iterum
780 2359 920 2424 hostium
933 2359 1098 2425 beneficio.
1138 2369 1151 2398 ‘
1163 2360 1328 2448 Imperium
1338 2376 1365 2419 ex

344 2446 455 2510 ‘victis
469 2445 613 2510 hostibus
626 2445 780 2533 populum
793 2445 985 2522 Romanum,
998 2467 1062 2510 non
1074 2448 1265 2532 perniciem,
1312 2459 1365 2508 terr.

344 2531 488 2596 ‘Paratis
501 2531 688 2597 obedienter
701 2531 826 2609 servire,
839 2555 921 2619 quae
936 2531 1041 2609 vellet,
1053 2532 1250 2620 imperaret’
1287 2531 1298 2552 ¹
1314 2530 1366 2617 'pits

345 2625 356 2655 ‘
366 2629 399 2680 et
413 2618 535 2682 venisse
551 2641 589 2682 ea
602 2640 658 2705 spe
673 2618 707 2681 in
724 2617 864 2683 Africam
879 2619 933 2695 se,’
947 2619 1002 2696 ait,
1026 2627 1080 2683 ‘et
1098 2641 1195 2706 spem
1216 2642 1301 2685 suam
1316 2637 1367 2704 pru

345 2711 355 2740 ‘
421 2725 457 2766 ro
486 2703 562 2767 belli
591 2717 708 2769 eventu
737 2717 871 2782 auctam,
901 2705 1065 2770 victoriam
1096 2727 1140 2782 ae,
1175 2729 1246 2772 non
1273 2723 1365 2792 pastu

345 2725 498 2852 ’πωπω
530 2801 764 2876 reportaturum
797 2813 872 2856 esse.
927 2790 1062 2867 Tamen,
1093 2813 1201 2876 quum
1234 2789 1367 2856 victoriam

344 2883 464 2964 ‘prope
480 2876 514 2940 in
530 2876 675 2941 manibus
689 2877 814 2953 habeat,
829 2899 940 2964 pacem
957 2898 1024 2940 non
1041 2878 1208 2956 abnuere3
1234 2890 1270 2942 ut
1284 2893 1367 2942 omnes

345 2969 477 3048 ‘gentes
491 2962 601 3039 sciant,
612 2962 767 3050 populum
783 2962 966 3028 Romanum
980 2974 1014 3027 et
1027 2963 1190 3050 suscipere
1206 2965 1287 3030 iuste
1299 2959 1367 3030 belii»

185 3055 316 3130 Igessesm
345 3057 399 3112 ‘et
413 3049 516 3116 finire.
562 3047 667 3147 Leges
685 3049 772 3135 pacis
791 3071 824 3113 se
844 3049 901 3115 has
919 3049 1034 3114 dicere.
1082 3047 1253 3200 Captivos,
1272 3063 1302 3114 et
1317 3067 1368 3142 pet·

183 3120 318 3245 aas&
345 3133 463 3224 ‘fugas
480 3148 513 3198 et
527 3133 675 3226 firgitrvos
689 3134 875 3201 restituente
899 3135 1057 3201 exercitus
1071 3157 1113 3199 ex
1146 3136 1227 3201 talia
1241 3151 1274 3202 et
1288 3131 1381 3200 Gutm

183 3251 230 3297 tae.

375 3356 390 3399 4
406 3341 438 3387 Id
452 3348 507 3390 erat
521 3339 644 3402 sanctina]
662 3341 717 3390 h.e.
730 3340 848 3390 seniores.
882 3341 922 3390 Ex
939 3339 978 3389 hie
993 3341 1113 3404 exemplis
1128 3347 1198 3391 reete
1214 3342 1307 3391 ridetur
1319 3335 1367 3386 mffr

343 3404 373 3452 oi.
385 3404 533 3452 intumit.
545 3403 583 3454 61.
604 3405 703 3454 Aristot
718 3405 771 3454 Pol.
782 3405 807 3454 ii.
818 3421 841 3470 9.
880 3419 937 3467 gare
956 3404 1095 3453 Gronovius
1112 3407 1144 3454 ad
1165 3407 1225 3456 Lir.
1242 3407 1276 3456 ix.
1297 3406 1327 3454 18.
1338 3401 1368 3448 ed·

375 3471 521 3530 5Maaet'ma
587 3471 620 3517 cd
640 3472 721 3531 ipsam
737 3477 848 3520 oemtum
881 3470 982 3518 modum
1000 3469 1128 3517 verisimile
1148 3485 1204 3518 aare
1225 3467 1367 3520 monens

342 3533 474 3593 rependum
490 3485 611 3594 “3qu
629 3533 728 3594 quidem
747 3533 848 3581 consilio
881 3547 964 3595 regum
976 3533 1028 3580 rc?
1043 3531 1130 3594 ἐξοχὴν
1139 3529 1368 3585 auctumni*

343 3595 451 3643 maxime
462 3595 540 3644 inerat
550 3596 690 3654 atrctoritas,
701 3611 751 3658 qus
761 3611 787 3645 se
798 3597 847 3658 regi
880 3596 938 3644 tinie
948 3595 1039 3644 dictam
1050 3612 1109 3645 erae.
1127 3598 1214 3647 Cur.

342 3665 441 3708 senatus
450 3659 503 3721 ipse
513 3660 609 3709 sineret
626 3661 707 3709 Caav.
915 3663 988 3720 7Bia
995 3662 1044 3708 iam
1051 3659 1162 3723 werrae]
1177 3659 1369 3718 Qmmemis·

375 3721 391 3771 6
407 3725 480 3772 More
493 3723 660 3785 adulantium]
680 3723 751 3773 More
763 3739 847 3774 eornm
880 3723 927 3783 aui,
939 3731 1058 3785 quantam
1076 3724 1102 3772 in
1116 3739 1144 3773 se
1159 3733 1236 3785 earet,
1248 3726 1285 3774 his
1299 3733 1370 3772 ecrite

342 3785 384 3849 qui
395 3787 466 3848 proni
477 3793 502 3835 et
512 3787 581 3836 humi
593 3788 705 3850 prostrati
716 3789 848 3850 regesado-
881 3793 943 3837 rant.
976 3787 1217 3850 Vocemantequae
1231 3789 1257 3838 in
1271 3787 1371 3852 plexisque

342 3855 404 3898 rant.
432 3850 473 3898 Sic
484 3865 549 3912 supr.
560 3851 593 3901 ix.
609 3853 644 3900 18.
656 3852 687 3900 de
698 3852 848 3910 Alexandro,
881 3851 937 3900 edd.
950 3857 1005 3914 post
1021 3853 1071 3900 iam
1087 3852 1209 3911 inseritur,
1220 3853 1307 3900 marito
1320 3851 1370 3897 «ieie

342 3915 492 3963 desideratas
513 3915 582 3962 humi
606 3917 739 3964 incautum
762 3918 847 3964 adala·
881 3915 1089 3978 ritKreyssigius,
1098 3914 1372 3966 armamentum

342 3981 425 4027 tiones.
460 3977 494 4024 Et
511 3979 599 4027 eodem
617 3979 691 4027 modo
705 3979 763 4029 Vel.
779 3981 847 4030 Max.
881 3985 906 4028 et
918 3979 980 4042 Reg.

342 4041 373 4089 iv.
387 4053 407 4102 7.
440 4041 776 4102 Hephaestionem...mora
786 4045 848 4093 Per·
913 4041 1126 4106 8Etfuyitt'oor]
1150 4043 1200 4094 Per
1209 4045 1331 4106 ,etjam
1346 4040 1371 4087 ir

341 4119 425 4150 aarum
435 4105 546 4161 adstote,
554 4111 671 4168 tanquam
678 4109 848 4156 Alexandrum
881 4107 978 4170 telligas
986 4107 1122 4168 servosqui
1130 4123 1145 4155 a
1154 4109 1263 4157 domInia
1271 4103 1372 4156 nomm

341 4165 464 4232 scIutavit.
499 4167 570 4215 idem
590 4167 621 4217 ri.
639 4183 661 4230 3.
697 4172 848 4232 Timuporam
880 4171 1372 4234 transfugermtmcarttaginienuzm

343 4227 406 4266 mter
432 4229 536 4283 officium
562 4233 717 4280 salutationis
741 4235 848 4282 Darium
879 4235 999 4296 persaeus
1016 4241 1108 4292 antem,
1121 4235 1220 4292 milites,
1236 4237 1281 4298 qui
1298 4236 1372 4284 Rom*

342 4290 421 4335 'fem
441 4301 505 4336 more
524 4295 604 4352 pentir
623 4296 691 4344 itlius
711 4298 847 4347 adelmum.
881 4299 1218 4362 norumrignadeaemerrnt.
1238 4299 1322 4350 Don.
