<?xml version="1.0" encoding="UTF-8"?>
<!DOCTYPE html PUBLIC "-//W3C//DTD XHTML 1.0 Transitional//EN"
    "http://www.w3.org/TR/xhtml1/DTD/xhtml1-transitional.dtd">
<html xmlns="http://www.w3.org/1999/xhtml" xml:lang="en" lang="en">
 <head>
  <title>
</title>
<meta http-equiv="Content-Type" content="text/html;charset=utf-8" />
  <meta name='ocr-system' content='tesseract 3.04.00' />
  <meta name='ocr-capabilities' content='ocr_page ocr_carea ocr_par ocr_line ocrx_word'/>
</head>
<body>
  <div class='ocr_page' id='page_1' title='image "./tliviipatavinih00kreygoog_0223.png"; bbox 0 0 2888 4768; ppageno 0'>
   <div class='ocr_carea' id='block_1_1' title="bbox 354 202 1012 272">
    <p class='ocr_par' dir='ltr' id='par_1_1' title="bbox 354 202 1012 272">
     <span class='ocr_line' id='line_1_1' title="bbox 354 202 1012 272; baseline -0.003 0"><span class='ocrx_word' id='word_1_1' title='bbox 354 211 418 272; x_wconf 80' lang='lat'>212</span> <span class='ocrx_word' id='word_1_2' title='bbox 737 202 851 268; x_wconf 82' lang='grc' dir='ltr'>ΤΙΤΙ</span> <span class='ocrx_word' id='word_1_3' title='bbox 880 203 1012 270; x_wconf 90' lang='lat' dir='ltr'>LIVlI</span> 
     </span>
    </p>
   </div>
   <div class='ocr_carea' id='block_1_2' title="bbox 195 338 1426 1470">
    <p class='ocr_par' dir='ltr' id='par_1_2' title="bbox 195 338 1426 432">
     <span class='ocr_line' id='line_1_2' title="bbox 195 338 1426 432; baseline -0.006 -24"><span class='ocrx_word' id='word_1_4' title='bbox 195 356 272 408; x_wconf 65' lang='lat' dir='ltr'>tto.</span> <span class='ocrx_word' id='word_1_5' title='bbox 288 357 343 420; x_wconf 80' lang='lat'><strong>⁵38·</strong></span> <span class='ocrx_word' id='word_1_6' title='bbox 351 342 481 432; x_wconf 75' lang='lat' dir='ltr'>sagittis,</span> <span class='ocrx_word' id='word_1_7' title='bbox 496 363 569 429; x_wconf 85' lang='lat' dir='ltr'>pars</span> <span class='ocrx_word' id='word_1_8' title='bbox 582 339 799 428; x_wconf 82' lang='lat' dir='ltr'><strong>scorpionibus</strong></span> <span class='ocrx_word' id='word_1_9' title='bbox 814 339 947 404; x_wconf 89' lang='lat' dir='ltr'>modicis</span> <span class='ocrx_word' id='word_1_10' title='bbox 965 363 1005 404; x_wconf 87' lang='lat' dir='ltr'>ex</span> <span class='ocrx_word' id='word_1_11' title='bbox 1021 339 1145 405; x_wconf 90' lang='lat' dir='ltr'>occulto</span> <span class='ocrx_word' id='word_1_12' title='bbox 1155 341 1300 428; x_wconf 88' lang='lat' dir='ltr'>petebant</span> <span class='ocrx_word' id='word_1_13' title='bbox 1313 338 1390 404; x_wconf 74' lang='lat' dir='ltr'>hos-t</span> <span class='ocrx_word' id='word_1_14' title='bbox 1425 415 1426 420; x_wconf 8' lang='grc' dir='ltr'>ἵ</span> 
     </span>
    </p>

    <p class='ocr_par' dir='ltr' id='par_1_3' title="bbox 195 419 1426 1470">
     <span class='ocr_line' id='line_1_3' title="bbox 195 419 1426 516; baseline -0.006 -20"><span class='ocrx_word' id='word_1_15' title='bbox 195 423 227 474; x_wconf 56' lang='lat' dir='ltr'>A·</span> <span class='ocrx_word' id='word_1_16' title='bbox 243 423 427 496; x_wconf 58' lang='lat' dir='ltr'>⁰·214tem</span> <span class='ocrx_word' id='word_1_17' title='bbox 476 427 568 503; x_wconf 84' lang='lat' dir='ltr'>Quae</span> <span class='ocrx_word' id='word_1_18' title='bbox 589 428 719 515; x_wconf 89' lang='lat' dir='ltr'>propius</span> <span class='ocrx_word' id='word_1_19' title='bbox 738 426 896 514; x_wconf 82' lang='lat' dir='ltr'><strong>quaedam</strong></span> <span class='ocrx_word' id='word_1_20' title='bbox 915 427 1063 491; x_wconf 78' lang='lat' dir='ltr'>subibant</span> <span class='ocrx_word' id='word_1_21' title='bbox 1084 450 1186 504; x_wconf 89' lang='lat' dir='ltr'>naves,</span> <span class='ocrx_word' id='word_1_22' title='bbox 1201 450 1266 513; x_wconf 87' lang='lat' dir='ltr'>quo</span> <span class='ocrx_word' id='word_1_23' title='bbox 1282 419 1391 516; x_wconf 66' lang='lat' dir='ltr'>interi}</span> <span class='ocrx_word' id='word_1_24' title='bbox 1425 429 1426 502; x_wconf 74' lang='lat' dir='ltr'>l</span> 
     </span>
     <span class='ocr_line' id='line_1_4' title="bbox 353 513 1426 600; baseline -0.006 -18"><span class='ocrx_word' id='word_1_25' title='bbox 353 539 423 582; x_wconf 86' lang='lat' dir='ltr'>ores</span> <span class='ocrx_word' id='word_1_26' title='bbox 445 515 559 580; x_wconf 89' lang='lat' dir='ltr'>ictibus</span> <span class='ocrx_word' id='word_1_27' title='bbox 584 526 813 580; x_wconf 90' lang='lat' dir='ltr'>tormentorum</span> <span class='ocrx_word' id='word_1_28' title='bbox 839 514 1013 591; x_wconf 69' lang='lat' dir='ltr'>cusentin</span> <span class='ocrx_word' id='word_1_29' title='bbox 1038 537 1092 578; x_wconf 81' lang='lat' dir='ltr'>eas</span> <span class='ocrx_word' id='word_1_30' title='bbox 1117 513 1273 580; x_wconf 88' lang='lat' dir='ltr'>tollenone</span> <span class='ocrx_word' id='word_1_31' title='bbox 1296 535 1390 600; x_wconf 60' lang='lat' dir='ltr'>rupen</span> <span class='ocrx_word' id='word_1_32' title='bbox 1425 515 1426 592; x_wconf 75' lang='lat' dir='ltr'>l</span> 
     </span>
     <span class='ocr_line' id='line_1_5' title="bbox 353 599 1426 688; baseline -0.006 -20"><span class='ocrx_word' id='word_1_33' title='bbox 353 625 480 668; x_wconf 89' lang='lat' dir='ltr'>murum</span> <span class='ocrx_word' id='word_1_34' title='bbox 491 601 651 667; x_wconf 86' lang='lat' dir='ltr'>eminente</span> <span class='ocrx_word' id='word_1_35' title='bbox 666 601 767 666; x_wconf 87' lang='lat' dir='ltr'>ferrea</span> <span class='ocrx_word' id='word_1_36' title='bbox 781 623 892 665; x_wconf 90' lang='lat' dir='ltr'>manus</span> <span class='ocrx_word' id='word_1_37' title='bbox 901 599 1010 664; x_wconf 89' lang='lat' dir='ltr'>firmae</span> <span class='ocrx_word' id='word_1_38' title='bbox 1025 615 1154 666; x_wconf 84' lang='lat' dir='ltr'>catenae</span> <span class='ocrx_word' id='word_1_39' title='bbox 1166 601 1283 688; x_wconf 84' lang='lat' dir='ltr'>illigata</span> <span class='ocrx_word' id='word_1_40' title='bbox 1292 621 1375 686; x_wconf 76' lang='lat' dir='ltr'>quim</span> <span class='ocrx_word' id='word_1_41' title='bbox 1425 607 1426 614; x_wconf 77' lang='grc'>’</span> 
     </span>
     <span class='ocr_line' id='line_1_6' title="bbox 354 685 1375 776; baseline -0.004 -22"><span class='ocrx_word' id='word_1_42' title='bbox 354 690 472 754; x_wconf 84' lang='lat' dir='ltr'>iniecta</span> <span class='ocrx_word' id='word_1_43' title='bbox 484 711 594 776; x_wconf 88' lang='lat' dir='ltr'>prorae</span> <span class='ocrx_word' id='word_1_44' title='bbox 613 700 704 765; x_wconf 87' lang='lat' dir='ltr'>esset,</span> <span class='ocrx_word' id='word_1_45' title='bbox 719 687 806 774; x_wconf 87' lang='lat' dir='ltr'>gravi</span> <span class='ocrx_word' id='word_1_46' title='bbox 823 687 1011 752; x_wconf 89' lang='lat' dir='ltr'>libramento</span> <span class='ocrx_word' id='word_1_47' title='bbox 1030 687 1153 775; x_wconf 89' lang='lat' dir='ltr'>plumbi</span> <span class='ocrx_word' id='word_1_48' title='bbox 1171 686 1332 752; x_wconf 90' lang='lat' dir='ltr'>recellente</span> <span class='ocrx_word' id='word_1_49' title='bbox 1344 685 1375 750; x_wconf 85' lang='lat' dir='ltr'>ad</span> 
     </span>
     <span class='ocr_line' id='line_1_7' title="bbox 354 773 1375 924; baseline -0.005 -83"><span class='ocrx_word' id='word_1_50' title='bbox 354 774 466 853; x_wconf 84' lang='lat' dir='ltr'>solum,</span> <span class='ocrx_word' id='word_1_51' title='bbox 482 799 518 841; x_wconf 83' lang='lat' dir='ltr'>su</span> <span class='ocrx_word' id='word_1_52' title='bbox 576 797 633 840; x_wconf 85' lang='lat' dir='ltr'>nea</span> <span class='ocrx_word' id='word_1_53' title='bbox 653 797 755 924; x_wconf 80' lang='lat' dir='ltr'>prora,</span> <span class='ocrx_word' id='word_1_54' title='bbox 776 774 881 840; x_wconf 80' lang='lat' dir='ltr'>navim</span> <span class='ocrx_word' id='word_1_55' title='bbox 903 774 938 838; x_wconf 92' lang='lat' dir='ltr'>in</span> <span class='ocrx_word' id='word_1_56' title='bbox 957 775 1090 863; x_wconf 89' lang='lat' dir='ltr'>puppim</span> <span class='ocrx_word' id='word_1_57' title='bbox 1111 775 1284 840; x_wconf 82' lang='lat' dir='ltr'>statuebat:</span> <span class='ocrx_word' id='word_1_58' title='bbox 1305 773 1375 848; x_wconf 88' lang='lat' dir='ltr'>dein,</span> 
     </span>
     <span class='ocr_line' id='line_1_8' title="bbox 354 857 1376 947; baseline -0.006 -19"><span class='ocrx_word' id='word_1_59' title='bbox 354 862 483 928; x_wconf 86' lang='lat' dir='ltr'>remissa</span> <span class='ocrx_word' id='word_1_60' title='bbox 497 885 534 926; x_wconf 85' lang='lat' dir='ltr'>su</span> <span class='ocrx_word' id='word_1_61' title='bbox 556 862 611 940; x_wconf 88' lang='lat' dir='ltr'>ito,</span> <span class='ocrx_word' id='word_1_62' title='bbox 622 885 660 926; x_wconf 84' lang='lat' dir='ltr'>ve</span> <span class='ocrx_word' id='word_1_63' title='bbox 675 873 710 926; x_wconf 92' lang='lat' dir='ltr'>ut</span> <span class='ocrx_word' id='word_1_64' title='bbox 723 884 765 926; x_wconf 82' lang='lat' dir='ltr'>ex</span> <span class='ocrx_word' id='word_1_65' title='bbox 779 883 870 926; x_wconf 91' lang='lat' dir='ltr'>muro</span> <span class='ocrx_word' id='word_1_66' title='bbox 885 860 1053 926; x_wconf 83' lang='lat' dir='ltr'>cadentem</span> <span class='ocrx_word' id='word_1_67' title='bbox 1067 860 1172 926; x_wconf 84' lang='lat' dir='ltr'>navim</span> <span class='ocrx_word' id='word_1_68' title='bbox 1186 883 1260 926; x_wconf 91' lang='lat' dir='ltr'>cum</span> <span class='ocrx_word' id='word_1_69' title='bbox 1274 857 1376 947; x_wconf 76' lang='lat' dir='ltr'>ingenti</span> 
     </span>
     <span class='ocr_line' id='line_1_9' title="bbox 355 947 1377 1050; baseline -0.005 -35"><span class='ocrx_word' id='word_1_70' title='bbox 355 949 565 1050; x_wconf 75' lang='lat' dir='ltr'>trepidatione</span> <span class='ocrx_word' id='word_1_71' title='bbox 580 961 747 1014; x_wconf 86' lang='lat' dir='ltr'>nautarum</span> <span class='ocrx_word' id='word_1_72' title='bbox 760 947 806 1012; x_wconf 87' lang='lat' dir='ltr'>ita</span> <span class='ocrx_word' id='word_1_73' title='bbox 816 947 920 1013; x_wconf 87' lang='lat' dir='ltr'>undae</span> <span class='ocrx_word' id='word_1_74' title='bbox 932 947 1099 1035; x_wconf 83' lang='lat' dir='ltr'>affligebat,</span> <span class='ocrx_word' id='word_1_75' title='bbox 1114 961 1159 1028; x_wconf 78' lang='lat' dir='ltr'>ut,</span> <span class='ocrx_word' id='word_1_76' title='bbox 1174 948 1297 1012; x_wconf 87' lang='lat' dir='ltr'>etiamsi</span> <span class='ocrx_word' id='word_1_77' title='bbox 1309 959 1377 1011; x_wconf 84' lang='lat' dir='ltr'>recu</span> 
     </span>
     <span class='ocr_line' id='line_1_10' title="bbox 355 1034 1377 1122; baseline -0.006 -20"><span class='ocrx_word' id='word_1_78' title='bbox 355 1036 518 1113; x_wconf 80' lang='lat' dir='ltr'>reciderat,</span> <span class='ocrx_word' id='word_1_79' title='bbox 536 1035 734 1122; x_wconf 88' lang='lat' dir='ltr'>aliquantum</span> <span class='ocrx_word' id='word_1_80' title='bbox 757 1057 858 1122; x_wconf 88' lang='lat' dir='ltr'>aquae</span> <span class='ocrx_word' id='word_1_81' title='bbox 881 1035 1045 1121; x_wconf 87' lang='lat' dir='ltr'>acciperet</span> <span class='ocrx_word' id='word_1_82' title='bbox 1091 1034 1142 1100; x_wconf 89' lang='lat' dir='ltr'>Ita</span> <span class='ocrx_word' id='word_1_83' title='bbox 1160 1034 1314 1100; x_wconf 89' lang='lat' dir='ltr'>maritima</span> <span class='ocrx_word' id='word_1_84' title='bbox 1334 1055 1377 1120; x_wconf 93' lang='lat' dir='ltr'>op·</span> 
     </span>
     <span class='ocr_line' id='line_1_11' title="bbox 355 1121 1377 1211; baseline -0.006 -23"><span class='ocrx_word' id='word_1_85' title='bbox 355 1123 508 1211; x_wconf 79' lang='lat' dir='ltr'>pugnatio</span> <span class='ocrx_word' id='word_1_86' title='bbox 519 1135 568 1187; x_wconf 87' lang='lat' dir='ltr'>eet</span> <span class='ocrx_word' id='word_1_87' title='bbox 582 1121 678 1199; x_wconf 88' lang='lat' dir='ltr'>elusa,</span> <span class='ocrx_word' id='word_1_88' title='bbox 688 1121 854 1208; x_wconf 84' lang='lat' dir='ltr'>omnisque</span> <span class='ocrx_word' id='word_1_89' title='bbox 864 1121 912 1186; x_wconf 85' lang='lat' dir='ltr'>vis</span> <span class='ocrx_word' id='word_1_90' title='bbox 926 1133 974 1186; x_wconf 88' lang='lat' dir='ltr'>est</span> <span class='ocrx_word' id='word_1_91' title='bbox 987 1145 1026 1186; x_wconf 90' lang='lat' dir='ltr'>eo</span> <span class='ocrx_word' id='word_1_92' title='bbox 1036 1145 1134 1200; x_wconf 87' lang='lat' dir='ltr'>versa,</span> <span class='ocrx_word' id='word_1_93' title='bbox 1146 1135 1183 1186; x_wconf 91' lang='lat' dir='ltr'>ut</span> <span class='ocrx_word' id='word_1_94' title='bbox 1199 1121 1273 1186; x_wconf 88' lang='lat' dir='ltr'>totis</span> <span class='ocrx_word' id='word_1_95' title='bbox 1280 1121 1377 1184; x_wconf 72' lang='lat' dir='ltr'>riubu</span> 
     </span>
     <span class='ocr_line' id='line_1_12' title="bbox 357 1205 1377 1296; baseline -0.007 -21"><span class='ocrx_word' id='word_1_96' title='bbox 357 1223 440 1275; x_wconf 87' lang='lat' dir='ltr'>terra</span> <span class='ocrx_word' id='word_1_97' title='bbox 467 1207 721 1296; x_wconf 76' lang='lat' dir='ltr'>aggrederentur.</span> <span class='ocrx_word' id='word_1_98' title='bbox 769 1207 835 1273; x_wconf 87' lang='lat' dir='ltr'>Sed</span> <span class='ocrx_word' id='word_1_99' title='bbox 863 1231 901 1272; x_wconf 89' lang='lat' dir='ltr'>ea</span> <span class='ocrx_word' id='word_1_100' title='bbox 923 1230 1050 1295; x_wconf 91' lang='lat' dir='ltr'>quoque</span> <span class='ocrx_word' id='word_1_101' title='bbox 1168 1208 1283 1274; x_wconf 90' lang='lat' dir='ltr'>eodem</span> <span class='ocrx_word' id='word_1_102' title='bbox 1308 1205 1377 1270; x_wconf 90' lang='lat' dir='ltr'>omni</span> 
     </span>
     <span class='ocr_line' id='line_1_13' title="bbox 357 1292 1379 1446; baseline -0.006 -85"><span class='ocrx_word' id='word_1_103' title='bbox 357 1308 509 1384; x_wconf 86' lang='lat' dir='ltr'>apparatu</span> <span class='ocrx_word' id='word_1_104' title='bbox 537 1309 765 1361; x_wconf 87' lang='lat' dir='ltr'>tormentorum</span> <span class='ocrx_word' id='word_1_105' title='bbox 792 1293 946 1360; x_wconf 85' lang='lat' dir='ltr'>instnrcta</span> <span class='ocrx_word' id='word_1_106' title='bbox 970 1307 1046 1371; x_wconf 86' lang='lat' dir='ltr'>erat,</span> <span class='ocrx_word' id='word_1_107' title='bbox 1108 1296 1225 1360; x_wconf 90' lang='lat' dir='ltr'>&#39;eronis</span> <span class='ocrx_word' id='word_1_108' title='bbox 1250 1292 1379 1446; x_wconf 65' lang='lat' dir='ltr'>iuppensis</span> 
     </span>
     <span class='ocr_line' id='line_1_14' title="bbox 356 1380 1380 1470; baseline -0.006 -22"><span class='ocrx_word' id='word_1_109' title='bbox 356 1405 495 1470; x_wconf 89' lang='lat' dir='ltr'>curaque</span> <span class='ocrx_word' id='word_1_110' title='bbox 509 1381 692 1469; x_wconf 90' lang='lat' dir='ltr'>permultos</span> <span class='ocrx_word' id='word_1_111' title='bbox 707 1403 815 1458; x_wconf 81' lang='lat' dir='ltr'>annos,</span> <span class='ocrx_word' id='word_1_112' title='bbox 828 1380 1031 1446; x_wconf 85' lang='lat' dir='ltr'>Archimedis</span> <span class='ocrx_word' id='word_1_113' title='bbox 1044 1382 1139 1447; x_wconf 90' lang='lat' dir='ltr'>unica</span> <span class='ocrx_word' id='word_1_114' title='bbox 1152 1395 1231 1447; x_wconf 84' lang='lat' dir='ltr'>arte.</span> <span class='ocrx_word' id='word_1_115' title='bbox 1309 1395 1380 1444; x_wconf 85' lang='lat' dir='ltr'>aturs</span> 
     </span>
    </p>
   </div>
   <div class='ocr_carea' id='block_1_3' title="bbox 357 1465 1379 1643">
    <p class='ocr_par' dir='ltr' id='par_1_4' title="bbox 357 1465 1379 1643">
     <span class='ocr_line' id='line_1_15' title="bbox 357 1465 1379 1556; baseline -0.005 -21"><span class='ocrx_word' id='word_1_116' title='bbox 357 1470 453 1535; x_wconf 90' lang='lat' dir='ltr'>etiam</span> <span class='ocrx_word' id='word_1_117' title='bbox 474 1469 601 1534; x_wconf 90' lang='lat' dir='ltr'>iuvabat</span> <span class='ocrx_word' id='word_1_118' title='bbox 620 1467 692 1546; x_wconf 90' lang='lat' dir='ltr'>loci,</span> <span class='ocrx_word' id='word_1_119' title='bbox 707 1468 795 1556; x_wconf 92' lang='lat' dir='ltr'>quod</span> <span class='ocrx_word' id='word_1_120' title='bbox 814 1489 934 1546; x_wconf 84' lang='lat' dir='ltr'>saxum,</span> <span class='ocrx_word' id='word_1_121' title='bbox 950 1469 1002 1532; x_wconf 90' lang='lat' dir='ltr'>cui</span> <span class='ocrx_word' id='word_1_122' title='bbox 1023 1469 1170 1556; x_wconf 87' lang='lat' dir='ltr'>imposita</span> <span class='ocrx_word' id='word_1_123' title='bbox 1186 1469 1272 1534; x_wconf 91' lang='lat' dir='ltr'>muri</span> <span class='ocrx_word' id='word_1_124' title='bbox 1287 1465 1379 1532; x_wconf 76' lang='lat' dir='ltr'>firuds</span> 
     </span>
     <span class='ocr_line' id='line_1_16' title="bbox 358 1554 1379 1643; baseline -0.003 -24"><span class='ocrx_word' id='word_1_125' title='bbox 358 1569 465 1620; x_wconf 89' lang='lat' dir='ltr'>menta</span> <span class='ocrx_word' id='word_1_126' title='bbox 479 1568 561 1633; x_wconf 86' lang='lat' dir='ltr'>sunt,</span> <span class='ocrx_word' id='word_1_127' title='bbox 578 1577 693 1643; x_wconf 86' lang='lat' dir='ltr'>magna</span> <span class='ocrx_word' id='word_1_128' title='bbox 711 1578 753 1619; x_wconf 86' lang='lat' dir='ltr'>ex</span> <span class='ocrx_word' id='word_1_129' title='bbox 767 1567 855 1642; x_wconf 87' lang='lat' dir='ltr'>parte</span> <span class='ocrx_word' id='word_1_130' title='bbox 870 1554 916 1618; x_wconf 87' lang='lat' dir='ltr'>ita</span> <span class='ocrx_word' id='word_1_131' title='bbox 932 1554 1069 1641; x_wconf 88' lang='lat' dir='ltr'>proclive</span> <span class='ocrx_word' id='word_1_132' title='bbox 1084 1571 1141 1633; x_wconf 88' lang='lat' dir='ltr'>est,</span> <span class='ocrx_word' id='word_1_133' title='bbox 1157 1567 1195 1620; x_wconf 93' lang='lat' dir='ltr'>ut</span> <span class='ocrx_word' id='word_1_134' title='bbox 1218 1578 1285 1620; x_wconf 92' lang='lat' dir='ltr'>non</span> <span class='ocrx_word' id='word_1_135' title='bbox 1298 1555 1379 1619; x_wconf 85' lang='lat' dir='ltr'>solun</span> 
     </span>
    </p>
   </div>
   <div class='ocr_carea' id='block_1_4' title="bbox 202 1640 1381 1987">
    <p class='ocr_par' dir='ltr' id='par_1_5' title="bbox 202 1640 1381 1987">
     <span class='ocr_line' id='line_1_17' title="bbox 357 1640 1381 1731; baseline -0.002 -25"><span class='ocrx_word' id='word_1_136' title='bbox 357 1642 451 1706; x_wconf 86' lang='lat' dir='ltr'>missa</span> <span class='ocrx_word' id='word_1_137' title='bbox 478 1654 645 1718; x_wconf 79' lang='lat' dir='ltr'>tenuento,</span> <span class='ocrx_word' id='word_1_138' title='bbox 669 1641 726 1706; x_wconf 86' lang='lat' dir='ltr'>sed</span> <span class='ocrx_word' id='word_1_139' title='bbox 754 1642 850 1706; x_wconf 89' lang='lat' dir='ltr'>etiam</span> <span class='ocrx_word' id='word_1_140' title='bbox 874 1663 955 1728; x_wconf 88' lang='lat' dir='ltr'>quae</span> <span class='ocrx_word' id='word_1_141' title='bbox 979 1642 1119 1728; x_wconf 87' lang='lat' dir='ltr'>pondere</span> <span class='ocrx_word' id='word_1_142' title='bbox 1148 1665 1208 1706; x_wconf 86' lang='lat' dir='ltr'>suo</span> <span class='ocrx_word' id='word_1_143' title='bbox 1237 1640 1381 1731; x_wconf 83' lang='lat' dir='ltr'>provoluta</span> 
     </span>
     <span class='ocr_line' id='line_1_18' title="bbox 357 1725 1381 1814; baseline -0.004 -20"><span class='ocrx_word' id='word_1_144' title='bbox 357 1741 470 1804; x_wconf 84' lang='lat' dir='ltr'>essent,</span> <span class='ocrx_word' id='word_1_145' title='bbox 494 1727 630 1814; x_wconf 84' lang='lat' dir='ltr'>graviter</span> <span class='ocrx_word' id='word_1_146' title='bbox 652 1728 687 1792; x_wconf 91' lang='lat' dir='ltr'>in</span> <span class='ocrx_word' id='word_1_147' title='bbox 712 1727 835 1792; x_wconf 86' lang='lat' dir='ltr'>hostem</span> <span class='ocrx_word' id='word_1_148' title='bbox 861 1727 1045 1794; x_wconf 86' lang='lat' dir='ltr'>inciderent</span> <span class='ocrx_word' id='word_1_149' title='bbox 1091 1727 1216 1794; x_wconf 88' lang='lat' dir='ltr'>Eadem</span> <span class='ocrx_word' id='word_1_150' title='bbox 1243 1725 1381 1794; x_wconf 84' lang='lat' dir='ltr'>causatd</span> 
     </span>
     <span class='ocr_line' id='line_1_19' title="bbox 357 1813 1381 1904; baseline -0.003 -25"><span class='ocrx_word' id='word_1_151' title='bbox 357 1815 557 1880; x_wconf 85' lang='lat' dir='ltr'>subeundum</span> <span class='ocrx_word' id='word_1_152' title='bbox 572 1814 705 1879; x_wconf 87' lang='lat' dir='ltr'>arduum</span> <span class='ocrx_word' id='word_1_153' title='bbox 720 1815 843 1879; x_wconf 89' lang='lat' dir='ltr'>aditum</span> <span class='ocrx_word' id='word_1_154' title='bbox 862 1813 1105 1902; x_wconf 87' lang='lat' dir='ltr'>instabilemque</span> <span class='ocrx_word' id='word_1_155' title='bbox 1120 1815 1297 1904; x_wconf 87' lang='lat' dir='ltr'>ingressum</span> <span class='ocrx_word' id='word_1_156' title='bbox 1329 1835 1381 1878; x_wconf 86' lang='lat' dir='ltr'>rae·</span> 
     </span>
     <span class='ocr_line' id='line_1_20' title="bbox 202 1837 1381 1987; baseline -0.008 -14"><span class='ocrx_word' id='word_1_157' title='bbox 202 1911 241 1959; x_wconf 75' lang='lat' dir='ltr'>Ab</span> <span class='ocrx_word' id='word_1_158' title='bbox 253 1925 329 1985; x_wconf 75' lang='lat' dir='ltr'>oppu-</span> <span class='ocrx_word' id='word_1_159' title='bbox 356 1902 460 1968; x_wconf 90' lang='lat' dir='ltr'>bebat</span> <span class='ocrx_word' id='word_1_160' title='bbox 505 1901 564 1979; x_wconf 78' lang='lat' dir='ltr'>Ita,</span> <span class='ocrx_word' id='word_1_161' title='bbox 585 1901 716 1966; x_wconf 89' lang='lat' dir='ltr'>consilio</span> <span class='ocrx_word' id='word_1_162' title='bbox 734 1901 851 1978; x_wconf 89' lang='lat' dir='ltr'>habito,</span> <span class='ocrx_word' id='word_1_163' title='bbox 867 1923 967 1987; x_wconf 92' lang='lat' dir='ltr'>quum</span> <span class='ocrx_word' id='word_1_164' title='bbox 988 1903 1092 1966; x_wconf 88' lang='lat' dir='ltr'>omnis</span> <span class='ocrx_word' id='word_1_165' title='bbox 1110 1916 1244 1967; x_wconf 84' lang='lat' dir='ltr'>conatus</span> <span class='ocrx_word' id='word_1_166' title='bbox 1266 1837 1381 1967; x_wconf 79' lang='lat' dir='ltr'>ludibrio</span> 
     </span>
    </p>
   </div>
   <div class='ocr_carea' id='block_1_5' title="bbox 199 1979 1382 2250">
    <p class='ocr_par' dir='ltr' id='par_1_6' title="bbox 199 1979 1382 2250">
     <span class='ocr_line' id='line_1_21' title="bbox 199 1979 1381 2088; baseline -0.002 -36"><span class='ocrx_word' id='word_1_167' title='bbox 199 1979 320 2088; x_wconf 57' lang='lat' dir='ltr'>ffiffi</span> <span class='ocrx_word' id='word_1_168' title='bbox 357 2003 448 2066; x_wconf 87' lang='lat' dir='ltr'>esset,</span> <span class='ocrx_word' id='word_1_169' title='bbox 464 1989 611 2055; x_wconf 86' lang='lat' dir='ltr'>absistere</span> <span class='ocrx_word' id='word_1_170' title='bbox 631 1988 876 2075; x_wconf 87' lang='lat' dir='ltr'>oppugnatione,</span> <span class='ocrx_word' id='word_1_171' title='bbox 895 2001 928 2053; x_wconf 88' lang='lat' dir='ltr'>at</span> <span class='ocrx_word' id='word_1_172' title='bbox 951 2011 990 2053; x_wconf 90' lang='lat' dir='ltr'>ue</span> <span class='ocrx_word' id='word_1_173' title='bbox 1014 1988 1189 2054; x_wconf 89' lang='lat' dir='ltr'>obsidendo</span> <span class='ocrx_word' id='word_1_174' title='bbox 1209 2003 1330 2054; x_wconf 86' lang='lat' dir='ltr'>tantum</span> <span class='ocrx_word' id='word_1_175' title='bbox 1346 2007 1381 2050; x_wconf 76' lang='lat' dir='ltr'>ao</span> 
     </span>
     <span class='ocr_line' id='line_1_22' title="bbox 202 2074 1203 2163; baseline -0.003 -20"><span class='ocrx_word' id='word_1_176' title='bbox 202 2103 318 2154; x_wconf 68' lang='lat' dir='ltr'>Roman</span> <span class='ocrx_word' id='word_1_177' title='bbox 357 2097 429 2142; x_wconf 88' lang='lat' dir='ltr'>cere</span> <span class='ocrx_word' id='word_1_178' title='bbox 444 2090 527 2141; x_wconf 90' lang='lat' dir='ltr'>terra</span> <span class='ocrx_word' id='word_1_179' title='bbox 540 2075 681 2163; x_wconf 88' lang='lat' dir='ltr'>marique</span> <span class='ocrx_word' id='word_1_180' title='bbox 697 2074 924 2140; x_wconf 88' lang='lat' dir='ltr'>commeatibus</span> <span class='ocrx_word' id='word_1_181' title='bbox 961 2087 1060 2140; x_wconf 87' lang='lat' dir='ltr'>ostem</span> <span class='ocrx_word' id='word_1_182' title='bbox 1075 2075 1203 2163; x_wconf 90' lang='lat' dir='ltr'>placuit</span> 
     </span>
     <span class='ocr_line' id='line_1_23' title="bbox 249 2157 1382 2250; baseline -0.007 -20"><span class='ocrx_word' id='word_1_183' title='bbox 249 2169 300 2232; x_wconf 87' lang='grc'>35.</span> <span class='ocrx_word' id='word_1_184' title='bbox 402 2161 534 2227; x_wconf 87' lang='lat' dir='ltr'>Interim</span> <span class='ocrx_word' id='word_1_185' title='bbox 564 2160 744 2238; x_wconf 88' lang='lat' dir='ltr'>Marcellus,</span> <span class='ocrx_word' id='word_1_186' title='bbox 768 2184 841 2225; x_wconf 88' lang='lat' dir='ltr'>cum</span> <span class='ocrx_word' id='word_1_187' title='bbox 871 2161 963 2226; x_wconf 88' lang='lat' dir='ltr'>tertia</span> <span class='ocrx_word' id='word_1_188' title='bbox 983 2161 1048 2227; x_wconf 84' lang='lat' dir='ltr'>fere</span> <span class='ocrx_word' id='word_1_189' title='bbox 1070 2176 1158 2250; x_wconf 87' lang='lat' dir='ltr'>parte</span> <span class='ocrx_word' id='word_1_190' title='bbox 1180 2157 1382 2228; x_wconf 85' lang='lat' dir='ltr'>exercitussd</span> 
     </span>
    </p>
   </div>
   <div class='ocr_carea' id='block_1_6' title="bbox 199 2247 1382 2444">
    <p class='ocr_par' dir='ltr' id='par_1_7' title="bbox 199 2247 1382 2444">
     <span class='ocr_line' id='line_1_24' title="bbox 199 2247 1382 2368; baseline 0 -57"><span class='ocrx_word' id='word_1_191' title='bbox 199 2253 344 2368; x_wconf 45' lang='lat' dir='ltr'>fflpgfl</span> <span class='ocrx_word' id='word_1_192' title='bbox 358 2249 554 2336; x_wconf 87' lang='lat' dir='ltr'>recipiendas</span> <span class='ocrx_word' id='word_1_193' title='bbox 573 2249 667 2314; x_wconf 90' lang='lat' dir='ltr'>urbes</span> <span class='ocrx_word' id='word_1_194' title='bbox 686 2247 856 2335; x_wconf 67' lang='lat' dir='ltr'>profectua</span> <span class='ocrx_word' id='word_1_195' title='bbox 871 2271 953 2336; x_wconf 88' lang='lat' dir='ltr'>quae</span> <span class='ocrx_word' id='word_1_196' title='bbox 974 2249 1008 2312; x_wconf 92' lang='lat' dir='ltr'>in</span> <span class='ocrx_word' id='word_1_197' title='bbox 1029 2262 1117 2314; x_wconf 90' lang='lat' dir='ltr'>motu</span> <span class='ocrx_word' id='word_1_198' title='bbox 1136 2271 1246 2314; x_wconf 90' lang='lat' dir='ltr'>rerum</span> <span class='ocrx_word' id='word_1_199' title='bbox 1260 2249 1302 2315; x_wconf 90' lang='lat' dir='ltr'>ad</span> <span class='ocrx_word' id='word_1_200' title='bbox 1321 2247 1382 2312; x_wconf 88' lang='lat' dir='ltr'>Car·</span> 
     </span>
     <span class='ocr_line' id='line_1_25' title="bbox 200 2381 274 2444; baseline 0.027 -14"><span class='ocrx_word' id='word_1_201' title='bbox 200 2381 274 2444; x_wconf 80' lang='lat' dir='ltr'>capit</span> 
     </span>
    </p>
   </div>
   <div class='ocr_carea' id='block_1_7' title="bbox 354 2497 1423 4416">
    <p class='ocr_par' dir='ltr' id='par_1_8' title="bbox 354 2497 1423 4416">
     <span class='ocr_line' id='line_1_26' title="bbox 357 2497 1081 2562; baseline 0.003 -15"><span class='ocrx_word' id='word_1_202' title='bbox 357 2497 433 2547; x_wconf 77' lang='lat' dir='ltr'>eiliari</span> <span class='ocrx_word' id='word_1_203' title='bbox 450 2504 539 2561; x_wconf 86' lang='lat' dir='ltr'>potest,</span> <span class='ocrx_word' id='word_1_204' title='bbox 551 2505 580 2547; x_wconf 92' lang='lat' dir='ltr'>ut</span> <span class='ocrx_word' id='word_1_205' title='bbox 595 2499 662 2548; x_wconf 85' lang='lat' dir='ltr'>dicas</span> <span class='ocrx_word' id='word_1_206' title='bbox 681 2500 800 2548; x_wconf 78' lang='lat' dir='ltr'>formica</span> <span class='ocrx_word' id='word_1_207' title='bbox 816 2499 863 2549; x_wconf 81' lang='lat' dir='ltr'>isia</span> <span class='ocrx_word' id='word_1_208' title='bbox 889 2502 982 2562; x_wconf 72' lang='lat' dir='ltr'>soom.</span> <span class='ocrx_word' id='word_1_209' title='bbox 1000 2501 1081 2551; x_wconf 76' lang='lat' dir='ltr'>cmv.</span> 
     </span>
     <span class='ocr_line' id='line_1_27' title="bbox 356 2563 1383 2626; baseline 0.002 -14"><span class='ocrx_word' id='word_1_210' title='bbox 356 2577 399 2612; x_wconf 87' lang='lat' dir='ltr'>seu</span> <span class='ocrx_word' id='word_1_211' title='bbox 409 2579 470 2612; x_wconf 83' lang='lat' dir='ltr'>coeo</span> <span class='ocrx_word' id='word_1_212' title='bbox 482 2563 628 2612; x_wconf 88' lang='lat' dir='ltr'>intrinsecus</span> <span class='ocrx_word' id='word_1_213' title='bbox 638 2564 763 2622; x_wconf 82' lang='lat' dir='ltr'>cubitalia,</span> <span class='ocrx_word' id='word_1_214' title='bbox 774 2563 862 2612; x_wconf 88' lang='lat' dir='ltr'>extrin-</span> <span class='ocrx_word' id='word_1_215' title='bbox 932 2567 999 2625; x_wconf 79' lang='lat' dir='ltr'>7In</span> <span class='ocrx_word' id='word_1_216' title='bbox 1019 2581 1062 2615; x_wconf 81' lang='lat' dir='ltr'>eas</span> <span class='ocrx_word' id='word_1_217' title='bbox 1082 2567 1214 2626; x_wconf 70' lang='grc' dir='ltr'>ιοὶίσπωιε]</span> <span class='ocrx_word' id='word_1_218' title='bbox 1249 2566 1340 2614; x_wconf 73' lang='lat' dir='ltr'>Toum</span> <span class='ocrx_word' id='word_1_219' title='bbox 1357 2569 1383 2610; x_wconf 60' lang='lat' dir='ltr'><strong><em>w</em></strong></span> 
     </span>
     <span class='ocr_line' id='line_1_28' title="bbox 356 2627 1384 2704; baseline -0.001 -29"><span class='ocrx_word' id='word_1_220' title='bbox 356 2641 427 2675; x_wconf 82' lang='lat' dir='ltr'>secus</span> <span class='ocrx_word' id='word_1_221' title='bbox 437 2642 494 2674; x_wconf 85' lang='lat' dir='ltr'>vero</span> <span class='ocrx_word' id='word_1_222' title='bbox 505 2628 631 2688; x_wconf 81' lang='lat' dir='ltr'>palmaria,</span> <span class='ocrx_word' id='word_1_223' title='bbox 642 2627 722 2676; x_wconf 78' lang='lat' dir='ltr'>husee.</span> <span class='ocrx_word' id='word_1_224' title='bbox 740 2629 847 2677; x_wconf 77' lang='lat' dir='ltr'>smera.</span> <span class='ocrx_word' id='word_1_225' title='bbox 895 2628 1023 2677; x_wconf 82' lang='lat' dir='ltr'>machinae</span> <span class='ocrx_word' id='word_1_226' title='bbox 1040 2644 1124 2692; x_wconf 83' lang='lat' dir='ltr'>genus,</span> <span class='ocrx_word' id='word_1_227' title='bbox 1140 2645 1217 2704; x_wconf 80' lang='lat' dir='ltr'>quum</span> <span class='ocrx_word' id='word_1_228' title='bbox 1234 2629 1299 2678; x_wconf 81' lang='lat' dir='ltr'>trabi</span> <span class='ocrx_word' id='word_1_229' title='bbox 1314 2629 1336 2676; x_wconf 94' lang='lat' dir='ltr'>in</span> <span class='ocrx_word' id='word_1_230' title='bbox 1350 2633 1384 2674; x_wconf 73' lang='lat' dir='ltr'>te</span> 
     </span>
     <span class='ocr_line' id='line_1_29' title="bbox 357 2692 1384 2828; baseline 0.002 -26"><span class='ocrx_word' id='word_1_231' title='bbox 357 2692 862 2828; x_wconf 49' lang='lat' dir='ltr'>unffldmbliiiiiiilhli</span> <span class='ocrx_word' id='word_1_232' title='bbox 894 2707 948 2806; x_wconf 67' lang='lat' dir='ltr'>{tt</span> <span class='ocrx_word' id='word_1_233' title='bbox 961 2693 1384 2820; x_wconf 49' lang='lat' dir='ltr'>inmittam</span> 
     </span>
     <span class='ocr_line' id='line_1_30' title="bbox 359 2817 1385 2882; baseline 0.007 -16"><span class='ocrx_word' id='word_1_234' title='bbox 359 2818 399 2867; x_wconf 87' lang='lat' dir='ltr'>De</span> <span class='ocrx_word' id='word_1_235' title='bbox 418 2817 447 2867; x_wconf 86' lang='lat' dir='ltr'>irs</span> <span class='ocrx_word' id='word_1_236' title='bbox 465 2833 500 2866; x_wconf 90' lang='lat' dir='ltr'>s1c</span> <span class='ocrx_word' id='word_1_237' title='bbox 518 2818 593 2868; x_wconf 87' lang='lat' dir='ltr'>habet</span> <span class='ocrx_word' id='word_1_238' title='bbox 612 2819 745 2882; x_wconf 76' lang='lat' dir='ltr'>vegetius:</span> <span class='ocrx_word' id='word_1_239' title='bbox 768 2821 862 2869; x_wconf 85' lang='lat' dir='ltr'>“Scor-</span> <span class='ocrx_word' id='word_1_240' title='bbox 894 2820 1026 2870; x_wconf 79' lang='lat' dir='ltr'>medietate</span> <span class='ocrx_word' id='word_1_241' title='bbox 1042 2821 1194 2870; x_wconf 86' lang='lat' dir='ltr'>connectitur</span> <span class='ocrx_word' id='word_1_242' title='bbox 1204 2837 1235 2870; x_wconf 87' lang='lat' dir='ltr'>eo</span> <span class='ocrx_word' id='word_1_243' title='bbox 1249 2821 1385 2873; x_wconf 66' lang='lat' dir='ltr'>unauna</span> 
     </span>
     <span class='ocr_line' id='line_1_31' title="bbox 357 2881 1384 2948; baseline 0.001 -19"><span class='ocrx_word' id='word_1_244' title='bbox 357 2881 442 2946; x_wconf 88' lang='lat' dir='ltr'>piones</span> <span class='ocrx_word' id='word_1_245' title='bbox 463 2881 585 2942; x_wconf 84' lang='lat' dir='ltr'>dicebant,</span> <span class='ocrx_word' id='word_1_246' title='bbox 608 2899 669 2944; x_wconf 84' lang='lat' dir='ltr'>quae</span> <span class='ocrx_word' id='word_1_247' title='bbox 690 2899 755 2931; x_wconf 91' lang='lat' dir='ltr'>nunc</span> <span class='ocrx_word' id='word_1_248' title='bbox 778 2899 862 2933; x_wconf 87' lang='lat' dir='ltr'>manu·</span> <span class='ocrx_word' id='word_1_249' title='bbox 895 2885 966 2943; x_wconf 90' lang='lat' dir='ltr'>ut‚si</span> <span class='ocrx_word' id='word_1_250' title='bbox 985 2899 1062 2933; x_wconf 88' lang='lat' dir='ltr'>unum</span> <span class='ocrx_word' id='word_1_251' title='bbox 1081 2891 1156 2948; x_wconf 91' lang='lat' dir='ltr'>caput</span> <span class='ocrx_word' id='word_1_252' title='bbox 1172 2885 1326 2948; x_wconf 73' lang='lat' dir='ltr'>depresseris,</span> <span class='ocrx_word' id='word_1_253' title='bbox 1339 2885 1384 2932; x_wconf 81' lang='lat' dir='ltr'>cite</span> 
     </span>
     <span class='ocr_line' id='line_1_32' title="bbox 356 2947 1384 3012; baseline 0 -18"><span class='ocrx_word' id='word_1_254' title='bbox 356 2947 466 2996; x_wconf 81' lang='lat' dir='ltr'>ballistas</span> <span class='ocrx_word' id='word_1_255' title='bbox 478 2951 573 2996; x_wconf 87' lang='lat' dir='ltr'>vocant.</span> <span class='ocrx_word' id='word_1_256' title='bbox 602 2947 664 2996; x_wconf 88' lang='lat' dir='ltr'>Ideo</span> <span class='ocrx_word' id='word_1_257' title='bbox 674 2947 709 2996; x_wconf 90' lang='lat' dir='ltr'>sic</span> <span class='ocrx_word' id='word_1_258' title='bbox 719 2949 863 3010; x_wconf 84' lang='lat' dir='ltr'>nuncupati,</span> <span class='ocrx_word' id='word_1_259' title='bbox 895 2963 948 2997; x_wconf 88' lang='lat' dir='ltr'>rum</span> <span class='ocrx_word' id='word_1_260' title='bbox 962 2949 1072 3011; x_wconf 76' lang='lat' dir='ltr'>erigatur.</span> <span class='ocrx_word' id='word_1_261' title='bbox 1106 2950 1185 3012; x_wconf 83' lang='lat' dir='ltr'>Igitur</span> <span class='ocrx_word' id='word_1_262' title='bbox 1198 2950 1315 2998; x_wconf 87' lang='lat' dir='ltr'>machina</span> <span class='ocrx_word' id='word_1_263' title='bbox 1329 2947 1384 2996; x_wconf 76' lang='lat' dir='ltr'>huus</span> 
     </span>
     <span class='ocr_line' id='line_1_33' title="bbox 356 3011 1385 3076; baseline 0.002 -17"><span class='ocrx_word' id='word_1_264' title='bbox 356 3012 422 3073; x_wconf 86' lang='lat' dir='ltr'>qnod</span> <span class='ocrx_word' id='word_1_265' title='bbox 450 3011 530 3074; x_wconf 84' lang='lat' dir='ltr'>parvis</span> <span class='ocrx_word' id='word_1_266' title='bbox 559 3011 735 3074; x_wconf 77' lang='lat' dir='ltr'>subtilibusque</span> <span class='ocrx_word' id='word_1_267' title='bbox 762 3013 863 3074; x_wconf 89' lang='lat' dir='ltr'>apiculis</span> <span class='ocrx_word' id='word_1_268' title='bbox 893 3013 987 3076; x_wconf 78' lang='lat' dir='ltr'>generis</span> <span class='ocrx_word' id='word_1_269' title='bbox 996 3029 1069 3076; x_wconf 84' lang='lat' dir='ltr'>super</span> <span class='ocrx_word' id='word_1_270' title='bbox 1079 3029 1175 3062; x_wconf 82' lang='lat' dir='ltr'>munim</span> <span class='ocrx_word' id='word_1_271' title='bbox 1186 3013 1385 3072; x_wconf 58' lang='lat' dir='ltr'>entinentcsterrtt</span> 
     </span>
     <span class='ocr_line' id='line_1_34' title="bbox 356 3076 1384 3141; baseline 0.005 -19"><span class='ocrx_word' id='word_1_272' title='bbox 356 3081 460 3124; x_wconf 86' lang='lat' dir='ltr'>mortem</span> <span class='ocrx_word' id='word_1_273' title='bbox 476 3077 606 3125; x_wconf 75' lang='lat' dir='ltr'>inferant”</span> <span class='ocrx_word' id='word_1_274' title='bbox 639 3076 685 3124; x_wconf 89' lang='lat' dir='ltr'>Vir</span> <span class='ocrx_word' id='word_1_275' title='bbox 698 3091 761 3124; x_wconf 87' lang='lat' dir='ltr'>unus</span> <span class='ocrx_word' id='word_1_276' title='bbox 775 3076 861 3125; x_wconf 89' lang='lat' dir='ltr'>eosdi·</span> <span class='ocrx_word' id='word_1_277' title='bbox 894 3091 981 3126; x_wconf 79' lang='lat' dir='ltr'>mantis</span> <span class='ocrx_word' id='word_1_278' title='bbox 999 3077 1083 3128; x_wconf 85' lang='lat' dir='ltr'>firmae</span> <span class='ocrx_word' id='word_1_279' title='bbox 1101 3085 1202 3127; x_wconf 79' lang='lat' dir='ltr'>catenae</span> <span class='ocrx_word' id='word_1_280' title='bbox 1221 3078 1324 3141; x_wconf 76' lang='lat' dir='ltr'>illigata,</span> <span class='ocrx_word' id='word_1_281' title='bbox 1337 3089 1384 3138; x_wconf 65' lang='lat' dir='ltr'>quat</span> 
     </span>
     <span class='ocr_line' id='line_1_35' title="bbox 356 3137 1383 3204; baseline -0.003 -16"><span class='ocrx_word' id='word_1_282' title='bbox 356 3137 440 3201; x_wconf 74' lang='lat' dir='ltr'>rigere,</span> <span class='ocrx_word' id='word_1_283' title='bbox 452 3139 482 3188; x_wconf 89' lang='lat' dir='ltr'>iis</span> <span class='ocrx_word' id='word_1_284' title='bbox 498 3140 533 3188; x_wconf 88' lang='lat' dir='ltr'>uti</span> <span class='ocrx_word' id='word_1_285' title='bbox 551 3145 654 3204; x_wconf 87' lang='lat' dir='ltr'>poterat.</span> <span class='ocrx_word' id='word_1_286' title='bbox 693 3140 807 3201; x_wconf 88' lang='lat' dir='ltr'>Duplicis</span> <span class='ocrx_word' id='word_1_287' title='bbox 822 3155 862 3202; x_wconf 75' lang='lat' dir='ltr'>ge</span> <span class='ocrx_word' id='word_1_288' title='bbox 894 3141 992 3203; x_wconf 85' lang='lat' dir='ltr'>quidem</span> <span class='ocrx_word' id='word_1_289' title='bbox 1009 3148 1097 3190; x_wconf 86' lang='lat' dir='ltr'>catena</span> <span class='ocrx_word' id='word_1_290' title='bbox 1112 3143 1235 3204; x_wconf 83' lang='lat' dir='ltr'>pendebat</span> <span class='ocrx_word' id='word_1_291' title='bbox 1246 3159 1279 3190; x_wconf 85' lang='lat' dir='ltr'>ex</span> <span class='ocrx_word' id='word_1_292' title='bbox 1290 3142 1383 3190; x_wconf 76' lang='lat' dir='ltr'>unobre</span> 
     </span>
     <span class='ocr_line' id='line_1_36' title="bbox 356 3202 1384 3268; baseline 0.001 -17"><span class='ocrx_word' id='word_1_293' title='bbox 356 3202 503 3263; x_wconf 82' lang='lat' dir='ltr'>nerisfuere,</span> <span class='ocrx_word' id='word_1_294' title='bbox 511 3205 613 3254; x_wconf 87' lang='lat' dir='ltr'>maiores</span> <span class='ocrx_word' id='word_1_295' title='bbox 624 3204 784 3266; x_wconf 85' lang='lat' dir='ltr'>minoresque.</span> <span class='ocrx_word' id='word_1_296' title='bbox 803 3203 860 3253; x_wconf 87' lang='lat' dir='ltr'>Vid.</span> <span class='ocrx_word' id='word_1_297' title='bbox 893 3204 950 3252; x_wconf 93' lang='lat' dir='ltr'>chio</span> <span class='ocrx_word' id='word_1_298' title='bbox 975 3205 1114 3264; x_wconf 83' lang='lat' dir='ltr'>tollenonis,</span> <span class='ocrx_word' id='word_1_299' title='bbox 1135 3205 1292 3254; x_wconf 80' lang='lat' dir='ltr'>inliciebatur</span> <span class='ocrx_word' id='word_1_300' title='bbox 1317 3217 1384 3268; x_wconf 70' lang='lat' dir='ltr'>prone</span> 
     </span>
     <span class='ocr_line' id='line_1_37' title="bbox 357 3265 1384 3332; baseline 0.002 -17"><span class='ocrx_word' id='word_1_301' title='bbox 357 3265 425 3330; x_wconf 82' lang='lat' dir='ltr'>Lips</span> <span class='ocrx_word' id='word_1_302' title='bbox 438 3268 541 3317; x_wconf 66' lang='lat' dir='ltr'>Poliore,</span> <span class='ocrx_word' id='word_1_303' title='bbox 554 3268 586 3319; x_wconf 93' lang='lat' dir='ltr'>iii.</span> <span class='ocrx_word' id='word_1_304' title='bbox 597 3286 621 3329; x_wconf 85' lang='lat'>4.</span> <span class='ocrx_word' id='word_1_305' title='bbox 638 3269 718 3318; x_wconf 73' lang='lat' dir='ltr'>cm.</span> <span class='ocrx_word' id='word_1_306' title='bbox 892 3269 997 3318; x_wconf 83' lang='lat' dir='ltr'>alictrius</span> <span class='ocrx_word' id='word_1_307' title='bbox 1004 3269 1079 3319; x_wconf 77' lang='lat' dir='ltr'>navis</span> <span class='ocrx_word' id='word_1_308' title='bbox 1104 3269 1169 3319; x_wconf 88' lang='lat' dir='ltr'>Tum</span> <span class='ocrx_word' id='word_1_309' title='bbox 1180 3270 1248 3332; x_wconf 77' lang='lat' dir='ltr'>gravi</span> <span class='ocrx_word' id='word_1_310' title='bbox 1257 3269 1384 3318; x_wconf 72' lang='lat' dir='ltr'>libramento</span> 
     </span>
     <span class='ocr_line' id='line_1_38' title="bbox 389 3331 1383 3397; baseline -0.002 -16"><span class='ocrx_word' id='word_1_311' title='bbox 389 3343 403 3394; x_wconf 81' lang='lat'><strong>5</strong></span> <span class='ocrx_word' id='word_1_312' title='bbox 416 3334 484 3390; x_wconf 78' lang='lat' dir='ltr'>Quas</span> <span class='ocrx_word' id='word_1_313' title='bbox 492 3335 595 3395; x_wconf 82' lang='lat' dir='ltr'>propius</span> <span class='ocrx_word' id='word_1_314' title='bbox 605 3333 735 3397; x_wconf 79' lang='lat' dir='ltr'>quaedum]</span> <span class='ocrx_word' id='word_1_315' title='bbox 752 3331 792 3381; x_wconf 85' lang='lat' dir='ltr'>Sic</span> <span class='ocrx_word' id='word_1_316' title='bbox 800 3331 860 3382; x_wconf 81' lang='lat' dir='ltr'>Gro-</span> <span class='ocrx_word' id='word_1_317' title='bbox 893 3333 997 3396; x_wconf 90' lang='lat' dir='ltr'>plumbi,</span> <span class='ocrx_word' id='word_1_318' title='bbox 1006 3335 1071 3396; x_wconf 89' lang='lat' dir='ltr'>quod</span> <span class='ocrx_word' id='word_1_319' title='bbox 1082 3333 1151 3383; x_wconf 84' lang='lat' dir='ltr'>alteri</span> <span class='ocrx_word' id='word_1_320' title='bbox 1159 3335 1294 3382; x_wconf 87' lang='lat' dir='ltr'>tollenonis</span> <span class='ocrx_word' id='word_1_321' title='bbox 1303 3331 1383 3382; x_wconf 77' lang='lat' dir='ltr'>brachia</span> 
     </span>
     <span class='ocr_line' id='line_1_39' title="bbox 356 3394 1383 3458; baseline 0.001 -15"><span class='ocrx_word' id='word_1_322' title='bbox 356 3395 443 3444; x_wconf 81' lang='lat' dir='ltr'>novius</span> <span class='ocrx_word' id='word_1_323' title='bbox 463 3395 531 3444; x_wconf 88' lang='lat' dir='ltr'>dedit</span> <span class='ocrx_word' id='word_1_324' title='bbox 552 3411 584 3444; x_wconf 86' lang='lat' dir='ltr'>ex</span> <span class='ocrx_word' id='word_1_325' title='bbox 605 3397 681 3445; x_wconf 74' lang='lat' dir='ltr'>tubus</span> <span class='ocrx_word' id='word_1_326' title='bbox 702 3411 754 3445; x_wconf 85' lang='lat' dir='ltr'>rsss.</span> <span class='ocrx_word' id='word_1_327' title='bbox 774 3395 861 3458; x_wconf 90' lang='lat' dir='ltr'>quibus</span> <span class='ocrx_word' id='word_1_328' title='bbox 893 3411 1031 3446; x_wconf 87' lang='lat' dir='ltr'>connexum</span> <span class='ocrx_word' id='word_1_329' title='bbox 1049 3405 1109 3458; x_wconf 84' lang='lat' dir='ltr'>erat,</span> <span class='ocrx_word' id='word_1_330' title='bbox 1123 3399 1265 3458; x_wconf 76' lang='lat' dir='ltr'>recedente,</span> <span class='ocrx_word' id='word_1_331' title='bbox 1282 3413 1323 3447; x_wconf 86' lang='lat' dir='ltr'>seu</span> <span class='ocrx_word' id='word_1_332' title='bbox 1339 3394 1383 3444; x_wconf 77' lang='lat' dir='ltr'>red</span> 
     </span>
     <span class='ocr_line' id='line_1_40' title="bbox 354 3459 1383 3522; baseline 0 -14"><span class='ocrx_word' id='word_1_333' title='bbox 354 3459 521 3508; x_wconf 72' lang='lat' dir='ltr'>assentiamur</span> <span class='ocrx_word' id='word_1_334' title='bbox 540 3461 590 3508; x_wconf 89' lang='lat' dir='ltr'>duo</span> <span class='ocrx_word' id='word_1_335' title='bbox 610 3460 721 3511; x_wconf 84' lang='lat' dir='ltr'>Heamio</span> <span class='ocrx_word' id='word_1_336' title='bbox 742 3460 859 3522; x_wconf 88' lang='lat' dir='ltr'>inspecti:</span> <span class='ocrx_word' id='word_1_337' title='bbox 893 3462 967 3511; x_wconf 83' lang='lat' dir='ltr'>deute</span> <span class='ocrx_word' id='word_1_338' title='bbox 985 3463 1017 3510; x_wconf 85' lang='lat' dir='ltr'>ed</span> <span class='ocrx_word' id='word_1_339' title='bbox 1039 3464 1128 3522; x_wconf 85' lang='lat' dir='ltr'>solum,</span> <span class='ocrx_word' id='word_1_340' title='bbox 1147 3477 1247 3511; x_wconf 88' lang='lat' dir='ltr'>necesse</span> <span class='ocrx_word' id='word_1_341' title='bbox 1266 3469 1317 3511; x_wconf 77' lang='lat' dir='ltr'>erat</span> <span class='ocrx_word' id='word_1_342' title='bbox 1334 3465 1383 3508; x_wconf 73' lang='lat' dir='ltr'>este</span> 
     </span>
     <span class='ocr_line' id='line_1_41' title="bbox 356 3522 1423 3588; baseline 0 -17"><span class='ocrx_word' id='word_1_343' title='bbox 356 3538 432 3585; x_wconf 84' lang='lat' dir='ltr'>quum</span> <span class='ocrx_word' id='word_1_344' title='bbox 444 3522 535 3586; x_wconf 79' lang='lat' dir='ltr'>vulgati</span> <span class='ocrx_word' id='word_1_345' title='bbox 546 3523 672 3582; x_wconf 86' lang='lat' dir='ltr'>haberent,</span> <span class='ocrx_word' id='word_1_346' title='bbox 683 3540 746 3588; x_wconf 77' lang='lat' dir='ltr'>quos</span> <span class='ocrx_word' id='word_1_347' title='bbox 803 3527 862 3588; x_wconf 73' lang='lat' dir='ltr'>pisas</span> <span class='ocrx_word' id='word_1_348' title='bbox 893 3541 960 3585; x_wconf 81' lang='lat' dir='ltr'>nam,</span> <span class='ocrx_word' id='word_1_349' title='bbox 976 3531 1001 3574; x_wconf 89' lang='lat' dir='ltr'>et</span> <span class='ocrx_word' id='word_1_350' title='bbox 1017 3527 1118 3576; x_wconf 79' lang='lat' dir='ltr'>feneam</span> <span class='ocrx_word' id='word_1_351' title='bbox 1134 3541 1245 3585; x_wconf 86' lang='lat' dir='ltr'>manum,</span> <span class='ocrx_word' id='word_1_352' title='bbox 1261 3532 1288 3576; x_wconf 87' lang='lat' dir='ltr'>et</span> <span class='ocrx_word' id='word_1_353' title='bbox 1304 3535 1382 3588; x_wconf 79' lang='lat' dir='ltr'>preren</span> <span class='ocrx_word' id='word_1_354' title='bbox 1422 3557 1423 3582; x_wconf 70' lang='lat'>,</span> 
     </span>
     <span class='ocr_line' id='line_1_42' title="bbox 355 3542 1383 3654; baseline 0.001 -19"><span class='ocrx_word' id='word_1_355' title='bbox 355 3589 459 3651; x_wconf 60' lang='lat' dir='ltr'>wadan.</span> <span class='ocrx_word' id='word_1_356' title='bbox 496 3588 618 3650; x_wconf 88' lang='lat' dir='ltr'>Displicet</span> <span class='ocrx_word' id='word_1_357' title='bbox 639 3593 722 3636; x_wconf 85' lang='lat' dir='ltr'>tamen</span> <span class='ocrx_word' id='word_1_358' title='bbox 740 3542 862 3653; x_wconf 42' lang='lat' dir='ltr'>temptans»</span> <span class='ocrx_word' id='word_1_359' title='bbox 894 3590 1066 3638; x_wconf 82' lang='lat' dir='ltr'>navissursnm</span> <span class='ocrx_word' id='word_1_360' title='bbox 1077 3588 1185 3654; x_wconf 66' lang='lat' dir='ltr'>erigiet,</span> <span class='ocrx_word' id='word_1_361' title='bbox 1193 3601 1383 3654; x_wconf 70' lang='lat' dir='ltr'>nispennprcra</span> 
     </span>
     <span class='ocr_line' id='line_1_43' title="bbox 356 3651 1382 3717; baseline 0.003 -17"><span class='ocrx_word' id='word_1_362' title='bbox 356 3653 427 3701; x_wconf 68' lang='lat' dir='ltr'>dam</span> <span class='ocrx_word' id='word_1_363' title='bbox 446 3657 471 3700; x_wconf 90' lang='lat' dir='ltr'>et</span> <span class='ocrx_word' id='word_1_364' title='bbox 482 3651 534 3714; x_wconf 90' lang='lat' dir='ltr'>ipse</span> <span class='ocrx_word' id='word_1_365' title='bbox 545 3652 683 3702; x_wconf 85' lang='lat' dir='ltr'>Gronovius</span> <span class='ocrx_word' id='word_1_366' title='bbox 692 3651 754 3700; x_wconf 89' lang='lat' dir='ltr'>iilud</span> <span class='ocrx_word' id='word_1_367' title='bbox 766 3661 861 3702; x_wconf 86' lang='lat' dir='ltr'>mutan-</span> <span class='ocrx_word' id='word_1_368' title='bbox 893 3653 975 3702; x_wconf 87' lang='lat' dir='ltr'>navim</span> <span class='ocrx_word' id='word_1_369' title='bbox 986 3655 1011 3702; x_wconf 91' lang='lat' dir='ltr'>in</span> <span class='ocrx_word' id='word_1_370' title='bbox 1024 3654 1127 3717; x_wconf 86' lang='lat' dir='ltr'>puppim</span> <span class='ocrx_word' id='word_1_371' title='bbox 1136 3654 1217 3704; x_wconf 83' lang='lat' dir='ltr'>statui.</span> <span class='ocrx_word' id='word_1_372' title='bbox 1239 3655 1305 3703; x_wconf 79' lang='lat' dir='ltr'>Dein</span> <span class='ocrx_word' id='word_1_373' title='bbox 1313 3653 1382 3702; x_wconf 68' lang='lat' dir='ltr'>eadm</span> 
     </span>
     <span class='ocr_line' id='line_1_44' title="bbox 356 3715 1382 3780; baseline 0.001 -16"><span class='ocrx_word' id='word_1_374' title='bbox 356 3715 417 3764; x_wconf 90' lang='lat' dir='ltr'>dum</span> <span class='ocrx_word' id='word_1_375' title='bbox 438 3721 521 3764; x_wconf 84' lang='lat' dir='ltr'>censet</span> <span class='ocrx_word' id='word_1_376' title='bbox 542 3716 568 3764; x_wconf 90' lang='lat' dir='ltr'>in</span> <span class='ocrx_word' id='word_1_377' title='bbox 588 3719 690 3766; x_wconf 75' lang='lat' dir='ltr'>menis.</span> <span class='ocrx_word' id='word_1_378' title='bbox 727 3717 781 3765; x_wconf 85' lang='lat' dir='ltr'>Nos</span> <span class='ocrx_word' id='word_1_379' title='bbox 799 3717 861 3765; x_wconf 88' lang='lat' dir='ltr'>illud</span> <span class='ocrx_word' id='word_1_380' title='bbox 893 3717 971 3766; x_wconf 76' lang='lat' dir='ltr'>lenes</span> <span class='ocrx_word' id='word_1_381' title='bbox 981 3733 1068 3767; x_wconf 88' lang='lat' dir='ltr'>manus</span> <span class='ocrx_word' id='word_1_382' title='bbox 1078 3719 1216 3778; x_wconf 59' lang='lat' dir='ltr'>remissaet</span> <span class='ocrx_word' id='word_1_383' title='bbox 1224 3725 1382 3780; x_wconf 73' lang='lat' dir='ltr'>exemptam</span> 
     </span>
     <span class='ocr_line' id='line_1_45' title="bbox 356 3779 1381 3850; baseline 0.003 -22"><span class='ocrx_word' id='word_1_384' title='bbox 356 3779 456 3828; x_wconf 90' lang='lat' dir='ltr'>omnino</span> <span class='ocrx_word' id='word_1_385' title='bbox 466 3781 548 3829; x_wconf 87' lang='lat' dir='ltr'>delere</span> <span class='ocrx_word' id='word_1_386' title='bbox 558 3780 633 3828; x_wconf 82' lang='lat' dir='ltr'>satius</span> <span class='ocrx_word' id='word_1_387' title='bbox 643 3796 694 3829; x_wconf 86' lang='lat' dir='ltr'>esse</span> <span class='ocrx_word' id='word_1_388' title='bbox 705 3781 824 3840; x_wconf 86' lang='lat' dir='ltr'>ducimus,</span> <span class='ocrx_word' id='word_1_389' title='bbox 832 3797 862 3829; x_wconf 87' lang='lat' dir='ltr'>eo</span> <span class='ocrx_word' id='word_1_390' title='bbox 894 3781 982 3830; x_wconf 86' lang='lat' dir='ltr'>chinse</span> <span class='ocrx_word' id='word_1_391' title='bbox 993 3780 1030 3830; x_wconf 72' lang='grc' dir='ltr'>διό</span> <span class='ocrx_word' id='word_1_392' title='bbox 1041 3800 1104 3832; x_wconf 77' lang='lat' dir='ltr'>roos</span> <span class='ocrx_word' id='word_1_393' title='bbox 1115 3781 1272 3844; x_wconf 70' lang='grc' dir='ltr'>σχαστηρίαι,</span> <span class='ocrx_word' id='word_1_394' title='bbox 1283 3788 1310 3831; x_wconf 90' lang='lat' dir='ltr'>ut</span> <span class='ocrx_word' id='word_1_395' title='bbox 1324 3780 1381 3850; x_wconf 57' lang='lat' dir='ltr'>hebd</span> 
     </span>
     <span class='ocr_line' id='line_1_46' title="bbox 373 3843 1381 3909; baseline 0.003 -18"><span class='ocrx_word' id='word_1_396' title='bbox 373 3843 456 3892; x_wconf 90' lang='lat' dir='ltr'>uidem</span> <span class='ocrx_word' id='word_1_397' title='bbox 475 3843 559 3906; x_wconf 82' lang='lat' dir='ltr'>magis,</span> <span class='ocrx_word' id='word_1_398' title='bbox 577 3846 642 3906; x_wconf 91' lang='lat' dir='ltr'>quod</span> <span class='ocrx_word' id='word_1_399' title='bbox 657 3845 726 3892; x_wconf 85' lang='lat' dir='ltr'>abest</span> <span class='ocrx_word' id='word_1_400' title='bbox 744 3861 760 3892; x_wconf 90' lang='lat' dir='ltr'>a</span> <span class='ocrx_word' id='word_1_401' title='bbox 778 3845 861 3894; x_wconf 86' lang='lat' dir='ltr'>codice</span> <span class='ocrx_word' id='word_1_402' title='bbox 895 3844 1013 3909; x_wconf 83' lang='lat' dir='ltr'>Polybius</span> <span class='ocrx_word' id='word_1_403' title='bbox 1023 3847 1072 3897; x_wconf 85' lang='lat' dir='ltr'>viii.</span> <span class='ocrx_word' id='word_1_404' title='bbox 1087 3848 1110 3896; x_wconf 90' lang='lat'>8.</span> <span class='ocrx_word' id='word_1_405' title='bbox 1127 3847 1221 3896; x_wconf 84' lang='lat' dir='ltr'>sinebat</span> <span class='ocrx_word' id='word_1_406' title='bbox 1236 3861 1323 3896; x_wconf 81' lang='lat' dir='ltr'>nerent</span> <span class='ocrx_word' id='word_1_407' title='bbox 1335 3857 1381 3894; x_wconf 72' lang='lat' dir='ltr'>retr</span> 
     </span>
     <span class='ocr_line' id='line_1_47' title="bbox 355 3857 1381 3974; baseline 0 -19"><span class='ocrx_word' id='word_1_408' title='bbox 355 3857 453 3956; x_wconf 57' lang='lat' dir='ltr'>lictor.</span> <span class='ocrx_word' id='word_1_409' title='bbox 470 3908 552 3957; x_wconf 69' lang='lat' dir='ltr'>cmv.</span> <span class='ocrx_word' id='word_1_410' title='bbox 894 3910 1100 3970; x_wconf 85' lang='lat' dir='ltr'>dere,eteamits</span> <span class='ocrx_word' id='word_1_411' title='bbox 1107 3911 1381 3974; x_wconf 66' lang='lat' dir='ltr'>affligebatundiant...</span> 
     </span>
     <span class='ocr_line' id='line_1_48' title="bbox 389 3968 1381 4034; baseline 0 -15"><span class='ocrx_word' id='word_1_412' title='bbox 389 3968 555 4021; x_wconf 66' lang='lat' dir='ltr'>ornem</span> <span class='ocrx_word' id='word_1_413' title='bbox 573 3972 660 4020; x_wconf 72' lang='lat' dir='ltr'>ictibus</span> <span class='ocrx_word' id='word_1_414' title='bbox 678 3976 860 4034; x_wconf 70' lang='lat' dir='ltr'>immutatam]</span> <span class='ocrx_word' id='word_1_415' title='bbox 894 3975 975 4024; x_wconf 77' lang='lat' dir='ltr'>Canu.</span> <span class='ocrx_word' id='word_1_416' title='bbox 997 3977 1028 4024; x_wconf 81' lang='lat' dir='ltr'>cf.</span> <span class='ocrx_word' id='word_1_417' title='bbox 1042 3975 1231 4026; x_wconf 80' lang='lat' dir='ltr'>Vitruv.iv.sr.</span> <span class='ocrx_word' id='word_1_418' title='bbox 1263 3974 1338 4024; x_wconf 78' lang='lat' dir='ltr'>Haud</span> <span class='ocrx_word' id='word_1_419' title='bbox 1351 3971 1381 4019; x_wconf 77' lang='lat' dir='ltr'>sb</span> 
     </span>
     <span class='ocr_line' id='line_1_49' title="bbox 358 4033 1381 4102; baseline 0.003 -18"><span class='ocrx_word' id='word_1_420' title='bbox 358 4033 495 4098; x_wconf 87' lang='lat' dir='ltr'>Propiores,</span> <span class='ocrx_word' id='word_1_421' title='bbox 505 4049 580 4096; x_wconf 85' lang='lat' dir='ltr'>quam</span> <span class='ocrx_word' id='word_1_422' title='bbox 590 4039 618 4083; x_wconf 91' lang='lat' dir='ltr'>ut</span> <span class='ocrx_word' id='word_1_423' title='bbox 632 4034 720 4082; x_wconf 88' lang='lat' dir='ltr'>ictibus</span> <span class='ocrx_word' id='word_1_424' title='bbox 730 4041 861 4086; x_wconf 87' lang='lat' dir='ltr'>tormento-</span> <span class='ocrx_word' id='word_1_425' title='bbox 893 4038 979 4086; x_wconf 85' lang='lat' dir='ltr'>similis</span> <span class='ocrx_word' id='word_1_426' title='bbox 988 4044 1041 4088; x_wconf 86' lang='lat' dir='ltr'>erat</span> <span class='ocrx_word' id='word_1_427' title='bbox 1055 4039 1183 4100; x_wconf 80' lang='lat' dir='ltr'>machinis,</span> <span class='ocrx_word' id='word_1_428' title='bbox 1194 4055 1254 4102; x_wconf 84' lang='lat' dir='ltr'>quas</span> <span class='ocrx_word' id='word_1_429' title='bbox 1262 4039 1289 4087; x_wconf 91' lang='lat' dir='ltr'>in</span> <span class='ocrx_word' id='word_1_430' title='bbox 1299 4037 1381 4100; x_wconf 55' lang='lat' dir='ltr'>agris&amp;</span> 
     </span>
     <span class='ocr_line' id='line_1_50' title="bbox 356 4097 1381 4166; baseline 0.005 -20"><span class='ocrx_word' id='word_1_431' title='bbox 356 4113 420 4158; x_wconf 90' lang='lat' dir='ltr'>rum,</span> <span class='ocrx_word' id='word_1_432' title='bbox 430 4113 494 4160; x_wconf 85' lang='lat' dir='ltr'>qnae</span> <span class='ocrx_word' id='word_1_433' title='bbox 506 4097 532 4146; x_wconf 89' lang='lat' dir='ltr'>in</span> <span class='ocrx_word' id='word_1_434' title='bbox 549 4098 706 4160; x_wconf 83' lang='lat' dir='ltr'>longinquum</span> <span class='ocrx_word' id='word_1_435' title='bbox 722 4097 861 4148; x_wconf 88' lang='lat' dir='ltr'>iaculaban-</span> <span class='ocrx_word' id='word_1_436' title='bbox 894 4102 958 4150; x_wconf 89' lang='lat' dir='ltr'>villis</span> <span class='ocrx_word' id='word_1_437' title='bbox 968 4103 1041 4151; x_wconf 88' lang='lat' dir='ltr'>hodie</span> <span class='ocrx_word' id='word_1_438' title='bbox 1052 4104 1142 4166; x_wconf 84' lang='lat' dir='ltr'>passim</span> <span class='ocrx_word' id='word_1_439' title='bbox 1153 4103 1270 4162; x_wconf 79' lang='lat' dir='ltr'>videmus,</span> <span class='ocrx_word' id='word_1_440' title='bbox 1279 4103 1311 4150; x_wconf 84' lang='lat' dir='ltr'>ad</span> <span class='ocrx_word' id='word_1_441' title='bbox 1321 4111 1381 4162; x_wconf 64' lang='lat' dir='ltr'>aqut*</span> 
     </span>
     <span class='ocr_line' id='line_1_51' title="bbox 355 4161 1380 4228; baseline 0.006 -19"><span class='ocrx_word' id='word_1_442' title='bbox 355 4168 405 4222; x_wconf 83' lang='lat' dir='ltr'>tur,</span> <span class='ocrx_word' id='word_1_443' title='bbox 422 4161 486 4210; x_wconf 79' lang='lat' dir='ltr'>feriri</span> <span class='ocrx_word' id='word_1_444' title='bbox 505 4168 617 4223; x_wconf 87' lang='lat' dir='ltr'>possent;</span> <span class='ocrx_word' id='word_1_445' title='bbox 632 4167 684 4210; x_wconf 83' lang='lat' dir='ltr'>tam</span> <span class='ocrx_word' id='word_1_446' title='bbox 703 4163 861 4226; x_wconf 79' lang='lat' dir='ltr'>propinquae,</span> <span class='ocrx_word' id='word_1_447' title='bbox 893 4181 908 4213; x_wconf 89' lang='lat' dir='ltr'>e</span> <span class='ocrx_word' id='word_1_448' title='bbox 924 4168 1005 4228; x_wconf 89' lang='lat' dir='ltr'>puteis</span> <span class='ocrx_word' id='word_1_449' title='bbox 1019 4167 1141 4217; x_wconf 84' lang='lat' dir='ltr'>tollendas</span> <span class='ocrx_word' id='word_1_450' title='bbox 1157 4168 1280 4227; x_wconf 85' lang='lat' dir='ltr'>adhibitis,</span> <span class='ocrx_word' id='word_1_451' title='bbox 1295 4173 1319 4214; x_wconf 84' lang='lat' dir='ltr'>et</span> <span class='ocrx_word' id='word_1_452' title='bbox 1332 4175 1380 4226; x_wconf 79' lang='lat' dir='ltr'>quet</span> 
     </span>
     <span class='ocr_line' id='line_1_52' title="bbox 356 4225 1381 4294; baseline 0.001 -20"><span class='ocrx_word' id='word_1_453' title='bbox 356 4227 480 4274; x_wconf 82' lang='lat' dir='ltr'>attelae</span> <span class='ocrx_word' id='word_1_454' title='bbox 496 4225 623 4274; x_wconf 89' lang='lat' dir='ltr'>tormentis</span> <span class='ocrx_word' id='word_1_455' title='bbox 639 4226 726 4274; x_wconf 70' lang='lat' dir='ltr'>entim</span> <span class='ocrx_word' id='word_1_456' title='bbox 742 4228 807 4276; x_wconf 81' lang='lat' dir='ltr'>ultra</span> <span class='ocrx_word' id='word_1_457' title='bbox 820 4243 861 4277; x_wconf 85' lang='lat' dir='ltr'>eae</span> <span class='ocrx_word' id='word_1_458' title='bbox 894 4231 960 4290; x_wconf 89' lang='lat' dir='ltr'>apud</span> <span class='ocrx_word' id='word_1_459' title='bbox 980 4231 1087 4280; x_wconf 84' lang='lat' dir='ltr'>Graecos</span> <span class='ocrx_word' id='word_1_460' title='bbox 1103 4230 1222 4288; x_wconf 67' lang='grc' dir='ltr'>ηιλυνήῖα</span> <span class='ocrx_word' id='word_1_461' title='bbox 1239 4231 1381 4294; x_wconf 68' lang='lat' dir='ltr'>appellatus</span> 
     </span>
     <span class='ocr_line' id='line_1_53' title="bbox 356 4287 1380 4360; baseline 0.006 -23"><span class='ocrx_word' id='word_1_462' title='bbox 356 4289 481 4338; x_wconf 75' lang='lat' dir='ltr'>ferrentur.</span> <span class='ocrx_word' id='word_1_463' title='bbox 515 4289 555 4338; x_wconf 82' lang='lat' dir='ltr'>Sic</span> <span class='ocrx_word' id='word_1_464' title='bbox 566 4305 631 4352; x_wconf 91' lang='lat' dir='ltr'>supr.</span> <span class='ocrx_word' id='word_1_465' title='bbox 643 4289 684 4337; x_wconf 85' lang='lat' dir='ltr'>rii.</span> <span class='ocrx_word' id='word_1_466' title='bbox 699 4303 735 4338; x_wconf 88' lang='grc' dir='ltr'>ιο.</span> <span class='ocrx_word' id='word_1_467' title='bbox 747 4290 777 4338; x_wconf 89' lang='lat' dir='ltr'>T.</span> <span class='ocrx_word' id='word_1_468' title='bbox 790 4293 861 4340; x_wconf 85' lang='lat' dir='ltr'>Man·</span> <span class='ocrx_word' id='word_1_469' title='bbox 894 4298 940 4340; x_wconf 90' lang='lat' dir='ltr'>tur.</span> <span class='ocrx_word' id='word_1_470' title='bbox 962 4295 1203 4360; x_wconf 75' lang='lat' dir='ltr'>ciHerod.i.193.</span> <span class='ocrx_word' id='word_1_471' title='bbox 1227 4296 1291 4345; x_wconf 90' lang='lat' dir='ltr'>Plin.</span> <span class='ocrx_word' id='word_1_472' title='bbox 1309 4294 1341 4342; x_wconf 87' lang='grc' dir='ltr'>Η.</span> <span class='ocrx_word' id='word_1_473' title='bbox 1355 4287 1380 4337; x_wconf 73' lang='lat' dir='ltr'>N·</span> 
     </span>
     <span class='ocr_line' id='line_1_54' title="bbox 357 4353 977 4416; baseline 0.008 -17"><span class='ocrx_word' id='word_1_474' title='bbox 357 4353 404 4402; x_wconf 92' lang='lat' dir='ltr'>iius</span> <span class='ocrx_word' id='word_1_475' title='bbox 415 4353 503 4402; x_wconf 89' lang='lat' dir='ltr'>dicitur</span> <span class='ocrx_word' id='word_1_476' title='bbox 514 4355 616 4404; x_wconf 80' lang='lat' dir='ltr'>interior</span> <span class='ocrx_word' id='word_1_477' title='bbox 629 4355 739 4416; x_wconf 65' lang='lat' dir='ltr'>perlatio</span> <span class='ocrx_word' id='word_1_478' title='bbox 752 4358 861 4404; x_wconf 67' lang='lat' dir='ltr'>calmeta</span> <span class='ocrx_word' id='word_1_479' title='bbox 894 4355 943 4404; x_wconf 84' lang='lat' dir='ltr'>xix.</span> <span class='ocrx_word' id='word_1_480' title='bbox 955 4375 977 4416; x_wconf 87' lang='lat'>4.</span> 
     </span>
    </p>
   </div>
   <div class='ocr_carea' id='block_1_8' title="bbox 0 0 1450 4768">
    <p class='ocr_par' dir='ltr' id='par_1_9' title="bbox 0 0 1450 4768">
     <span class='ocr_line' id='line_1_55' title="bbox 0 0 1450 4768; baseline 0 0"><span class='ocrx_word' id='word_1_481' title='bbox 0 0 1450 4768; x_wconf 95' lang='lat' dir='ltr'> </span> 
     </span>
    </p>
   </div>
  </div>
 </body>
</html>
