2866 4770
339 212 404 274 510
727 201 842 270 ΤΙΤΙ
873 202 1006 268 LIVII

183 355 259 405 uc.
276 365 418 418 549-num
438 363 597 428 accepere.
644 339 694 406 Ita
720 341 865 406 instructi
892 355 1093 405 concurrunt.
1138 339 1240 403 Primo
1255 339 1346 424 inipetu

180 419 211 532 ᾗ·
229 420 264 531 ⁰13
276 433 331 481 ²⁰³·
339 429 434 495 simul
445 441 579 514 utraque
594 449 722 503 cornua,
735 439 768 490 et
783 425 945 491 Numidae
957 440 990 490 et
1001 425 1269 512 Carthaginienses
1279 424 1345 510 pulsi

181 497 312 596 ,offitii
340 515 426 580 Nam
452 535 557 600 neque
582 512 755 588 Numidae,
778 512 917 576 maxima
937 535 1009 600 pars
1033 527 1181 598 agrestes,
1204 511 1346 574 Rommun

181 615 229 660 cur.
340 601 527 676 euitatum,
550 621 656 686 neque
684 598 973 684 Cardiaginienses,
1000 611 1033 663 et
1061 599 1129 684 ipse
1159 619 1254 661 novus
1276 595 1346 669 miles

381 687 552 762 asinissam,
568 685 689 750 recenti
709 707 804 772 super
822 697 927 748 cetera
943 685 1074 748 victoria
1093 683 1267 757 terribilem,
1283 682 1347 744 susti·

338 795 448 838 nuere.
495 771 627 836 Nudata
638 771 798 856 utn'mque
807 771 955 835 cornibus
967 769 1167 835 Celtiberum
1179 769 1255 834 acies
1264 768 1344 832 sibit:

284 934 289 946 Ι
339 859 428 946 quod
443 880 503 924 nec
523 858 556 921 in
576 858 652 944 fuga
671 857 754 920 salus
775 855 839 921 ulla
856 857 1082 920 ostendebatur
1094 855 1175 920 locis
1192 855 1299 941 ignotis,
1310 875 1348 915 ne·

291 970 298 984 ·
340 967 403 1031 que
418 967 489 1031 spes
504 943 614 1009 reniae
630 943 670 1007 ab
688 942 837 1030 Scipione
852 955 937 1018 erat;
960 964 1068 1029 quem,
1084 943 1169 1006 bene
1185 937 1347 1005 mentumis

340 1054 373 1096 se
389 1045 422 1096 ct
435 1044 531 1118 gente
547 1052 612 1106 sua,
631 1029 834 1094 mercenariis
848 1030 943 1093 armis
957 1029 991 1092 in
1011 1028 1156 1092 Africam
1172 1038 1347 1125 oppugnatis

340 1118 507 1183 venissent
554 1115 665 1202 Igitur,
681 1115 878 1180 circumfusis
897 1114 1040 1200 undiquc
1055 1114 1212 1190 hostibus,
1227 1112 1273 1177 alu
1284 1133 1349 1196 super

340 1204 418 1268 alios
438 1203 596 1279 cadentes,
618 1202 1020 1285 obstinatimoriebantur:
1044 1201 1179 1264 omnibu
1218 1222 1254 1262 ue
1273 1199 1349 1260 ineos

339 1290 446 1366 versis,
458 1289 655 1376 aliquantum
671 1287 832 1374 adfugam
844 1288 995 1375 temporis
1011 1286 1146 1374 Syphax
1160 1299 1195 1350 et
1316 1279 1350 1345 bil
1397 1349 1398 1360 ,

341 1389 580 1464 praeceperunt.
627 1373 786 1462 Fatigatos
809 1374 906 1438 caede
925 1373 1054 1450 diutius,
1070 1395 1172 1459 quam
1193 1369 1350 1459 pugnaris

341 1475 427 1526 tores
441 1485 508 1526 nox
522 1485 541 1526 o
564 1459 688 1561 pressit

264 1595 272 1613 .
385 1548 517 1612 Postero
541 1484 594 1611 hie
619 1546 670 1612 Sci
695 1547 725 1612 io
748 1546 892 1612 Laelium
917 1545 1186 1633 Masinissamque
1208 1567 1275 1610 cum
1292 1541 1350 1605 omn

341 1634 489 1698 Romano
511 1646 544 1697 ct
566 1571 741 1698 Numilico
767 1634 912 1719 equitatu
932 1655 973 1696 ex
1015 1632 1072 1696 di·
1113 1655 1157 1697 ue
1180 1625 1350 1702 militumsd

340 1718 576 1806 persequendos
593 1718 773 1806 Syphacem
787 1731 883 1806 atque
903 1718 937 1782 H
1031 1719 1138 1782 halem
1155 1717 1257 1781 mittit.
1295 1713 1350 1812 Ipsa

341 1827 414 1870 curn
428 1805 540 1871 robore
555 1805 723 1882 exercitus,
739 1805 833 1870 urbes
847 1806 939 1881 circa,
956 1827 1037 1890 quae
1058 1826 1173 1869 omnes
1189 1799 1352 1894 Carthagini
1398 1860 1399 1894 ,

342 1892 465 1956 ensium
485 1890 615 1956 ditionis
635 1905 735 1969 erant,
753 1891 867 1978 partim
887 1913 953 1977 spe,
974 1890 1089 1976 partim
1108 1903 1211 1966 metu,
1227 1887 1321 1976 partim
1333 1905 1352 1944 u
1398 1937 1399 1970 ,

183 1983 272 2034 'rann
341 1978 475 2064 subegit.
523 1976 711 2076 Carthagini
727 1976 857 2063 quidem
872 1989 940 2042 erat
954 1976 987 2040 in
1010 1999 1066 2040 ens
1082 1989 1196 2053 terror,
1211 1989 1243 2040 ct
1255 1975 1364 2039 circuite⁴

182 2047 328 2100 ¹²⁰⁰¹¹⁰f¹¹¹¹¹·
340 2063 496 2129 serentem
510 2085 598 2128 arma
613 2062 805 2149 Scipionem,
821 2063 968 2128 omnibus
985 1999 1131 2126 hnitimis
1146 2062 1260 2149 raptim
1305 2057 1353 2122 ide

341 2150 436 2227 mitis,
451 2151 552 2236 ipsam
572 2148 801 2235 Carthaginem
820 2162 952 2236 repente
967 2171 1191 2235 aggressurum
1210 2081 1351 2212 callebant

342 2235 455 2322 ltaque
467 2247 501 2300 ct
514 2235 597 2300 muri
611 2235 843 2312 reficiebantur,
854 2234 1167 2323 propugnaculisque
1176 2234 1352 2300 amabanur:

342 2333 375 2387 ct
388 2343 446 2409 pro
461 2343 494 2386 sc
510 2321 563 2408 qu'
605 2343 655 2398 ue,
671 2343 753 2407 quae
767 2321 911 2386 diutinae
925 2321 1081 2386 obsidioni
1102 2320 1281 2386 tolerandae
1296 2330 1365 2388 suits

342 2431 383 2472 ex
398 2409 481 2495 agris
492 2429 592 2473 conve
617 2407 649 2471 't
696 2407 783 2472 Rara
797 2408 917 2474 mentio
929 2421 976 2472 est
990 2407 1085 2494 pacis,
1097 2407 1289 2558 frequentior
1297 2403 1353 2486 lega

342 2507 448 2558 torum
471 2493 513 2558 ad
538 2492 755 2558 Hannibalem
780 2495 1001 2559 arcessendum
1027 2493 1145 2558 mitten
1169 2515 1267 2560 onina
1303 2489 1354 2552 Pan
1399 2501 1400 2516 ¹

343 2580 482 2644 maxima
502 2580 644 2656 classem,
667 2602 749 2666 quac
771 2580 813 2644 ad
836 2594 1030 2645 commeatus
1051 2580 1259 2666 excipiendos
1279 2580 1366 2663 panti⁶

343 2677 419 2742 erat,
435 2666 561 2730 mittere
578 2667 690 2730 iubent
705 2665 747 2730 ad
765 2666 1006 2754 opprimendam
1021 2665 1194 2731 stationem
1209 2655 1353 2730 mviumd

344 2750 483 2828 Uticam,
496 2752 621 2816 incaute
637 2765 803 2838 agentem:
827 2751 958 2816 forsitan
973 2751 1069 2816 etiam
1080 2753 1209 2818 navalia
1219 2763 1313 2822 casta
1323 2765 1354 2806 ¹2*

342 2835 417 2902 licta
439 2859 513 2902 cum
535 2838 610 2902 levi.
622 2838 790 2924 praesidio,
813 2861 1025 2925 oppressuros.
1071 2837 1112 2901 In
1135 2839 1200 2903 hoc
1226 2831 1354 2902 consilium

343 2923 481 2988 maxime
493 2923 660 2988 inclinant:
684 2923 804 3010 legatos
816 2937 922 2988 tamen
934 2924 975 2989 ad
991 2923 1210 2988 Hannibalem
1222 2916 1366 2992 mittenda,

343 3021 483 3074 censent
532 3009 599 3084 Qui
621 3031 671 3095 pe,
690 3009 779 3074 classi
797 3022 834 3074 ut
853 3009 1030 3074 felicissime
1050 3025 1205 3095 gerantur
1226 3031 1280 3084 res,
1294 3010 1366 3095 pm?

245 3103 270 3178 ᾖ
344 3093 450 3181 aliqua
468 3095 566 3160 levan'
621 3095 702 3159 ticae
720 3095 934 3162 obsidionem:
960 3094 1192 3180 Carthaginem
1213 3097 1302 3182 ipsam
1318 3106 1353 3172 qui

345 3193 479 3258 tueatur,
508 3203 614 3280 neque
644 3181 864 3280 imperatorem
894 3180 1000 3258 alium,
1054 3203 1126 3244 uam
1164 3175 1354 3245 Hannibalem

344 3288 449 3352 neque
464 3280 641 3331 exercitum
656 3266 764 3343 ahum,
780 3288 876 3352 quain
892 3203 1093 3342 Hannibhta
1104 3289 1275 3356 superem
1312 3260 1355 3323 Dt-

344 3351 457 3417 ductae
480 3375 555 3438 eigo
577 3365 703 3438 postero
724 3352 777 3417 die
800 3375 904 3428 naves,
926 3351 1018 3416 simul
1040 3365 1073 3416 et
1093 3352 1193 3438 legati
1214 3353 1248 3415 in
1265 3347 1354 3413 Iuliam

343 3437 486 3524 profecti,
502 3438 681 3524 raptimque
701 3438 817 3514 omnia,
834 3437 1015 3503 stimulante
1034 3436 1173 3515 fortuna,
1197 3436 1353 3524 eranuut

375 3715 391 3759 4
407 3699 566 3761 Omthayiai']
585 3699 616 3747 ct'.
630 3698 702 3760 Supr.
714 3696 798 3745 xxviii.
811 3695 850 3746 26.
882 3697 958 3746 xxvii.
970 3713 992 3762 p
1004 3703 1030 3745 et
1040 3696 1096 3745 infr.
1108 3697 1211 3745 xxxviii.
1223 3709 1259 3758 50
1269 3694 1332 3742 adm

344 3763 386 3812 Ita
407 3777 505 3824 quoque
523 3761 550 3810 in
569 3762 685 3810 columna
703 3761 820 3809 Rostrata
835 3775 851 3808 a
915 3760 989 3810 6Αό
1004 3767 1150 3811 commus
1166 3757 1317 3822 excipiundfll
1331 3749 1357 3798 ³³

344 3826 431 3876 Duilio
447 3825 548 3874 cousiila
564 3825 643 3888 posita
653 3825 800 3886 Oarthuptni
816 3824 850 3872 lc·
882 3823 1072 3887 intercipiendos
1097 3829 1257 3882 commeatus,
1280 3819 1313 3882 qui
1336 3813 1357 3860 *l

342 3890 416 3952 gitur,
437 3896 463 3938 et
484 3888 559 3938 simili
580 3889 655 3938 modo
675 3889 850 3938 Lacedaemoni
883 3885 1024 3950 Scipionem
1035 3888 1197 3936 mitterentur.

343 3968 388 4016 pro
415 3953 602 4002 Labadaamm
628 3952 683 4002 infr.
710 3967 785 4000 xxxv.
811 3965 849 4014 35.
916 3953 984 4012 ΗΠ
1004 3953 1146 4012 felicianae
1171 3943 1357 4019 ymststh*

343 4015 443 4080 quidam
455 4016 552 4065 codices
562 4016 686 4066 exhibant.
883 4015 1014 4073 Quamvis,
1030 4015 1133 4064 efiamn.
1149 4017 1181 4065 cl.
1194 4029 1259 4077 supr.
1272 4025 1320 4059 mi
1333 4017 1357 4062 λι

376 4093 390 4143 5
408 4082 477 4138 Quas
491 4081 603 4129 ditificas
615 4081 732 4128 obsidioni
746 4081 851 4129 akran
888 4081 921 4129 Ut
930 4095 990 4129 vm
1000 4081 1081 4128 omnia
1091 4087 1178 4130 suerit.

343 4145 470 4202 dacum]
488 4144 611 4190 Diutinus
624 4145 754 4191 cbafflionis
767 4149 851 4191 aucto-
917 4143 1026 4192 8Parts
1043 4144 1142 4206 aliqua]
1164 4143 1195 4192 ld
1213 4154 1285 4189 uuum
1300 4150 1325 4184 ex
1339 4145 1358 4177 Ν
1399 4195 1400 4202 ¹

343 4207 416 4254 ritate
437 4207 501 4266 plur.
523 4205 594 4253 codd.
614 4206 722 4265 reposuit
744 4206 851 4254 Beliker.
884 4221 997 4254 successu
1021 4207 1177 4254 commodum
1200 4203 1295 4268 percipi,
1312 4193 1357 4259 φῶ
1399 4227 1400 4230 “

344 4267 491 4316 nuntiante
512 4266 723 4317 Drakenborchio.
760 4269 851 4317 Exem-
883 4269 968 4342 aliqua
981 4284 1012 4317 ex
1029 4275 1098 4331 parts
1114 4271 1235 4318 leuaretur
1245 4260 1358 4317 Uticaeol
1399 4319 1400 4326 χ

346 4329 388 4388 pla
413 4329 478 4378 serbi
499 4345 549 4378 sm
570 4343 627 4377 cuni
653 4331 759 4391 genitivo
785 4346 851 4394 supr.
884 4331 953 4382 sidio.
971 4333 1052 4383 Cass.
