3002 4798
407 253 502 334 nm,
526 251 621 319 xxi
655 253 766 352 oar.
789 259 818 320 a.
1108 261 1128 320 a

67 385 219 472 sspiritus
229 387 331 452 virum
348 387 454 454 Sicilia
469 388 675 476 Sardiniaque
690 389 836 455 amusae:
860 401 978 455 namet
990 388 1127 456 Siciliam
1138 401 1267 452 Hamilcar

65 472 187 550 9nimis
208 472 301 538 celeri
323 474 541 562 desperatione
562 498 666 540 rerum
688 499 876 554 concessam,
896 488 930 541 et
952 475 1127 542 Sardiniam
1135 469 1229 516 benum
1240 468 1290 517 Ra

90 559 176 623 inter
190 568 312 624 motdm
336 561 462 627 Africae
479 562 588 628 fraude
611 564 839 640 Romanorum,
854 562 1010 651 stipendio
1032 563 1128 628 etiam
1135 547 1274 647 ffllffim,

90 645 223 733 insuper
247 648 402 735 imposito,
429 648 643 736 interceptam.
667 648 750 714 ·His
779 650 891 714 anxius
919 649 1001 715 curis
1026 649 1070 714 ita
1094 671 1127 714 se
1199 664 1228 724 2,

68 759 79 792 ι
92 731 203 798 Affico
217 732 310 811 bello,
326 734 414 821 qnod
427 735 488 800 fuit
501 736 559 801 sub
574 747 733 800 recentem
750 735 928 801 Romanam
941 759 1062 837 pacem,
1071 758 1129 824 per

114 819 235 906 uinque
244 843 352 899 annos,
368 823 413 886 ita
423 821 538 887 deinde
550 845 663 887 novem
672 820 762 886 amris
773 821 807 886 in
818 821 973 910 Hispanra
983 822 1128 911 augendo

89 841 216 970 Hunico
227 907 360 994 imperio
373 909 477 995 gessit,
490 921 527 972 ut
540 921 712 996 appareret,
725 908 825 973 maists
839 932 922 986 eum,
935 931 1031 996 quam
1042 907 1129 998 quod

131 1007 224 1070 reret,
247 994 363 1081 agitare
385 996 419 1059 in
442 995 548 1060 animo
570 995 705 1060 bellum:
736 1007 777 1073 et,
800 995 827 1059 si
852 993 970 1061 diutius
991 995 1128 1073 vixisset,

88 1015 274 1144 Hamilcare
296 1080 376 1146 duce
397 1081 521 1147 Poenos
538 1104 625 1146 arma
644 1079 753 1146 Italiae
773 1081 913 1146 illaturos
928 1082 1032 1160 irrisae,
1048 1105 1128 1171 quae

66 1163 282 1230 2Hannibalis
296 1167 396 1232 ductu
416 1168 598 1234 intulerunt
644 1167 734 1233 Mors
752 1166 940 1234 Hamilcaris
959 1192 1035 1257 pero
1100 1191 1130 1233 r·
1138 1175 1249 1232 Moritur.

64 1265 171 1319 stuna
191 1265 224 1317 et
246 1255 382 1340 pueritia
403 1253 592 1320 Hannibalis
615 1254 806 1320 distulenmt
825 1254 954 1322 bellum.
1039 1279 1057 1320 e
1082 1255 1279 1336 iusnudnrbal

91 1336 274 1405 Hasdrubal
287 1341 371 1406 inter
380 1355 500 1428 patrem
510 1353 543 1405 et
553 1341 654 1405 filium
664 1355 735 1407 octo
743 1341 841 1406 ferme
854 1364 952 1408 annos
960 1342 1129 1430 imperium
1136 1341 1253 1440 ffiffl

90 1425 248 1506 obtinuit3
278 1427 354 1492 flore
380 1427 499 1506 aetatis,
522 1428 570 1492 uti
590 1427 705 1505 femnt,
728 1428 830 1515 primo
856 1427 1030 1493 Hamilcari
1054 1452 1131 1494 con·

88 1510 353 1600 ciliatusz,gene'r
361 1514 437 1578 inde
448 1515 489 1579 ob
498 1513 592 1578 altam
603 1514 742 1579 indolem
751 1511 899 1602 provecto
908 1515 998 1580 annis
1006 1517 1130 1592 ascitus,

63 1611 133 1674 aet,
155 1599 231 1686 quia
291 1621 349 1664 ner
368 1614 444 1678 erat,
466 1600 609 1666 factionis
632 1599 783 1666 Barcinae
804 1601 925 1688 opibus,
946 1625 1027 1689 quae
1044 1602 1131 1690 apud

89 1684 208 1750 milites
229 1622 416 1786 plebemque
441 1687 628 1774 plusquam
652 1687 794 1752 modicae
820 1701 919 1766 erant,
941 1687 1027 1753 haud
1055 1711 1130 1753 sane

89 1770 252 1836 voluntate
274 1773 463 1860 princrpum,
485 1773 618 1861 imperio
639 1774 765 1860 potitus
810 1773 852 1852 Is,
874 1775 965 1862 plura
990 1774 1130 1852 consilio,

65 1879 188 1944 squam
203 1858 245 1936 vi,
259 1881 381 1945 gerens,
396 1860 538 1946 hospitiis
549 1859 729 1948 regulorum
744 1862 851 1950 magis,
863 1857 1130 1949 conciliandisque

89 1967 149 2031 per
170 1944 340 2010 amicitiam
361 1946 540 2096 plrincipum
560 1947 650 2012 novis
677 1947 833 2034 gentibus,
856 1971 952 2035 quarn
973 1948 1056 2013 bello
1077 1961 1133 2012 aut

90 2031 195 2108 armis,
207 2053 274 2096 rem
291 2031 369 2098 Cart
392 2033 585 2120 agimensem
600 2034 697 2098 auxit
744 2031 896 2099 Cetemm
911 2034 1010 2100 nihilo
1025 2035 1054 2100 ei

91 2118 191 2182 tutior
197 2117 267 2184 suit
312 2117 469 2184 Barbarus
483 2143 557 2184 eum
568 2120 698 2206 qnidam
709 2119 822 2207 palam,
835 2120 875 2185 ob
887 2121 965 2185 iram
976 2122 1042 2186 inte
1070 2121 1133 2186 ecti
1142 2130 1250 2183 Occisus

90 2205 134 2269 ab
156 2227 195 2268 eo
216 2204 346 2284 domini,
369 2207 567 2271 obtruncavit
574 2230 584 2283 3
607 2206 914 2292 comprehensusque
937 2208 977 2271 ab
1001 2207 1134 2272 circum-

90 2290 249 2355 stantibus
262 2291 346 2356 haud
361 2291 432 2370 alio,
448 2315 543 2378 quam
558 2292 585 2356 si
599 2291 754 2368 evasisset,
769 2291 867 2369 vultu,
878 2292 1041 2357 tormentis
1055 2316 1134 2380 quo-

92 2399 160 2463 que
182 2399 281 2464 quum
304 2377 502 2455 laceraretur,
525 2401 564 2443 eo
585 2378 646 2442 fuit
668 2377 778 2443 habitu
804 2377 876 2456 oris,
898 2390 944 2456 ut,
967 2393 1133 2467 superante

91 2463 215 2528 laetitia
235 2463 367 2542 dolores,
385 2465 517 2530 ridentis
538 2465 632 2530 etiam
655 2464 793 2553 speciem
813 2465 1000 2566 praebuerit
1048 2466 1133 2533 Cum

92 2551 156 2615 hoc
178 2547 387 2629 Hasdrubale,
403 2552 478 2638 quia
498 2552 594 2616 mirac
612 2553 686 2616 artis
700 2553 735 2616 in
756 2551 959 2617 sollicitandis
976 2554 1133 2641 gentibus,

26 2645 28 2651 ‘
66 2636 314 2724 6imperioquei
400 2638 470 2702 ndis
479 2637 655 2714 suofuerat,
664 2637 775 2702 foedus
786 2652 988 2704 renovaverat
998 2641 1134 2729 populus

94 2723 269 2802 Romanus,
295 2661 427 2788 ulnddis
449 2725 612 2812 utriusque
635 2724 760 2811 imperii
784 2737 865 2790 esset
890 2726 990 2790 amnis
1013 2725 1133 2804 Iberus,

93 2927 154 2988 Ipsa
166 2926 292 2976 Hannibal
303 2927 351 2975 hoc
362 2937 432 2975 suum
444 2926 600 2990 implacabile
665 2942 679 2989 3
690 2929 805 2977 Pasa-itta
812 2929 974 2988 Hannibalis]
992 2927 1043 2985 Qui
1052 2933 1135 2978 tamen

93 2990 120 3048 in
131 2990 257 3040 Romanos
264 2991 349 3040 odium
357 2990 480 3040 Antiocho
490 2991 601 3053 exponit,
632 2993 767 3040 octodecim
778 3007 855 3041 annos
864 2992 914 3041 iam
924 2997 977 3040 tum
989 2992 1101 3042 habebat.

93 3054 236 3104 insama.
250 3069 286 3119 ¹9·
362 3061 363 3064 ’
437 3087 441 3096 ·
664 3058 819 3114 4Faots'oas's
833 3057 969 3116 Barcinos]
996 3055 1058 3105 Eius
1072 3071 1135 3118 quae

128 3119 264 3167 assatam
275 3154 281 3167 .
293 3154 300 3167 .
312 3154 318 3168 .
329 3121 475 3180 messaara]
494 3119 559 3168 Pace
568 3121 600 3168 ad
632 3135 689 3168 oum
706 3120 848 3170 Hamilcare
861 3121 941 3169 Barca
954 3127 1038 3169 contra
1053 3127 1135 3183 partes

93 3182 203 3244 Aegates
218 3181 309 3230 insulas
322 3182 394 3242 sacta,
411 3184 442 3232 de
460 3183 528 3232 cuius
544 3199 599 3231 con·
632 3183 764 3232 Hannonis
780 3185 867 3234 stabat.
900 3187 981 3234 Barea
998 3191 1090 3245 autem,
1106 3191 1135 3234 ut

93 3244 230 3294 ditionibus
240 3245 271 3295 ol.
283 3245 336 3295 Pol.
347 3247 363 3296 i.
374 3246 414 3307 62,
424 3246 463 3309 63.
633 3247 769 3296 Niebuhno
777 3246 810 3296 iii.
818 3263 843 3310 p.
852 3249 904 3310 718.
911 3249 1015 3308 ridetur,
1022 3264 1070 3298 non
1077 3265 1133 3312 gan·

127 3310 313 3373 anrrla'aiam]
340 3311 438 3360 Bellum
457 3311 600 3360 alienosne
632 3310 676 3358 tile
686 3325 819 3373 cognomen
834 3317 894 3368 arat,
904 3313 1043 3374 sedsalpur
1050 3313 1135 3362 Poena

94 3379 215 3436 tempore,
225 3389 268 3422 seu
277 3373 396 3434 veris,seu
407 3375 470 3424 fictis
481 3377 511 3424 de
523 3373 599 3424 musis
632 3373 715 3436 lingua
733 3373 892 3436 significahat,
910 3383 935 3423 et
949 3375 1085 3426 Hamilcari
1104 3393 1134 3425 ea

94 3453 110 3484 a
129 3437 250 3486 Romanis
267 3437 373 3498 illatum,
389 3438 600 3502 Carthaginienses
632 3437 725 3486 ratione
740 3437 845 3485 inditum
868 3443 913 3497 est,
933 3453 981 3502 qua
998 3441 1064 3502 apud
1083 3441 1133 3488 Ro-

94 3501 600 3616 Htoetlttrtttltattt
631 3501 870 3616 tttltt‘ttt
890 3501 927 3550 n
953 3505 1002 3552 Μ’
1022 3505 1147 3566 suaa

94 3581 233 3690 mandis
272 3583 510 3690 sonabam,
527 3646 600 3705 quam
664 3631 816 3693 strapas
831 3633 982 3694 repam]
1001 3631 1032 3680 a
1044 3632 1098 3682 ror
1109 3631 1135 3682 s.

94 3693 601 3821 ffilttsdtaahllm‘tamdltt
632 3692 1092 3824 titaltlittdmtpl..
1108 3697 1137 3810 lt

94 3821 166 3870 mille
175 3793 288 3873 ddcenta
633 3823 675 3885 qui
687 3823 814 3874 Romanus
829 3825 860 3872 de
874 3825 958 3874 Poeno
973 3797 1137 3887 enbaa’uo

131 3901 141 3934 r
153 3889 206 3936 Par
214 3889 321 3952 pratoque
331 3889 420 3946 annm]
431 3887 529 3936 Bellum
536 3885 598 3936 Ast-
634 3887 778 3936 crudelitate
790 3887 937 3938 Hamilcaris
947 3894 972 3938 ct
985 3890 1086 3939 arantis
1100 3891 1135 3939 la·

95 3965 153 3998 cum
165 3951 283 4014 Polybius
292 3951 307 4001 i.
320 3953 359 4001 88.
371 3951 448 4000 tribus
463 3951 533 4000 annis
546 3957 599 4000 tan-
633 3950 724 4013 quitur.

95 4016 224 4063 tummodo
252 4031 308 4064 cum
335 4021 450 4078 quattuor
478 4014 601 4064 mansibus
665 4014 791 4066 6Fasdas
804 4019 975 4078 renovaverat]
993 4017 1135 4068 caralni.

95 4083 190 4141 gestum
201 4094 253 4128 essa
264 4079 355 4129 scribit
371 4081 451 4129 cerv.
636 4094 674 4142 13.
696 4080 727 4128 In
739 4094 768 4127 so
781 4081 920 4140 cavebatur,
933 4081 1101 4144 nequicquam
1110 4083 1135 4130 in

129 4157 142 4191 a
159 4145 231 4192 Mars
245 4146 409 4204 Hamilcaris]
432 4139 560 4193 Hamilcar
576 4144 601 4192 in
633 4159 664 4192 ea
680 4142 777 4206 regiona
793 4158 855 4205 quae
872 4149 938 4193 naris
952 4146 1050 4194 lbenrm
1066 4152 1137 4205 esset,

95 4206 188 4268 praelio
198 4209 304 4269 quodam
315 4208 429 4256 adversm
437 4207 558 4256 Vetrones
567 4209 600 4257 ie-
634 4207 749 4267 Romani,
762 4214 805 4256 aut
821 4207 846 4256 in
863 4223 893 4256 aa
908 4223 970 4270 quae
986 4209 1021 4257 eis
1037 4211 1137 4260 lbemm

94 4269 231 4320 rocissimos
244 4271 381 4333 Hispaniae
398 4273 510 4335 populos,
524 4271 600 4320 fortis-
633 4277 705 4332 esset,
712 4271 789 4321 Poeni
797 4272 908 4321 sibiiuris
915 4280 1064 4335 moganum
1076 4289 1138 4322 neve

95 4335 157 4383 sime
178 4334 298 4384 dimicans
319 4335 439 4384 occubuit.
457 4337 536 4385 Cass.
571 4337 601 4385 cl.
634 4337 751 4385 alteruter
766 4337 873 4398 populus
888 4353 944 4386 eum
964 4353 1061 4387 amnem
1079 4340 1138 4388 belli

96 4399 151 4448 Pol.
161 4398 187 4448 ii.
199 4413 218 4450 r.
230 4400 304 4450 Com.
314 4397 380 4461 Nep.
392 4400 417 4448 in
429 4399 480 4449 Vit.
494 4399 602 4449 Hamilc.
635 4415 707 4448 causa
718 4400 836 4451 transiret.
