2866 4770
360 270 456 337 LIB.
481 272 594 338 XXX.
629 273 741 339 CAP.
764 280 816 340 44.
1060 281 1122 345 647

63 408 224 497 fugitivis,
239 407 421 472 consultum
430 432 440 486 3
463 409 602 474 nominis
619 408 728 474 latini
744 410 801 496 qui
820 423 920 488 erent,
936 411 1037 476 securi
1052 433 1124 499 per·
1134 429 1167 479 11.
1179 429 1210 480 c.
1226 442 1281 493 55¹·

64 495 165 572 cusai,
184 493 323 559 Romani
338 494 373 558 in
387 516 515 560 crucem
529 495 654 560 sublati.
1132 495 1163 543 Α·
1180 493 1211 544 ⁰·
1226 509 1282 544 ²⁰¹·

117 580 224 646 Annis
243 592 356 667 anteq
477 581 544 646 ‘nta
557 603 621 682 pax
640 603 714 646 cunr
732 581 1048 670 Carthaginiensibus
1089 607 1123 650 o-
1178 590 1231 650 44.

64 680 192 733 stremo
206 666 290 732 iacta
305 679 384 744 erat,
403 666 445 742 Q.
489 680 599 745 utatro,
615 667 657 733 A.
671 667 796 734 Manlio
811 668 1001 734 consulibus.
1097 670 1124 734 l-

65 754 142 817 lum
162 752 279 819 initum
299 753 391 818 annis
413 766 484 841 post
508 754 608 819 tribus
632 767 666 820 et
686 753 809 841 viginti,
832 754 870 818 P.
883 754 1045 834 Cornelio,
1070 757 1121 822 Ti.

36 865 57 908 4
70 837 150 904 Sem
172 839 265 904 renio
280 839 470 905 consulibus.
516 839 659 906 Finitum
673 854 722 905 est
736 862 769 904 se
793 841 872 906 timo
886 841 1013 906 decimo
1027 865 1121 920 auno,

68 923 137 991 Cn.
184 924 315 1002 omelio,
340 925 377 991 P.
392 925 489 991 Aelio
514 925 615 992 Paeto
643 925 767 992 consuli
882 925 984 1014 Saepe
1013 943 1124 1015 postea

38 1012 180 1081 eferunt
196 1011 378 1098 Scipionem
394 1012 522 1090 dixisse,
539 1013 590 1078 Ti.
605 1012 736 1078 Claudii
750 1013 889 1100 primum
904 1013 1121 1114 cupiditatem,

68 1097 190 1162 deinde
208 1097 271 1164 Cn.
285 1097 440 1176 Cornelii,
455 1099 550 1164 fuisse
570 1100 605 1164 in
625 1121 723 1178 mora,
739 1119 806 1185 quo
825 1100 931 1165 miuus
952 1099 987 1165 1d
1003 1099 1121 1165 bellum

67 1184 173 1250 exitio
190 1183 393 1272 Carthaginis
407 1185 522 1250 finiret.

36 1280 56 1330 6
120 1270 308 1358 Carthagini
351 1294 429 1336 uum
471 1272 552 1336 rima
570 1271 697 1338 collatio
716 1272 872 1373 pecuniae
893 1272 1019 1338 diutino
1038 1272 1122 1338 bello

67 1356 235 1422 exhaustis
249 1356 335 1422 diffic
360 1357 367 1372 ⁸
402 1357 434 1422 vi
458 1369 574 1436 eretur,
590 1358 811 1444 maestitiaque
826 1371 860 1423 et
872 1357 966 1424 fletus
985 1359 1020 1422 iu
1035 1359 1124 1424 curia

68 1456 168 1520 esset,
191 1442 347 1508 ridentem
378 1442 595 1509 Hannibalem
619 1445 727 1509 serunt
756 1457 971 1544 conspectum.
1020 1443 1123 1510 Cuius
1131 1458 1283 1534 ananan·

41 1549 177 1614 squam
192 1527 371 1631 Hasdrubal
387 1529 520 1595 Haedus
534 1531 632 1596 risum
647 1531 828 1656 increppret
840 1553 875 1594 m
889 1530 1018 1618 publico
1032 1531 1121 1610 fletu,
1130 1524 1254 1648 ffiigoin

71 1614 735 1789 truttam,
752 1615 1199 1769 Sedit..

70 1787 183 1852 ‘cerni
201 1800 316 1888 posset,
335 1787 427 1853 facile
447 1789 536 1853 vobis
557 1803 733 1877 appareret,
754 1812 820 1855 non
840 1789 926 1868 laeti,
946 1790 1004 1856 sed
1024 1812 1122 1877 prope

71 1881 233 1938 ‘amentis
255 1873 345 1938 malis
365 1873 469 1938 cordis
488 1875 585 1951 hunc,
605 1897 702 1962 quem
723 1875 903 1961 increpatis,
923 1875 1023 1938 risum
1044 1897 1121 1940 esse.

71 1959 166 2035 ‘Qui
194 1972 303 2024 tamen
331 1982 536 2047 nequaquam
565 1960 646 2026 adeo
675 1974 723 2025 est
751 1961 1002 2046 intempestivus,
1026 1984 1122 2047 quam

37 2055 82 2110 8‘
94 2057 216 2111 vestrae
238 2047 317 2110 istae
340 2047 492 2112 absurdae
515 2059 611 2133 atque
638 2045 844 2112 abhorrentes
868 2045 1015 2111 lacrimae
1038 2061 1120 2111 sunt.

69 2131 191 2198 ‘Tunc
209 2132 301 2197 flesse
320 2131 439 2210 decuit,
460 2155 561 2220 quum
579 2133 671 2198 adem
696 2145 728 2196 ta
748 2133 839 2198 nobis
858 2155 954 2209 arma,
975 2132 1122 2197 incensae

68 2227 200 2296 ‘naves
229 2217 434 2283 interdictum
465 2218 606 2284 externis
633 2219 674 2283 be
700 2219 707 2232 '
786 2217 847 2283 Illo
876 2218 963 2282 enim
992 2217 1122 2283 vulnere

36 2313 82 2378 9‘
93 2303 300 2370 concidimus.
348 2303 420 2370 Nec
441 2327 509 2370 esse
527 2306 561 2368 in
584 2325 639 2370 vos
661 2304 736 2369 odio
756 2317 859 2370 vestro
881 2303 1062 2369 consultum
1083 2305 1123 2369 ab

69 2390 250 2456 ‘Romanis
278 2390 422 2456 credatis.
470 2390 570 2456 Nulla
598 2413 630 2454 m
694 2412 714 2453 a
736 2390 846 2455 civitae
874 2390 931 2454 diu
960 2390 1123 2475 quiescere

69 2485 207 2564 ‘potest
255 2475 290 2541 Si
317 2476 395 2541 foris
422 2477 546 2542 hostem
576 2499 642 2541 non
704 2477 770 2552 bet,
796 2475 884 2540 domi
914 2476 1055 2541 invenit:
1086 2491 1124 2542 ut

70 2563 274 2650 ‘praevalida
295 2585 427 2651 corpora
447 2563 488 2628 ab
509 2563 650 2628 externis
672 2561 773 2628 causis
795 2573 865 2627 tuta
885 2560 1043 2640 videntur,
1065 2563 1123 2628 aed

72 2649 161 2713 ‘suis
175 2649 242 2737 ipsa
254 2650 374 2715 viribus
387 2663 568 2715 onerantur.
614 2649 756 2714 Tantum
767 2649 918 2714 nimirum
932 2670 975 2713 ex
989 2648 1124 2737 publicis

71 2743 86 2774 ‘
97 2733 186 2800 malis
199 2737 364 2812 sentimus,
379 2748 535 2820 quantum
556 2735 597 2800 ed
612 2735 749 2822 privatas
769 2758 819 2800 res
833 2734 989 2822 pertinet:
1013 2759 1074 2801 nec
1088 2737 1122 2800 in

70 2819 136 2885 ‘iis
157 2823 329 2908 quicquam
355 2821 466 2898 acrius,
490 2843 587 2908 quam
608 2822 764 2908 pecuniae
786 2821 949 2899 damnum,
972 2822 1120 2887 stimulet.

70 2905 222 2993 ‘Itaque,
252 2929 351 2993 quum
380 2907 481 2994 spolia
509 2907 610 2972 victae
642 2905 830 2991 Carthagini
864 2906 1121 2984 detrahebantur,

69 3004 196 3079 ‘quum
215 2993 368 3056 inermem
386 2993 449 3057 iam
471 3014 508 3056 ac
527 2992 646 3057 nudam
667 2990 799 3056 destitui
819 2991 903 3054 inter
923 3003 970 3055 tot
989 3007 1123 3058 armatas

69 3089 208 3228 :sir
221 3075 1124 3252 §taessalatisamassetis

68 3249 438 3338 ‘firnere,comploratis
473 3251 580 3330 Quam
591 3271 710 3328 vercor,
722 3273 764 3316 ne
773 3249 960 3339 propediem
971 3249 1122 3326 sentiatis,

70 3333 253 3401 ‘levissimo
273 3339 306 3400 in
327 3337 410 3402 malo
424 3360 480 3402 vos
499 3337 594 3402 hodie
614 3336 824 3402 lacrimassel’
847 3335 938 3402 Haec
960 3333 1124 3402 Hannibal

70 3420 162 3508 apud
179 3421 467 3507 Carthaginienses

110 3637 246 3693 sllicitum
254 3641 290 3685 est
298 3638 399 3699 septim
407 3637 496 3686 decim
504 3639 583 3697 emto]
649 3638 859 3697 aerioma]
889 3639 1003 3699 Ineptae,
1024 3653 1067 3686 seu
1089 3637 1124 3686 in·

73 3699 257 3762 Intelligendm
277 3705 315 3749 est
335 3700 456 3762 septimus
476 3699 586 3750 decimus
617 3700 785 3761 tempestivae.

71 3777 157 3812 annus
172 3764 279 3840 elapsam,
297 3769 322 3812 et
338 3762 472 3826 incipiente
489 3765 586 3814 decimo
649 3777 665 3827 9
681 3765 735 3812 Nec
750 3780 801 3813 ms
816 3766 845 3811 io
861 3763 916 3825 cce]
935 3763 1025 3826 Neque
1042 3765 1124 3814 existi·

72 3827 273 3876 octavoflmtum
284 3827 387 3876 bellum.
403 3827 485 3877 Cass.
617 3826 689 3876 metis
696 3826 907 3876 ideotamacerbe
915 3827 991 3889 egisse
999 3829 1123 3878 vobiscum

111 3901 125 3952 5
142 3891 318 3954 Orcpidiutem]
337 3891 397 3948 Qua
407 3889 447 3940 Ti.
457 3890 585 3949 Claudius,
617 3893 754 3950 Romanos,
765 3896 793 3938 ut
807 3905 879 3939 suum
894 3889 919 3939 in
931 3905 974 3940 ros
988 3892 1071 3941 odium
1083 3909 1124 3942 ex·

72 3969 143 4015 supr.
160 3967 197 4016 27.
213 3961 238 4002 et
253 3954 450 4014 (imcomeiius,
464 3969 530 4016 supr.
545 3969 585 4015 40.
617 3955 710 4018 pieant.
744 3953 849 4003 Vestrae
868 3955 925 4018 paci
941 3971 971 4004 sc
988 3955 1123 4017 tranquilli-

73 4018 224 4066 destinatam
247 4017 310 4066 liniti
332 4018 392 4066 belli
414 4018 513 4066 laudem
533 4018 583 4068 Sci·
616 4018 662 4067 tati
674 4019 824 4068 constriuere.
846 4018 927 4068 Nulla
934 4019 1125 4082 quippemagna

74 4081 145 4195 goni
172 4081 241 4143 quasi
268 4080 406 4144 praeripere
433 4083 584 4131 studuerant.
616 4082 743 4194 aliqvah'dlq¹
751 4081 1024 4194 &limedquim
1036 4089 1125 4158 potest.

105 4158 174 4195 asoa.
650 4161 720 4196 eoru
736 4161 828 4196 urnas
868 4160 923 4195 ems
966 4161 983 4193 u
1019 4160 1124 4194 urescere

110 4206 302 4271 domimini]
316 4210 347 4260 ci.
359 4207 572 4274 Supr.xxriii.a6.
617 4209 746 4271 cogamini.
786 4210 904 4260 Ceterum
923 4160 1125 4257 rii'aechefensio

113 4274 258 4333 7Haedus]
285 4274 317 4324 cl.
339 4274 411 4336 supr.
433 4289 473 4334 4²·
506 4273 584 4335 Appi·
617 4273 748 4321 Romanae
769 4273 795 4321 in
817 4273 895 4321 victos
916 4271 1057 4320 acerbitatis
1077 4273 1124 4320 lor·

74 4349 140 4383 anus
162 4351 259 4398 quoqne
285 4337 466 4386 Hasdrubalem
488 4335 586 4398 Ἔριφον
616 4335 839 4397 tassequrbusdam
851 4334 974 4382 ridebitur
986 4335 1053 4383 baud
1067 4335 1126 4384 satis

75 4399 231 4459 appellatum
243 4401 332 4449 scribit.
350 4401 438 4450 Sicos.
618 4401 704 4447 decere
715 4413 842 4459 personam
855 4397 1011 4448 Hannibalis.
1028 4399 1108 4449 Cass.
