2888 4768
370 224 433 286 202
749 217 860 283 ΤΙΤΙ
888 216 1021 283 LIVII

217 367 292 416 inc.
308 365 511 442 sat‘tosque,
533 354 595 420 elie
614 377 697 420 nova
717 354 835 420 scelera
853 368 926 458 post
951 367 1083 420 mortem
1109 350 1235 441 tyranni
1257 347 1382 413 molitos:
1421 311 1422 366 l

216 433 246 482 Δ·
263 432 294 481 ⁰·
309 445 383 490 ²¹4·‘
514 442 626 529 primo,
646 464 744 528 quum
766 441 878 507 clausrs
895 440 1144 506 Andranodorus
1164 435 1287 502 Insulae
1303 433 1385 522 portis

373 538 383 568 ‘
414 528 596 593 ereditatem
619 529 707 616 regni
725 529 866 606 creverit,
886 550 1031 616 quaeque
1050 537 1234 628 procurator
1251 533 1402 596 tenuemts

373 624 383 654 ‘
413 637 449 680 ro
473 614 602 680 domino
628 615 819 702 possederit3
848 615 992 702 proditus
1014 613 1130 679 demde
1153 611 1193 676 ab
1218 609 1267 686 iis,
1289 607 1339 694 qui
1358 607 1422 684 int,

373 711 383 740 ‘
530 713 628 778 erant,
657 701 876 766 circumsessus
909 703 949 767 ab
982 702 1126 766 universa
1158 696 1293 772 civitate,
1320 713 1386 779 quse
1421 705 1422 778 ζ

374 787 609 853 ‘Achradinam
637 788 784 865 tenuerit,
808 811 830 851 n
872 787 1020 874 uiequsm
1047 786 1150 874 palam
1176 795 1272 870 atque
1299 791 1386 868 aperte

374 883 384 913 ‘
434 875 528 939 titum
542 895 685 961 regnum,
701 874 781 939 clam
801 886 835 939 et
876 873 927 939 olo
944 875 1089 938 affectare
1107 883 1240 937 conatus
1256 868 1302 944 sit,
1315 879 1386 930 stne

374 897 549 1027 ‘Kuelicio
563 961 693 1048 quidem
708 973 803 1048 atque
818 961 936 1026 honore
950 959 1089 1048 potuerit
1101 957 1198 1035 vinci,
1213 975 1308 1042 quum
1321 952 1402 1020 interr

374 1048 573 1113 ‘liberatores
594 1048 713 1134 patriae
735 1046 898 1112 insidiator
920 1047 986 1134 ipse
1009 1044 1161 1111 libertatis
1185 1054 1306 1107 creatus
1324 1049 1387 1102 emet

374 1143 525 1221 ‘praetori
573 1133 637 1200 Sed
662 1133 783 1198 animos
805 1135 843 1197 iis
868 1134 971 1220 regios
993 1133 1093 1220 regias
1115 1129 1267 1216 coniuges
1289 1125 1403 1198 ΜΝ

374 1219 484 1284 ‘alteri
506 1219 665 1298 Hieronis,
687 1219 777 1285 alteri
801 1219 942 1297 Gelonis,
964 1218 1044 1284 filias
1065 1217 1200 1305 neptes?
1246 1213 1309 1278 Sub
1323 1211 1388 1274 haut
1421 1221 1422 1272 ἒ

373 1329 484 1372 vocem
498 1329 540 1372 ex
554 1307 698 1372 omnibus
712 1306 852 1394 partibus
865 1305 1026 1371 concionis
1038 1305 1157 1370 clamor
1170 1302 1281 1377 oritur,
1292 1295 1388 1362 nullam

374 1416 483 1459 earum
496 1393 601 1458 virere
615 1393 741 1470 debere,
753 1415 813 1458 nec
828 1413 1019 1493 quemquam
1031 1411 1191 1478 superesse
1207 1401 1388 1476 tyrannorum

374 1481 488 1568 stirpis.
533 1478 624 1545 Haec
635 1492 746 1545 natura
756 1479 967 1544 multitudinis
981 1490 1045 1555 est3
1069 1490 1125 1542 aut
1133 1475 1233 1541 servit
1242 1469 1387 1542 humilier,

374 1579 430 1631 aut
451 1567 585 1652 superbe
608 1566 805 1632 dominatur:
832 1565 1018 1642 libertatem,
1043 1586 1124 1653 quae
1144 1561 1255 1627 media
1275 1571 1326 1634 est,
1344 1573 1422 1621 nect

374 1673 520 1738 spernere
542 1651 675 1731 modice,
690 1675 750 1717 nec
769 1652 884 1717 habere
904 1653 1023 1716 sciunt:
1048 1664 1081 1716 et
1098 1671 1163 1714 non
1182 1648 1281 1712 ferme
1297 1644 1389 1708 desunt
1421 1719 1422 1732 χ

375 1739 490 1802 irarum
501 1737 703 1825 indulgentes
717 1738 860 1815 ministri,
870 1737 926 1825 qui
940 1737 1047 1802 avidos
1061 1749 1155 1824 atque
1167 1734 1401 1820 intempemtes1
1421 1743 1422 1810 l

374 1823 570 1911 plebeiorum
584 1825 705 1890 animos
718 1825 760 1889 ad
774 1825 958 1911 sanguinem
972 1839 1006 1889 et
1019 1824 1130 1889 caedes
1143 1822 1280 1886 irritent
1322 1815 1390 1880 Sicut
1421 1823 1422 1904 y

220 1919 445 1999 trimegistum
460 1910 618 1998 extemplo
632 1923 791 1998 praetores
809 1911 1003 1998 rogationem
1023 1908 1282 1998 promulgarunt:
1303 1921 1389 1984 accep
1421 1907 1422 1982 l

219 1986 368 2036 internatus
377 2011 471 2084 taque
493 2020 593 2098 paene
615 1997 711 2085 prius,
730 2019 825 2084 quam
844 1997 1049 2083 promulgata,
1067 2007 1125 2072 est,
1146 2007 1184 2059 ut
1205 1991 1307 2058 omnis
1324 1985 1390 2070 regit

375 2084 468 2172 stirps
492 2085 737 2150 interficeretur:
769 2083 916 2170 missique
942 2105 962 2148 a
1010 2082 1180 2148 rectoribus
1212 2079 1389 2144 Damnem

378 2169 536 2248 Hieronis,
552 2183 585 2236 et
599 2169 807 2235 Harmoniam
824 2169 957 2234 Gelonis
1006 2169 1058 2247 ias,
1074 2168 1227 2254 coniuges
1247 2161 1390 2230 Androtio-

377 2256 447 2321 dori
461 2269 493 2322 et
508 2257 675 2334 Themisti,
690 2255 925 2320 interfecerunt

1421 2261 1422 2296 l

312 2390 320 2406 .
421 2341 576 2408 Heraclea
597 2355 665 2408 erat
685 2342 751 2406 filie
768 2341 926 2419 Hieronis,
944 2364 1025 2408 uxor
1049 2340 1184 2428 Zoippi3
1208 2338 1276 2426 qui,
1295 2335 1390 2431 legatus
1421 2297 1422 2378 l

377 2431 417 2494 ab
432 2427 631 2517 Hieronymo
650 2429 691 2494 od
709 2451 816 2517 regern
831 2428 1047 2494 Ptolemaeum
1068 2428 1188 2504 missus,
1202 2423 1390 2490 veientanum

377 2514 569 2580 consciverat
582 2515 737 2579 exsilium.
784 2513 832 2578 Ea
846 2537 944 2602 quum
962 2515 1003 2579 ad
1020 2537 1052 2578 se
1067 2535 1194 2600 quoque
1209 2509 1310 2575 veniri
1322 2520 1404 2593 praet

377 2601 493 2677 scisset,
508 2601 542 2665 in
557 2603 724 2666 sacrarium
743 2601 783 2666 ad
799 2613 928 2688 penates
947 2601 1097 2689 confligit,
1112 2621 1186 2664 cum
1199 2597 1322 2662 duabus
1332 2589 1391 2654 filit·

376 2687 436 2752 bus
449 2686 631 2773 virginibus,
646 2687 790 2752 resolutis
805 2687 951 2766 crinibus,
967 2686 1197 2773 miserabilique
1213 2683 1277 2748 alio
1290 2677 1389 2745 habitu:

138 2765 149 2780 ’
224 2787 311 2834 Preces
318 2784 411 2838 rie-et
427 2771 468 2838 ad
485 2796 523 2838 ea
541 2772 663 2837 addidit
682 2795 800 2860 preces,
815 2796 901 2838 nunc
920 2797 977 2875 per
996 2773 1178 2838 memoriam
1194 2767 1340 2835 Hieronis
1351 2773 1404 2857 ptjt

162 2891 166 2898 ·
223 2850 316 2898 ΜΝ
378 2859 442 2938 tris,
457 2858 651 2947 Gelonisque
662 2859 780 2938 baum
799 2869 857 2925 ‘ne
872 2883 905 2925 se
920 2861 1081 2926 innoxiam
1096 2857 1214 2923 invidia
1227 2855 1391 2938 Hieronyu

225 2913 294 2963 Hier.
306 2911 354 2962 Μ’
379 2947 590 3036 ‘conflagrare
604 2947 752 3012 sinerent
797 2946 889 3010 Nihil
903 2969 936 3011 se
950 2969 991 3012 ex
1005 2945 1391 3034 regnoillius,praetere1·

412 3156 426 3207 5
443 3144 608 3194 Hereditates
619 3143 689 3204 reeril
699 3142 814 3201 nocent]
832 3141 882 3190 Ho-
915 3141 989 3203 perio,
997 3145 1025 3188 ut
1035 3145 1117 3188 umen
1128 3154 1177 3187 non
1187 3137 1318 3188 descendat
1325 3132 1351 3181 ad
1359 3131 1390 3176 ht

379 3209 504 3258 reditaten
519 3221 617 3256 oemcra
631 3211 667 3254 eet
681 3204 777 3268 proprie
792 3204 882 3253 delibe-
914 3203 972 3253 mila
983 3220 1011 3253 ac
1022 3203 1129 3252 deforme
1140 3201 1290 3264 obsequium.
1305 3200 1383 3266 Can..

380 3287 441 3330 rare,
449 3276 530 3319 utrum
542 3285 595 3318 aem
607 3269 710 3318 velimus
719 3269 786 3317 adire
795 3283 882 3328 necne,
952 3283 962 3316 1
981 3271 1173 3331 Intemperantes
1195 3267 1336 3328 phdeim
1352 3271 1389 3326 Ψ
1421 3311 1422 3342 ,

381 3336 446 3384 unde
462 3337 535 3385 cretio
553 3333 642 3382 dicitur
662 3333 768 3395 spatium
789 3337 882 3394 tempo
914 3333 976 3392 mos]
995 3332 1051 3380 Vox
1065 3333 1211 3394 plebeiorum
1226 3336 1264 3378 est
1277 3329 1306 3376 ab
1318 3327 1389 3384 ingdss⁰
1421 3349 1422 3376 1

381 3398 421 3458 ris,
436 3400 501 3460 quod
520 3399 552 3446 ad
571 3397 596 3446 id
612 3397 795 3446 deliberandum
813 3396 884 3444 datur
915 3397 1105 3444 emendatorum.
1130 3393 1218 3456 Scripti
1226 3393 1389 3442 bieomnerwr·
1421 3417 1422 3456 3

382 3461 463 3511 heredi
475 3467 626 3519 attrabatem
640 3461 736 3520 deinde,
744 3461 810 3522 quod
820 3460 884 3508 hanc
915 3459 996 3522 rupti;
1011 3460 1053 3508 sed
1066 3459 1101 3506 ita
1113 3464 1233 3508 utente
1248 3456 1388 3505 maenus·

382 3525 581 3574 deliberationem
604 3526 655 3572 fera
680 3525 795 3586 sequitur,
816 3523 883 3572 illam
916 3525 1021 3571 multum
1036 3523 1175 3573 discedant:
1191 3507 1389 3598 pettamrd
1421 3519 1422 3540 ³

382 3590 455 3639 edire.
479 3591 508 3638 cf.
527 3588 621 3637 Ernest.
638 3588 707 3638 Clav.
725 3587 802 3638 Cicer.
819 3587 884 3636 Peri·
914 3589 1083 3650 plebeiorum,
1105 3587 1143 3634 vel
1170 3586 1237 3634 aliud
1258 3573 1389 3647 quidsuis
1421 3595 1422 3648 l

383 3671 435 3704 aon.
456 3655 489 3702 ad
510 3653 601 3702 Sandii
625 3653 729 3702 Minore.
753 3653 884 3715 780—795.
916 3653 1062 3714 praeterunt.
1095 3651 1167 3699 Solus
1183 3649 1276 3698 Victor.
1294 3636 1388 3717 sedulii

385 3721 449 3768 Itur.
917 3715 991 3763 habet
1006 3715 1070 3777 quod
1087 3729 1171 3762 sanum
1190 3713 1263 3761 rideri
1280 3715 1352 3774 pom
1364 3717 1388 3750 ⁸*

416 3779 431 3830 6
447 3783 499 3830 Pro
509 3781 614 3840 domim]
627 3779 754 3842 Tanquam
766 3779 885 3828 deminus.
917 3786 1075 3841 temperasses
1083 3779 1273 3841 suppliciorum:
1290 3773 1326 3836 qui
1335 3764 1388 3817 md

384 3847 464 3894 Onar.
917 3841 1011 3890 accensi
1027 3843 1059 3890 ad
1075 3842 1207 3900 scentiam,
1217 3841 1310 3888 nullum
1320 3830 1388 3894 suppl

419 3919 431 3969 7
453 3910 534 3967 Vinci]
558 3905 636 3956 Flecti
654 3909 686 3955 ad
704 3913 840 3968 respectum
858 3907 886 3954 li·
918 3907 1070 3955 ciismodum
1082 3905 1255 3955 faeererciant.
1272 3903 1343 3952 Gut-

386 3971 484 4020 bertatis
493 3983 649 4031 amoremque
665 3971 764 4031 patriae,
775 3976 799 4018 et
810 3970 886 4018 deter·
951 3986 964 4018 a
984 3973 1067 4019 Ventri
1075 3970 1229 4032 murmuret]
1248 3969 1287 4017 Its
1296 3979 1334 4028 pro
1343 3957 1387 4016 tuli

385 4034 431 4086 reri
442 4050 457 4082 a
467 4035 598 4094 tyrannicis
609 4033 720 4084 consiliis.
735 4035 815 4084 esav.
916 4037 1000 4084 uenire
1011 4034 1149 4083 emendarit
1160 4034 1265 4083 Gronov.

418 4101 433 4148 8
449 4099 550 4146 Artimor
567 4101 598 4147 iis
615 4100 703 4159 rapior]
731 4096 833 4147 Animos
850 4113 883 4146 re-
948 4097 1262 4160 3Nenoperrnomoriem]
1274 4087 1386 4144 Nunc-bt·

386 4163 475 4227 gnsndi
486 4162 575 4209 aridos
592 4163 672 4210 cerv.
917 4163 1002 4222 primo,
1010 4163 1054 4210 sibi
1062 4168 1089 4210 ut
1097 4159 1387 4226 paroereturnogabattw·

419 4244 434 4289 9
450 4227 610 4274 Libertatem.
623 4261 629 4272 .
640 4259 647 4272 .
658 4241 772 4286 apenmo
784 4226 883 4284 medior]
919 4226 1010 4274 omissis
1033 4241 1074 4288 pro
1095 4241 1121 4274 se
1142 4225 1260 4286 precibus,
1279 4219 1353 4284 puelle
1368 4217 1386 4257 tl

389 4291 535 4339 Libertatem
551 4287 571 4336 is
587 4287 680 4335 modice
690 4289 789 4349 spernit,
800 4288 840 4348 qui
851 4288 887 4336 ita
919 4291 1003 4338 saltem
1016 4296 1149 4352 parcerent,
1159 4305 1227 4338 orare
1236 4285 1322 4336 nstin
1335 4281 1376 4328 brt·

388 4371 413 4402 se
424 4353 558 4402 subiectum
569 4367 620 4400 esse
631 4351 720 4412 patitur
730 4351 829 4400 alterius
843 4352 885 4398 im-
