2874 4772
342 198 406 260 288
727 191 842 260 ΤΙΤΙ
869 191 1002 260 LIVII
1407 7 1411 264 i

188 337 264 390 ΰ-ὒ·
280 328 403 402 savir?
417 339 599 417 potuerunt.
646 327 690 394 Et
709 327 757 394 Μ.
771 327 891 395 Atilius
908 328 1040 416 legatus,
1061 325 1156 414 primi
1196 323 1315 412 rincipis
1328 346 1374 398 ers

181 405 219 460 1¹·
235 405 265 454 ⁰·
281 415 456 482 ²¹¹·eadcm
484 415 497 480 l
538 415 609 481 'ona
638 416 765 502 signum
789 415 898 482 intent
921 415 955 480 in
980 412 1144 514 cohortem
1170 347 1360 513 llispmomn

245 471 275 532 6·
342 501 457 588 coegit.
496 437 555 579 Ἐξ,
570 501 627 590 qui
641 502 749 568 castris
762 513 937 589 praeerant,
954 501 992 566 L.
1005 500 1137 566 Porcius
1151 497 1279 564 chsnns
1291 513 1320 562 et
1330 497 1360 562 Τ.

342 586 497 676 Popillius
511 588 606 675 legati
621 611 679 690 pro
692 588 775 654 vallo
789 589 902 654 acriter
938 601 1127 676 repugnant,
1139 585 1361 683 elephantosque

343 674 608 762 transgredientes
622 699 656 740 nr
671 675 740 762 ipso
754 675 836 740 vallo
855 611 1036 742 oouhcinnt
1085 673 1233 748 Quorum
1248 693 1362 771 oorpnn·

342 761 402 827 bus
412 783 512 862 quum
526 760 654 849 oppleta
668 774 750 827 esset
759 761 849 838 fossa,
861 761 949 826 velut
959 783 1073 849 aggere
1084 772 1140 825 aut
1150 771 1248 847 ponte
1258 758 1362 832 inrecto,

344 861 511 913 transitum
530 848 672 914 hostibus
692 848 789 914 dedit.
834 847 885 914 Ibi
904 869 962 936 per
980 861 1117 934 stragem
1136 846 1304 912 iacentium
1315 844 1363 908 ele·

186 953 291 1017 Repulsi
302 955 327 1002 tu
343 933 535 1036 phantomm
549 947 641 1000 atrox
660 935 747 1000 edita
765 934 886 1036 caedes.
906 1021 914 1035 ⁹
931 933 1045 1000 Altera
1058 935 1092 998 in
1110 945 1202 1034 parte
1217 945 1363 998 cashornn

186 1019 270 1068 urbem
301 1082 307 1095 ,
343 1021 646 1109 samimpulsierant
659 1020 816 1109 Campam
830 1021 1053 1108 Pumcumque
1066 1018 1363 1107 praesidiumetatb

185 1083 315 1146 ⁰⁸¹¹¹¹²⁸¹¹²
343 1108 413 1196 ipsa
430 1121 523 1196 porta
543 1105 685 1195 Capuae,
705 1131 787 1196 quae
807 1107 849 1172 ad
863 1107 1058 1172 Vulturnum
1078 1107 1148 1184 fert,
1168 1105 1363 1194 pugnabann:

343 1217 449 1282 neque
461 1209 526 1260 tam
537 1194 649 1261 armati
659 1194 905 1282 inumpentibus
916 1194 1069 1260 Romanis
1083 1194 1282 1270 resistebant,
1310 1213 1364 1254 usu

343 1281 431 1368 quod
454 1293 554 1368 porta,
578 1281 709 1346 ballistis
734 1281 1014 1382 scorpionibusque
1037 1281 1201 1356 instructa,
1222 1278 1380 1344 missibus

342 1368 455 1455 procul
464 1368 570 1433 hostes
581 1369 715 1434 arcebat
762 1367 806 1432 Et
819 1391 855 1434 sn
878 1381 989 1468 press1t
1001 1367 1155 1455 impetum
1167 1365 1365 1432 Romanomn

342 1454 458 1520 vulnus
472 1455 669 1554 imperatoris
684 1457 748 1542 Ap.
764 1453 846 1521 Clau
871 1455 909 1518 ἰι
932 1455 994 1533 cui,
1011 1477 1083 1519 suos
1097 1467 1170 1519 ante
1187 1453 1366 1542 primasigns

343 1540 533 1618 adhortanti,
549 1541 608 1606 snb
622 1541 711 1606 laevo
730 1542 863 1606 humero
877 1563 1036 1606 summum
1052 1553 1163 1628 pectus
1178 1563 1276 1628 gaeso
1289 1539 1380 1614 ictunr

344 1637 399 1692 est.
445 1626 567 1714 Magna
588 1639 695 1692 tamen
716 1629 764 1692 vis
787 1627 927 1693 hostium
955 1641 1029 1692 ante
1095 1639 1175 1692 rtam
1207 1641 1257 1692 est
1280 1647 1364 1690 caen:

187 1723 314 1801 Hapuibql
343 1713 442 1778 ceteri
457 1727 504 1778 tre
527 1713 572 1777 idi
587 1713 622 1779 in
636 1716 747 1780 urbem
761 1713 924 1802 compulsi.
970 1713 1015 1779 Et
1066 1713 1208 1792 annibal,
1224 1727 1366 1814 Quam

186 1795 316 1851 mm·
344 1799 482 1864 cohortis
543 1801 725 1887 ispanorunr
750 1815 886 1888 stragem
911 1801 1000 1879 vidit,
1022 1823 1212 1888 summaque
1235 1823 1266 1866 vr
1290 1813 1368 1864 eastra

343 1885 482 1952 bostium
505 1886 644 1965 defendi,
667 1887 781 1955 omissa
802 1909 865 1976 opp
932 1888 1047 1966 atione,
1069 1887 1213 1975 recipere
1236 1887 1327 1976 signa,
1345 1897 1368 1948 et

341 1986 526 2038 convertere
553 1995 668 2060 agmen
689 1973 845 2074 peditum,
868 1974 991 2040 eiecto
1014 1997 1034 2038 a
1057 1987 1144 2061 tergo
1166 1975 1366 2063 equitatum

342 2059 441 2162 hostis
459 2061 598 2138 instaret,
614 2073 728 2161 coepit
773 2060 953 2150 Legionum
969 2059 1193 2162 ardoringens·
1210 2059 1367 2162 adhosten

342 2146 763 2323 “mm
778 2147 1167 2322 lta
1183 2159 1368 2321 rai

342 2319 478 2385 multum
493 2321 527 2385 in
543 2319 724 2386 Hannibale
739 2321 886 2408 praesidii
901 2335 991 2398 esset,
1007 2321 1120 2408 etipse
1137 2319 1304 2386 Hannibal
1315 2341 1368 2384 sen·

342 2406 426 2470 tirct.
473 2405 577 2472 Caesa
590 2431 630 2473 eo
649 2406 712 2484 die,
728 2408 783 2494 qui
799 2407 893 2474 huius
906 2430 1032 2496 pugnae
1051 2421 1197 2472 auctores
1219 2423 1302 2486 sunt,
1315 2420 1368 2470 octo

342 2491 441 2556 millia
454 2492 620 2558 hominum
638 2493 679 2558 de
700 2493 890 2559 Hannibalis
909 2495 1061 2572 exercitu,
1077 2495 1137 2559 tria
1154 2517 1200 2558 ex
1217 2491 1368 2581 campanis

342 2577 489 2642 tradunt:
513 2580 666 2666 signaque
688 2579 1004 2668 Carthaginiensibus
1023 2581 1210 2668 quindecim
1231 2581 1367 2666 ademe

342 2663 562 2752 duodeviginti
590 2664 772 2754 Campanis.
819 2667 917 2754 Apud
942 2667 1018 2732 alios
1039 2689 1248 2755 nequaqnam
1271 2681 1368 2733 tanam

341 2748 458 2815 molem
479 2773 606 2838 pugnae
628 2753 746 2832 inveni,
766 2753 900 2854 plusque
945 2755 1055 2832 aroris,
1100 2776 1172 2818 uam
1196 2752 1368 2824 certaminis,
1408 2817 1409 2820 ,

341 2835 454 2902 fuisse:
478 2860 578 2925 quum
593 2839 757 2926 inopinato
771 2864 805 2906 sn
816 2777 1077 2906 castraPRomana
1126 2840 1258 2906 umidae
1275 2839 1369 2926 Hispa
1408 2855 1409 2872 ¹

341 2924 440 3010 nique
469 2947 544 2989 cum
569 2924 745 3014 elephantis
771 2927 974 3015 irrupissent3
1005 2927 1175 3015 elephanti,
1200 2925 1369 3028 permedia

342 3024 443 3076 castra
461 3011 622 3090 vadentes,
637 3025 773 3100 stragem
795 3013 1095 3080 tabemacnlornm'
1161 3029 1213 3078 nti
1233 3013 1369 3080 sonituac

341 3097 450 3185 fugam
469 3099 724 3186 abrumpentium
744 3099 871 3166 vincula
890 3101 1101 3166 iumentorum
1134 3115 1285 3178 acerent3
1306 3101 1369 3166 fratr

341 3183 416 3249 dem
434 3207 563 3272 quoqne
583 3209 678 3274 super
699 3186 869 3252 tumultum
888 3187 1052 3266 adiectam,
1067 3187 1217 3252 immiaeis
1237 3189 1279 3254 ab
1298 3185 1369 3250 Han

341 3271 457 3348 nibale,
477 3273 533 3359 qui
550 3273 676 3359 (habuit
697 3272 833 3361 aliquot)
846 3275 936 3362 gnari
951 3275 1084 3339 Latinae
1098 3273 1229 3360 linguae
1245 3276 1370 3340 iuberent

342 3357 508 3422 consulum
536 3360 650 3438 verbis,
680 3361 831 3446 quoniam
856 3360 969 3425 amissa
993 3373 1093 3426 castra
1120 3373 1239 3441 essent,
1269 3383 1323 3449 pro
1346 3377 1367 3420 st

342 3465 504 3532 quemque
519 3445 655 3510 militum
670 3445 705 3509 in
741 3447 879 3512 roximos
893 3461 1016 3512 montes
1027 3448 1152 3535 fugere:
1177 3449 1238 3514 sed
1253 3471 1320 3513 eam
1332 3465 1367 3508 a»

341 3528 450 3596 leriter
468 3532 626 3619 cognitam
640 3469 794 3610 frandbm,
810 3554 1052 3621 oppressamque
1072 3557 1188 3622 magna
1200 3535 1301 3601 caede
1315 3533 1367 3598 hor

342 3617 441 3694 tium3
465 3617 513 3683 ele
537 3617 730 3705 hantosigni
744 3643 763 3685 e
778 3621 885 3685 castris
900 3633 1036 3686 exactos
1406 3645 1407 3650 ¹

386 3701 459 3804 lloc
489 3641 636 3770 uliimum
658 3705 838 3807 (utcunque
864 3707 979 3772 initum
1008 3707 1198 3808 finitumque
1226 3709 1293 3807 est)
1311 3718 1379 3800 ante·

330 3787 538 3855 deditionem
552 3791 682 3879 Capuae
697 3793 853 3879 proelium
863 3793 933 3860 suit.
978 3792 1221 3872 Medixtutrcns,
1234 3817 1289 3884 qur
1301 3804 1380 3858 sunt

375 3961 488 4022 5Pstma‘
505 3963 639 4024 principia]
665 3961 742 4010 Primi
761 3961 848 4026 princi·
915 3965 1022 4025 7Gaeso
1040 3966 1115 4013 lotum
1131 3965 1179 4024 sat]
1204 3963 1313 4012 (laesam
1328 3971 1366 4030 1³⁸7
1405 4009 1406 4020 ,

343 4037 404 4086 pum
414 4023 541 4085 manipuli.
564 4025 594 4072 ct'.
606 4039 671 4086 supr.
683 4041 739 4075 xxv.
753 4043 790 4089 14·
880 4027 933 4090 pria
949 4029 1027 4076 telum
1042 4028 1166 4077 Gallicum
1184 4033 1246 4086 erat,
1261 4027 1334 4075 somn
1346 4037 1367 4068 Ι·

375 4085 638 4152 ὁδὀοφίοπὶὸωφκ]
658 4087 740 4139 Huius
757 4090 849 4139 machi·
880 4091 940 4139 mile
955 4099 1059 4152 veruna,
1076 4097 1140 4141 certe
1157 4091 1257 4141 missile.
1279 4090 1366 4147 stup

343 4166 390 4199 nse
399 4165 462 4212 quae
471 4149 566 4211 spicula
576 4151 673 4212 alisque
684 4153 784 4202 missilia
794 4155 848 4202 mit·
881 4155 930 4204 viii.
942 4155 965 4205 8.
984 4157 1067 4206 Dona.

342 4216 421 4273 tahal,
432 4213 619 4274 descriptionem
635 4215 768 4265 uberiorem
781 4217 849 4266 dedit
917 4221 1142 4282 antoanam]
1172 4221 1202 4270 cs.
1221 4219 1295 4282 Supr.
1316 4213 1365 4264 usl-

343 4277 467 4353 Ammian.
485 4277 597 4325 Marcell.
614 4277 681 4328 xxiii.
697 4297 720 4340 4.
742 4281 771 4330 cf.
783 4296 848 4343 supr.
882 4296 921 4346 35.

343 4354 409 4392 xxiv.
421 4354 460 4401 34.
