2888 4768
323 178 419 245 ΜΒ.
443 177 554 245 xxv.
589 165 700 246 cnr.
724 184 776 248 35.
1012 184 1073 249 271

48 311 187 392 Indibilis,
203 337 298 402 quem
312 325 387 381 cum
401 328 523 404 septem
545 316 684 381 millibus
698 329 732 382 et
746 315 930 404 quingentis
946 315 1075 382 Suesse-
1086 328 1119 380 U.
1130 329 1160 380 ο.
1177 341 1233 392 540·

47 413 175 465 tenorum
199 401 366 467 adventare
391 403 476 468 fama
500 416 576 480 erat,
601 403 718 468 Poenis
743 404 977 481 coniunxisset3
1005 403 1073 468 dux
1083 395 1114 444 A.
1131 395 1160 470 ⁰:
1176 410 1233 469 2¹²·

46 499 144 552 cautus
163 499 196 552 et
215 489 383 577 providens
407 490 524 578 Scipio,
544 491 646 556 victus
668 491 915 569 necessitatibus,
939 505 1073 557 temera-
1081 459 1232 572 ffffi,

46 573 118 638 rium
140 576 221 662 capit
245 576 421 655 consilium,
441 591 479 642 ut
502 589 596 643 nocte
622 576 753 643 Indibili
779 577 901 643 obviam
927 579 1005 644 iret:
1030 587 1144 665 atrium
1156 603 1212 637 con-

46 683 221 749 quocunque
240 664 424 729 occurrisset
444 662 524 742 loco,
539 664 695 751 proelium
713 678 899 731 consereret.
946 665 1073 732 Relicto
1081 654 1171 702 anum.

45 746 131 832 igitur
143 749 266 815 modico
280 750 437 838 praesidio
451 751 486 814 in
500 751 617 829 castris,
633 753 873 839 praepositoque
888 752 928 817 T.
939 751 1073 818 Fonteio

45 830 146 920 legato,
161 836 266 902 media
287 849 380 902 nocte
402 837 570 926 profectus,
586 861 660 902 cum
677 838 777 904 obviis
798 837 940 903 hostibus
962 861 1073 904 manus

28 923 198 986 iconseruit
244 925 386 1011 Agmina
405 924 514 1011 magis,
530 947 626 1011 quam
649 924 740 1002 acies,
756 924 956 1011 pugnabant:
981 947 1017 989 su
1060 961 1074 974 -

44 1005 100 1070 rior
113 1022 226 1088 tamen,
241 1025 278 1076 ut
299 1011 334 1076 in
356 1011 562 1076 tumultuaria
574 1034 692 1099 pugna,
709 1011 873 1076 Romanus
887 1024 963 1076 erat.
1041 1035 1074 1076 e·

44 1105 135 1159 terum
156 1107 227 1162 ete
252 1098 333 1163 uites
348 1097 509 1163 Numidae
532 1121 565 1162 re
608 1111 672 1176 nte,
689 1119 768 1184 quos
784 1096 930 1162 fefellisse
952 1099 1074 1162 sedux

45 1193 119 1246 ratus
132 1197 206 1262 erat,
222 1207 242 1250 a
277 1184 427 1251 lateribus
441 1120 632 1262 circumllnbi,
647 1207 798 1271 magnum
820 1197 970 1250 terrorem
989 1185 1075 1248 intu-

44 1263 108 1332 lere.
154 1268 327 1337 Contracto
350 1271 498 1336 adversus
522 1270 681 1336 Numidas
703 1271 873 1336 certamine
896 1294 988 1349 novo,
1013 1285 1075 1336 ter-

44 1352 98 1417 tius
118 1355 245 1444 insuper
266 1357 395 1423 advenit
415 1358 524 1435 hostis,
539 1357 636 1422 duces
651 1357 763 1434 Poeni,
779 1358 913 1422 assecuti
931 1358 970 1422 ab
985 1369 1075 1445 tergo

42 1437 98 1502 iam
117 1456 309 1529 pugnantes:
333 1467 513 1532 ancepsque
535 1444 691 1532 proelium
710 1444 872 1509 Romanos
892 1445 1075 1509 circumste-

44 1537 124 1604 terat,
138 1528 275 1595 incertos
288 1530 323 1594 in
338 1553 435 1617 quem
449 1531 647 1618 potissimum
661 1531 795 1608 bostem,
806 1553 941 1617 quamve
955 1531 990 1595 in
1001 1553 1076 1632 par-

43 1623 100 1676 tem
120 1616 252 1682 conferti
274 1639 330 1681 eru
353 1617 473 1682 tionem
494 1616 642 1683 facerent
688 1618 848 1705 Pugnanti
872 1618 1075 1704 hortantique

43 1697 212 1786 imperatori
235 1715 269 1768 et
295 1639 439 1768 obbrenti
461 1727 505 1782 se,
528 1705 583 1770 ubi
606 1705 760 1793 plurimus
785 1705 874 1769 labor
896 1717 972 1783 erat,
994 1704 1076 1769 latus

42 1784 179 1852 dextrum
205 1789 317 1854 lancea
341 1790 511 1855 traiicitur:
536 1813 720 1878 cuneusque
742 1791 769 1855 is
790 1789 939 1868 hostium,
962 1791 1019 1879 qui
1041 1791 1114 1854 inP.
1126 1806 1209 1870 Scipio

42 1873 187 1940 confertos
209 1876 294 1941 circa
314 1877 429 1941 ducem
450 1878 606 1964 impetum
628 1878 754 1954 fecerat,
772 1889 809 1941 ut
831 1878 1010 1942 exanimem
1031 1871 1221 1944 &aalma

41 1957 160 2026 bentem
180 1985 222 2028 ex
242 1985 327 2050 equo
343 1963 525 2050 Scipionem
538 1963 629 2042 vidit,
644 1963 762 2031 alacres
782 1963 899 2050 gaudio
919 1985 992 2028 cum
1014 1962 1078 2028 cla·
1085 1942 1205 2048 mu·

41 2067 119 2112 more
139 2071 197 2136 per
221 2062 319 2114 totam
339 2050 440 2114 aciem
455 2051 637 2115 nuntiantes
651 2050 841 2126 discurrunt,
857 2051 1078 2136 imperatorem

42 2131 215 2201 Romanum
242 2135 401 2202 cecidisse.
447 2135 539 2202 Haec
587 2148 732 2223 ervagata
757 2136 872 2223 passim
893 2159 966 2214 vox,
987 2150 1024 2201 ut
1045 2149 1080 2201 et

40 2217 138 2287 hostes
158 2223 247 2290 haud
264 2222 360 2288 dubie
383 2246 441 2310 pro
454 2159 636 2302 victoribus,
651 2235 685 2287 et
701 2222 839 2288 Romani
853 2245 911 2309 pro
925 2222 1015 2288 vietis
1030 2246 1079 2288 es·

41 2323 113 2386 sent,
134 2310 219 2376 fecit.
265 2309 355 2397 Fuga
383 2309 548 2375 confestim
579 2333 620 2376 ex
649 2309 725 2388 acie,
748 2309 830 2374 duce
860 2309 982 2387 amisso,
1009 2310 1080 2374 fieri

42 2409 146 2483 coepta
166 2411 225 2464 est.
273 2397 427 2464 Ceterum
449 2410 486 2462 ut
506 2397 548 2461 ad
569 2397 801 2484 erumpendum
824 2396 907 2461 inter
922 2395 1081 2461 Numidas

21 2479 216 2573 aleviumque
232 2507 391 2550 armorum
405 2484 466 2550 alia
480 2484 598 2550 auxilia
611 2483 698 2548 haud
712 2482 847 2548 difficilis
861 2505 911 2548 res
925 2494 1009 2561 erat3
1036 2483 1082 2548 ita

41 2567 172 2656 effugere
195 2585 320 2636 tantum
338 2571 494 2659 equitum,
509 2571 780 2658 aequantiumque
802 2592 901 2656 equos
915 2569 1080 2635 velocitate

40 2655 187 2754 peditum,
198 2659 253 2723 vix
266 2671 425 2746 poterant:
445 2658 527 2724 caesi
550 2681 591 2723 ue
606 2679 704 2746 prope
714 2657 826 2745 plures
841 2657 875 2721 in
889 2657 974 2744 fuga,
984 2677 1081 2744 quam

41 2762 73 2839 {11
92 2765 113 2830 p
178 2768 208 2822 a,
224 2758 306 2809 sunt
353 2743 425 2810 Nec
442 2682 646 2833 supedbrisset
659 2745 838 2832 quisquam
861 2743 896 2808 ni
916 2743 1081 2832 praecipiti

41 2847 99 2892 lam
167 2853 335 2918 vesperum
348 2831 401 2896 die
417 2855 480 2896 nox
496 2831 724 2896 intervenisset.

82 2914 178 2982 Haud
193 2917 333 3005 segniter
348 2917 424 2983 inde
439 2917 537 2982 duces
550 2918 654 2983 Poeni
667 2917 794 2982 fortuna
807 2917 866 2993 usi,
882 2915 1047 2980 confestim
1062 2937 1081 2979 e
1137 2918 1188 2981 35.

41 3002 166 3150 proelio,
181 3004 238 3069 vix
259 3004 432 3069 necessaria
447 3004 555 3090 quiete
569 3003 645 3068 data
665 3003 826 3079 militibus,
841 3001 883 3066 ad
898 3001 1083 3067 Hasdruba-

53 3110 101 3153 em
127 3089 318 3156 Hamilcaris
343 3089 475 3156 citatum
501 3111 616 3176 agmen
641 3089 778 3177 rapiunt,
802 3111 867 3152 non
893 3088 990 3153 dubia
1014 3111 1081 3175 spe,

22 3194 138 3262 tquum
156 3177 260 3242 iuncti
274 3189 388 3254 essent,
403 3174 553 3240 debellari
570 3197 670 3262 posse.
718 3174 793 3250 Quo
808 3175 864 3240 ubi
878 3188 927 3239 est
939 3187 1080 3252 ventum,
1090 3191 1151 3240 Tres
1162 3191 1241 3240 Poeni

41 3261 121 3327 inter
134 3263 293 3328 exercitus
307 3263 479 3349 ducesque,
494 3261 625 3326 victoria
644 3261 767 3326 recenti
787 3259 894 3338 laetos,
915 3259 1081 3347 gratulatio
1090 3257 1165 3330 quea
1176 3270 1232 3304 ⁰⁰¹²·

42 3347 150 3436 ingens
169 3349 261 3428 facta,
276 3350 320 3414 im
363 3361 464 3414 ratore
486 3360 576 3413 tauto
597 3369 672 3412 cum
694 3347 781 3412 omni
803 3347 945 3412 exercitu
965 3346 1082 3424 deleto,
1089 3324 1231 3433 fflffif

42 3448 73 3499 et
93 3435 226 3502 alteram
246 3459 305 3524 pro
321 3373 413 3501 besod
434 3434 532 3500 dubia
552 3456 661 3522 parem
675 3434 839 3499 victoriam
854 3447 1081 3521 exspectantes.
1092 3447 1240 3510 cnsupio

45 3521 96 3585 Ad
111 3523 274 3588 Romanos
291 3521 435 3588 nondum
449 3521 580 3608 quidem
594 3520 678 3585 fama
691 3533 797 3586 tantae
812 3519 910 3585 cladis
931 3527 1157 3608 pmcne-'²⁰¹³-

43 3622 99 3687 rat‚
115 3609 172 3675 sed
188 3623 342 3674 maestum
357 3609 518 3696 quoddam
539 3607 701 3672 silentium
715 3623 791 3684 erat,
808 3620 841 3672 et
855 3607 950 3672 tacita
963 3607 1086 3672 divina·

44 3695 100 3774 tio;
122 3695 224 3784 qualis
238 3696 302 3760 iam
315 3696 585 3783 praesagientibus
596 3694 709 3760 animis
722 3693 918 3759 imminentis
933 3693 1007 3758 mali
1018 3715 1085 3759 esse

77 3904 87 3937 ι
106 3892 214 3952 Apatna
223 3890 308 3952 maffia,
318 3903 392 3952 qaam
402 3889 479 3948 ocior]
503 3885 547 3936 Iti-
581 3885 690 3934 omnium
702 3887 758 3935 edd
768 3891 826 3935 ante
838 3885 945 3935 Gronov.
960 3901 1035 3950 qaum
1050 3902 1087 3936 oo·

44 3953 94 4000 neri
104 3953 182 4016 magis
191 3953 311 4014 immoti,
321 3968 395 4014 quam
406 3967 509 4015 pugnae.
578 3952 636 4012 pior
650 3952 840 4011 antumant,
856 3951 978 3999 revocarit
995 3950 1086 4000 Stroth.

76 4032 90 4066 a
101 4019 216 4078 Difficilis
225 4033 265 4068 res
275 4018 341 4076 erat]
355 4017 450 4065 Vocem
461 4031 500 4065 res
508 4015 549 4064 de·
583 4015 633 4063 Sed
643 4029 727 4062 omnes
738 4029 789 4064 uss.
801 4015 918 4064 omittunt
927 4017 1016 4077 copton,
1024 4015 1086 4077 opti-

45 4079 105 4128 levit
115 4081 222 4130 Bekker.
233 4086 261 4129 ut
272 4096 335 4143 quae
345 4083 377 4129 ab
388 4079 487 4143 optimis
496 4093 549 4128 uss.
583 4077 617 4126 mi
638 4093 695 4126 vero
716 4078 791 4127 etiam
812 4095 895 4142 quant,
915 4083 978 4127 teste
999 4079 1087 4128 eodem

45 4145 117 4202 absit,
134 4149 168 4204 et,
185 4150 284 4194 auctore
302 4145 409 4195 Gronov.
427 4159 459 4192 ex
480 4157 551 4204 supe·
583 4142 691 4191 Gronov.
725 4143 790 4192 Fieri
806 4144 904 4204 quidam
919 4147 1000 4204 potest
1018 4141 1088 4190 utin

44 4207 552 4271 rioribuaintelligendamessevooemsaoa
584 4221 644 4254 voce
654 4208 844 4266 cosummat,
852 4207 945 4254 lateant
954 4219 1025 4253 voees
1034 4219 1089 4254 cam

45 4277 139 4320 monet.
585 4271 1032 4332 tunaeim‚sc.oopiarsireaom.

79 4350 93 4396 3
111 4338 191 4393 Quam
206 4339 284 4387 iuneti
300 4339 391 4398 meat]
410 4334 552 4386 Lectionem
