2888 4768
349 201 445 268 LIB.
470 201 599 267 XXIV.
632 201 743 270 CAP.
766 211 818 269 40.
1046 207 1109 273 217
1170 215 1172 220 ’

38 339 240 404 ocertaminis
254 361 308 404 eos
322 339 467 406 irritaret
513 338 564 404 Ita
578 338 707 418 Henna,
723 354 779 406 aut
793 339 886 418 malo,
896 353 953 406 aut
966 364 1108 410 necessa·
1120 358 1155 409 U.
1167 357 1197 410 c.
1213 355 1269 420 5³⁸·

63 425 110 489 rio
121 426 259 490 facinore
271 440 403 492 retenta.
1119 425 1150 476 Α
1167 425 1198 474 0·
1213 435 1269 482 ²¹⁴·

106 511 277 577 Marcellus
294 535 354 578 nec
373 515 492 578 factum
512 513 710 600 improbavit,
729 527 762 578 et
779 513 929 601 praedam
952 511 1110 580 Hennen-

63 598 143 662 sium
159 599 312 664 militibus
327 601 490 676 concessit,
500 614 595 676 ratus,
609 598 721 664 timore
736 601 903 666 deterritos
917 615 1110 690 temperatu-

63 707 114 750 ros
132 685 364 772 proditionibus
382 687 611 774 praesidiorum
631 685 762 752 ffiulos
808 687 919 774 Atque
940 711 979 753 ea
992 689 1107 767 clades,

62 785 99 836 ut
116 772 202 836 urbis
222 773 255 836 in
275 773 382 838 media
403 773 511 838 Sicilia
530 773 617 850 sitae,
637 772 801 860 claraeque
821 775 873 838 vel
891 775 932 840 ob
952 775 1110 863 insignem

62 860 262 924 munimento
283 860 420 924 naturali
441 859 556 936 locum,
575 858 624 924 vel
644 860 685 924 ob
707 873 827 924 sacrata
846 862 954 925 omnia
970 863 1111 948 vestigiis

61 961 170 1034 raptae
189 947 350 1032 quondam
373 947 591 1034 Proserpinae,
606 969 705 1034 prope
724 970 789 1012 uno
809 947 860 1012 die
879 969 1007 1013 omnem
1031 947 1111 1013 Sici·

61 1033 139 1096 liam
152 1035 297 1120 pervasit.
343 1033 387 1098 Et
402 1033 477 1120 quia
496 1034 594 1099 caede
609 1033 740 1098 infanda
753 1035 913 1111 rebantur,
928 1057 994 1099 non
1008 1035 1113 1100 homi-

61 1143 142 1184 num
164 1133 298 1198 tantum,
314 1120 482 1185 sedetiam
503 1120 635 1188 deorum
655 1120 763 1184 sedem
778 1120 926 1184 violatam
946 1144 1024 1199 esse,
1041 1135 1111 1186 tum

60 1229 148 1284 vero,
173 1207 230 1294 qui
253 1208 347 1272 etiam
372 1221 446 1272 ante
469 1207 559 1272 dubii
582 1199 717 1284 firerant,
740 1206 884 1272 defecere
911 1208 952 1272 ad
974 1208 1109 1273 Poenos

61 1292 276 1380 Hippocrates
299 1294 375 1359 inde
399 1293 627 1380 Murgantiam,
648 1292 789 1359 Himilco
808 1295 1022 1382 Agrigentum
1044 1317 1113 1360 sese

59 1381 196 1468 recepit:
221 1403 320 1467 quum
330 1381 671 1468 accitiaproditoribus
682 1381 946 1468 nequicquamad
959 1381 1112 1446 Hennam

60 1468 239 1532 exercitum
251 1468 472 1532 admovissent
504 1467 677 1532 Marcellus
687 1480 772 1532 retro
781 1469 816 1531 in
828 1467 1003 1534 Leontinos
1011 1469 1109 1534 redit:

59 1554 222 1619 fiumento
246 1579 287 1619 ue
301 1568 335 1620 et
345 1554 573 1620 commeatibus
587 1553 657 1618 aliis
670 1554 705 1616 in
720 1567 821 1620 castra
835 1556 1005 1633 convectis,
1019 1577 1112 1644 prae-

60 1639 144 1706 sidio
173 1578 298 1706 modico
321 1642 367 1706 ibi
391 1641 512 1718 relicto,
535 1641 577 1705 ad
606 1639 775 1728 Syracusas
798 1641 989 1707 obsidendas
1013 1643 1110 1707 venit.

62 1727 145 1791 Inde
161 1727 225 1815 Ap.
240 1727 377 1792 Claudio
393 1729 531 1792 Romam
546 1727 588 1792 ad
602 1727 800 1792 consulatum
815 1729 991 1816 petendum
1006 1730 1111 1807 misso,

37 1813 104 1878 rT.
123 1813 312 1889 Quinctium
336 1814 522 1904 Crispinum
544 1815 578 1878 iu
601 1814 669 1878 eius
693 1813 797 1879 locum
823 1815 915 1879 classi
940 1817 1113 1903 castrisque

61 1901 212 1987 praeficit
231 1902 398 1967 veteribus
444 1900 517 1988 Ipse
538 1899 744 1966 hibernacula
764 1901 1025 1988 quinquemillia
1041 1925 1113 1989 pas·

61 2009 156 2051 suum
178 1987 274 2052 Hera
318 1989 349 2052 lo
364 1987 506 2065 (Leonta
519 2000 635 2052 vocant
654 1987 775 2072 locum)
790 1989 987 2066 communiit,
1003 1989 1114 2053 aedifi·

35 2074 218 2161 scavitque.
264 2011 355 2140 iiico
384 2075 418 2138 in
451 2073 558 2138 Sicilia
586 2095 687 2160 usque
717 2073 757 2137 ad
780 2074 973 2161 principium
997 2073 1113 2139 hiemis

60 2173 231 2312 geffidem
255 2261 373 2312 aestate
397 2260 526 2312 etcum
553 2245 705 2333 Philippo
730 2269 763 2310 re
787 2269 816 2323 e,
839 2247 926 2333 quod
951 2247 1015 2312 ianr
1037 2259 1111 2312 ante
1168 2263 1221 2325 40,

34 2347 243 2484 9{pisperctum
264 2334 377 2411 fuerat,
394 2347 515 2398 motum
533 2332 652 2398 bellum
668 2344 723 2397 est.
818 2333 883 2420 gati
902 2334 942 2398 ab
959 2333 1056 2399 Orico
1070 2335 1111 2399 ad
1121 2347 1222 2396 Beuum

38 2472 50 2506 1
104 2469 111 2484 .

155 2420 286 2485 alecium
297 2435 475 2507 praetorem
486 2432 652 2496 venerunt,
662 2420 895 2508 praesidentem
904 2420 993 2485 classi
1006 2421 1111 2486 Brun·
1120 2427 1176 2460 Μ
1189 2411 1248 2464 Phi·

60 2507 144 2572 disio
168 2506 398 2594 Calabriaeque
422 2507 506 2572 circa
529 2506 683 2584 litoribus,
705 2507 898 2584 nuntiantes,
925 2507 1111 2596 Philippum
1119 2477 1155 2539 up
1156 2492 1173 2540 P
1174 2492 1197 2528 ⁰⁰

61 2595 200 2681 primum
231 2594 436 2681 Apolloniam
466 2607 611 2671 tentasse,
639 2593 752 2658 lembis
779 2594 953 2659 biremibus
981 2608 1111 2660 centum

94 2821 182 2871 oras
200 2824 271 2880 malo,
289 2831 334 2870 cut
354 2824 488 2872 maceraris
504 2823 571 2883 saci-
604 2823 658 2869 sula
673 2827 760 2870 esseut.
793 2821 863 2870 sota
874 2821 1010 2871 Cannensis
1022 2823 1113 2870 exerci-

59 2887 135 2945 πονε]
155 2887 205 2933 Aut
216 2887 282 2934 malo
293 2887 457 2944 facinore,aut
468 2885 572 2948 eoquod
604 2891 644 2932 tus
662 2887 694 2933 ad
713 2887 861 2934 Marcellum
881 2901 974 2947 preces,
992 2885 1115 2948 huiusque

59 2949 194 2998 necessitas
210 2951 293 2998 colore
306 2951 390 3012 aliquo
406 2951 529 3008 defendat,
542 2965 572 2998 ac
604 2949 686 2998 literas
702 2951 734 2997 de
753 2949 783 2998 iis
801 2951 833 2998 sd
849 2954 961 2998 senatum
981 2950 1065 2998 retulit
1084 2965 1115 2998 eo

60 3013 166 3077 proinde
196 3029 240 3077 pro
267 3016 334 3062 malo
361 3015 470 3064 damnari
498 3021 571 3063 vetet
604 3029 668 3060 anno
684 3019 773 3061 noster.
807 3013 916 3072 Deinde,
931 3014 1050 3075 Polybius
1064 3013 1113 3062 viii.

61 3080 146 3128 cmv.
606 3092 630 3140 9.
641 3077 709 3125 testis
720 3083 756 3125 est
765 3078 913 3125 Marcellum
925 3093 969 3138 per
980 3083 1035 3125 octo
1046 3091 1113 3125 men·

97 3153 111 3204 7
131 3145 157 3190 T.
170 3143 310 3200 Quemnam
323 3143 477 3204 Crispinum]
497 3143 574 3190 Hunc
665 3155 720 3188 cnm
741 3141 824 3203 Appio
845 3140 961 3188 assedisse
981 3141 1114 3202 Syracusis,

59 3207 118 3256 infr.
136 3221 195 3255 xxv.
213 3207 249 3255 18.
270 3221 326 3254 cum
345 3207 425 3255 Badio
444 3207 574 3268 Campano
606 3211 738 3266 autequam
757 3207 788 3253 ab
808 3221 838 3253 eo
856 3203 991 3252 discederet
1008 3205 1040 3252 ad
1060 3221 1113 3266 pro-

59 3277 163 3320 strenue
179 3270 205 3318 in
221 3271 359 3333 Campania
375 3276 534 3333 pugnantem,
548 3275 574 3317 et
606 3268 725 3316 bibendas
742 3285 786 3332 per
796 3269 903 3317 Siciliam
916 3268 1065 3316 deiectiones
1075 3284 1114 3316 ur·

59 3335 118 3384 infr.
130 3349 188 3384 xxv.
201 3333 238 3384 26.
252 3334 340 3383 iterum
357 3334 442 3383 castris
453 3334 574 3382 veteribus
605 3332 683 3392 bium,
693 3340 719 3381 et
730 3332 826 3381 obviam
842 3334 949 3380 eundum
961 3331 1114 3395 Carthagini-

60 3401 94 3449 sd
112 3399 245 3462 Syracusas
262 3400 412 3461 praesectum
429 3398 574 3456 ridebimus,
606 3397 711 3445 ensibus.
745 3397 902 3446 Octoautem
919 3397 956 3444 illi
973 3398 1113 3446 mensesl'a-

60 3463 279 3525 undesuspicatur
290 3461 572 3525 Drakenb.aut0rispi·
606 3461 654 3509 cile
684 3461 795 3523 profecto
824 3459 946 3522 reliquum
974 3461 1116 3509 consulatus

60 3527 574 3653 latest-saltttdltttt
605 3525 1113 3652 lttlltss‘tttzttzttpttsldt·

60 3655 193 3720 pugnavit,
211 3661 255 3704 ant
274 3654 371 3704 Liuium
389 3655 496 3704 disemos
515 3669 572 3704 auo
606 3669 689 3702 verme
715 3654 819 3712 Siculos,
845 3652 1062 3714 Himilconemque
1089 3659 1114 3702 et

60 3727 131 3770 tores
141 3725 251 3769 secutum
263 3735 322 3768 esse.
607 3717 797 3782 Hippocratem,
807 3717 833 3764 in
848 3731 905 3764 eum
921 3731 1013 3764 annum
1030 3732 1114 3766 excur-

95 3787 112 3834 8
129 3787 200 3834 Haec
210 3787 239 3832 ἐπ
248 3785 334 3833 Sicilia
344 3800 421 3848 aspira
433 3785 467 3832 ad
478 3785 573 3846 prinsi-
605 3781 671 3842 risse,
679 3798 728 3845 quo
735 3781 937 3844 'lifflmronius
944 3782 1048 3829 alterum
1058 3797 1114 3831 con-

58 3852 135 3914 ps'um
153 3851 238 3898 bimis
252 3850 335 3910 pata]
356 3849 514 3910 suspicamur
533 3848 574 3895 hic
606 3848 713 3896 sulatum
725 3861 781 3895 cum
793 3845 914 3902 QFabio
924 3844 1004 3908 gessit.
1022 3846 1103 3896 Canu.

62 3914 166 3963 Livium
182 3915 286 3962 duorum
304 3928 423 3962 annorum
441 3929 479 3961 res
494 3918 574 3974 gestas
638 3925 654 3976 9
669 3914 709 3961 M.
723 3912 847 3961 Valerium
855 3912 1005 3972 praetorem]
1026 3911 1058 3959 Id
1069 3916 1115 3971 est,

60 3979 90 4026 in
114 3993 192 4026 unum
213 3976 353 4026 miscuisse:
378 3977 462 4039 idque,
480 3977 575 4024 duabus
607 3981 799 4038 propraetorem,
818 3980 847 4023 ut
871 3973 960 4023 dicitur
986 3990 1052 4037 supr.
1076 3989 1114 4024 ao.

61 4042 175 4090 maxime
201 4041 302 4091 adducti
329 4040 468 4090 rationibus.
506 4040 574 4099 Una,
607 4039 751 4089 Praeturam
772 4044 878 4102 gesserat
898 4053 965 4087 anuo
984 4039 1114 4103 superiore.

62 4107 133 4170 quod
154 4106 217 4154 nihil
238 4106 338 4154 omnino
363 4111 479 4167 aequente
501 4119 576 4164 anno,
607 4103 846 4168 ctsnpr.xxiii.r4.
863 4104 944 4152 Gaas.

62 4168 575 4234 quoTt.Sempmum11.QFabimeon-
646 4185 656 4218 r
675 4171 859 4219 Praesidentem
878 4169 962 4229 ahsa]
990 4167 1069 4216 crass
1088 4165 1114 4214 in

62 4237 133 4285 sulse
147 4235 223 4294 lirare,
234 4234 260 4283 in
273 4231 357 4283 Sicilia
372 4239 467 4296 gestum
483 4247 575 4281 memo-
607 4233 715 4282 ablativo
730 4247 787 4281 casu
806 4232 847 4280 hic
865 4231 1036 4293 accipiendum
1054 4245 1115 4289 ene,

62 4305 136 4348 ratur
150 4315 167 4348 a
182 4298 268 4348 Livio:
289 4299 355 4360 quod
371 4313 430 4346 saue
446 4296 576 4345 verisimile
607 4302 673 4345 recte
684 4301 767 4345 monet
779 4295 874 4346 Duker.
892 4294 987 4345 etius.
998 4293 1081 4345 xxviii.
1093 4307 1114 4358 7.

64 4379 118 4412 non
133 4367 265 4426 ost,quum
283 4362 345 4412 tanti
362 4360 482 4412 exercitus
497 4359 523 4410 in
540 4361 574 4409 in·
608 4377 667 4411 xxx.
681 4375 717 4424 19,
