2966 4778
364 167 461 233 LIB.
486 167 600 234 XXII.
634 169 745 234 CAP.
770 177 821 236 53.
1059 175 1116 234 111

62 299 216 366 virorum
264 301 439 368 Consulem
463 325 592 391 quoque
623 303 805 369 Romanum
832 303 1045 390 conquisitum
1071 315 1276 378 3041111536.

63 388 269 474 pultumquc,
310 388 417 453 uidam
433 403 578 454 auctores
592 403 675 454 sunt.
1130 382 1159 430 Α·
1177 383 1205 430 ⁰·
1223 381 1277 428 ²¹⁶·

38 497 53 545 s
113 473 188 550 Eos,
207 475 264 561 qui
286 411 464 540 dannatum
523 475 695 562 rfugerant,
711 475 826 540 mulier
849 475 966 562 Apula,
990 476 1119 540 nomine

64 559 166 636 Busa
181 583 299 659 genere
315 559 400 624 clara
413 583 450 626 ac
489 561 594 638 mitiis,
610 563 777 626 moenibus
791 575 915 626 tantum
932 562 1086 648 tectisque
1102 584 1122 625 a

65 645 243 709 Canusinis
264 659 420 732 acceptos,
442 647 613 723 frumento,
635 661 732 723 veste,
755 647 871 712 viatico
896 647 992 711 etiam
1018 648 1118 723 iuvit;

87 754 126 794 ro
147 754 214 818 qua
234 732 265 794 ei
287 732 507 797 munificentia
526 745 644 819 postea,
667 733 751 798 bello
773 733 923 832 perfecto,
946 735 986 797 ab
1008 745 1120 797 senatu

62 755 206 882 bonores
228 817 328 882 babiti
348 831 431 881 stant.
479 817 642 896 Ceterum,
661 842 761 906 quum
779 821 824 883 rbi
847 820 965 883 tribuni
983 818 1120 883 militum
1220 867 1226 882 .

64 917 221 990 quattuor
239 916 354 980 essent,
376 903 493 968 Fabius
513 903 676 969 Maximus
693 905 734 968 de
753 905 783 969 lc
807 904 878 969 ione
899 905 1010 991 prima,
1031 905 1121 968 cuius

110 1005 161 1052 ter
178 988 282 1087 priore
298 1011 383 1054 anno
397 989 533 1054 dictator
546 991 659 1067 fuerat,
675 1003 708 1056 et
725 990 766 1055 de
784 927 911 1078 legione
927 990 1066 1054 secunda
1081 989 1119 1053 1.

63 1012 235 1138 Plrblicrua
260 1073 395 1138 Bibulum
421 1087 454 1140 et
479 1075 516 1139 P.
533 1075 703 1140 Cornelius
730 1075 847 1176 Scipio,
872 1075 969 1141 etde
996 1075 1120 1162 legione

64 1160 165 1224 tertia
189 1158 252 1247 Ap
267 1159 424 1226 Claudius
446 1161 595 1238 Pulcher,
618 1163 675 1248 qui
699 1185 844 1248 proxime
867 1160 977 1226 aedilis
998 1161 1120 1236 fuerat3

64 1246 214 1309 omnium
227 1269 382 1310 consensu
394 1247 435 1311 ad
444 1247 481 1311 P.
492 1245 682 1334 Scipionem,
693 1247 866 1312 admodum
878 1247 1120 1322 adolescentem,

64 1345 101 1396 et
126 1330 169 1396 ad
193 1331 257 1418 Ap.
272 1331 447 1396 Claudium
469 1355 592 1398 summa
613 1334 738 1420 imperii
762 1333 867 1398 delata
891 1347 948 1398 est.
996 1332 1123 1407 Quibus

65 1415 324 1482 consultantibus
346 1418 431 1483 inter
454 1441 572 1506 paucos
593 1418 634 1483 de
656 1442 780 1484 summa
801 1441 906 1483 rerum
933 1417 1061 1481 nuntiat
1082 1416 1120 1481 P.

65 1503 187 1568 Furius
207 1499 329 1581 Philus,
344 1503 517 1569 consularis
530 1505 590 1568 viri
609 1505 702 1583 lilius,
719 1504 964 1591 ‘Nequicquam
983 1525 1037 1567 cos
1052 1525 1123 1589 per·
1131 1521 1275 1572 conantio

66 1590 192 1653 ‘ditam
207 1612 297 1676 spem
313 1589 432 1655 fovere:
456 1589 654 1677 desperatam
669 1591 959 1677 comploratamque
971 1611 1039 1653 rem
1054 1611 1122 1654 esse
1131 1587 1279 1662 deserendae

66 1685 76 1714 ‘
111 1675 260 1740 ublicam.
307 1675 441 1740 Nobiles
461 1677 591 1740 iuvenes
611 1677 774 1764 quosdam,
790 1699 927 1763 quorum
943 1675 1120 1762 principem
1132 1651 1222 1764 ἓξὲξ

67 1771 77 1800 ‘
125 1809 133 1825 .
148 1760 325 1826 Caecilium
337 1761 517 1840 Metellum,
528 1785 613 1827 mare
628 1785 665 1828 ac
674 1784 770 1826 naves
780 1775 932 1849 spectare,
944 1774 989 1839 ut,
1000 1761 1124 1827 deserta

41 1847 196 1923 6‘Italia,
220 1847 262 1911 ad
284 1870 397 1934 regum
427 1848 566 1936 aliquem
596 1848 822 1935 transfugiant’
868 1847 967 1924 Quod
993 1848 1123 1924 malum,

44 1946 295 2021 rpraeterquam
318 1950 418 2011 atrox,
438 1956 534 2020 super
557 1947 604 1998 tot
628 1934 734 1999 clades
756 1934 851 1999 etiam
875 1955 1003 2010 novum,
1024 1956 1125 2020 quum

68 2034 217 2106 stupore·
233 2042 269 2084 ac
296 2019 448 2084 miraculo
472 2019 614 2106 torpidos
637 2019 809 2096 defixisset,
833 2033 877 2095 et,
901 2019 958 2105 qui
983 2018 1124 2096 aderant,

44 2105 242 2172 tconsilium
257 2104 476 2170 advocandum
491 2105 532 2170 de
547 2128 586 2168 eo
599 2118 765 2170 censerent
773 2128 782 2181 ;
807 2117 903 2192 negat
917 2105 1041 2169 consilii
1056 2126 1124 2168 rem

68 2214 141 2256 esse
159 2189 267 2278 Scipio
281 2191 413 2268 invenis,
428 2190 532 2255 fatalis
546 2190 613 2255 dux
628 2191 760 2256 huiusce
775 2191 859 2255 belli.
906 2189 1125 2254 ‘Audendum

70 2285 194 2364 ‘atque
216 2276 387 2364 agendum,
410 2299 476 2341 non
498 2276 763 2354 consultandum,’
780 2277 834 2354 ait,
856 2275 909 2338 ‘in
931 2287 1019 2339 tanto
1042 2273 1125 2340 malo

70 2372 170 2428 ‘eme
217 2361 307 2427 Irent
334 2385 443 2428 secum
472 2362 634 2448 extemplo
659 2361 781 2440 armati,
834 2362 867 2426 ui
896 2360 1124 2448 rempublicam

44 2447 214 2522 9‘salram
240 2447 368 2514 vellent.
415 2447 515 2512 Nullo
538 2448 652 2526 verius,
675 2470 772 2536 quam
797 2385 853 2513 ubi
876 2469 914 2512 ca
935 2448 1123 2534 cogitentur,

71 2544 82 2574 ‘
93 2533 238 2599 hostium
259 2548 361 2599 castra
383 2535 472 2599 esse.’
514 2534 626 2622 Pergit
646 2535 703 2611 ire,
723 2534 929 2620 sequentibus
949 2533 1067 2619 paucis,
1090 2533 1283 2613 inssciptone

69 2621 95 2685 h
155 2621 249 2684 itium
274 2619 418 2685 Metelli:
450 2632 493 2697 et,
515 2643 616 2707 quum
640 2620 810 2684 concilium
833 2620 877 2683 ibi
899 2619 1061 2697 iuvenum,
1083 2617 1124 2683 de
1134 2615 1287 2678 opprimitur.

71 2707 132 2794 qui
156 2729 193 2770 us
208 2705 338 2770 allatum
353 2718 430 2783 erat,
448 2707 629 2783 invenisset,
644 2707 753 2771 stricto
773 2728 869 2792 super
883 2706 987 2792 capita
1000 2705 1127 2770 consul-

49 2792 214 2857 stantium
255 2791 350 2868 ladio,
373 2791 445 2856 ‘Ex
463 2792 526 2856 mei
545 2793 643 2856 animi
663 2793 840 2868 sententia,’
859 2792 974 2880 inquit,
992 2801 1047 2856 ‘ut
1065 2814 1127 2878 ego

73 2814 328 2964 ‘rempubdcam
349 2877 460 2964 populi
483 2877 621 2943 Romani
643 2901 708 2942 non
734 2877 877 2944 deseram
899 2899 1005 2964 neque
1029 2877 1127 2941 alium

73 2973 84 3003 ‘
93 2963 201 3028 civem
217 2963 398 3027 Romanum
414 2963 557 3028 descrere
572 2964 683 3050 patiar.
723 2963 757 3028 Si
772 2965 873 3028 sciens
883 2963 967 3040 fallo,
981 2975 1049 3026 tum
1063 2984 1125 3038 me,
1194 3039 1201 3048 ι

74 3049 222 3148 ‘Iupiter
235 3049 355 3197 optime
377 3049 524 3126 maxime,
540 3049 681 3126 domum,
697 3049 857 3126 familiam,
873 3070 1004 3133 remque
1022 3069 1126 3111 meam

75 3145 235 3221 ‘pessimo
276 3147 329 3198 eto
358 3133 494 3198 afficiasl
528 3133 567 3198 In
591 3135 800 3210 haec'verba,
824 3131 1008 3210 LCaecili,
1032 3134 1126 3209 iures,
1232 3128 1236 3136 ’

111 3409 126 3458 5
153 3397 251 3446 Mulier
271 3396 371 3458 Apula]
406 3392 473 3444 Olim
495 3394 586 3440 Paula.
620 3397 694 3452 atque
715 3389 780 3438 inter
797 3404 824 3438 se
843 3390 1044 3438 consultantibus.
1079 3388 1129 3440 sed

76 3459 230 3510 Emendatit
240 3457 362 3521 ingeniosa
374 3457 479 3519 Lipsius.
620 3453 682 3502 haec
694 3454 766 3502 verba
777 3452 873 3515 saepius
880 3453 943 3502 inter
953 3469 979 3502 sa
989 3458 1128 3516 permutan-

110 3522 128 3572 6
138 3526 159 3571 A
163 3525 181 3571 d
187 3539 271 3584 repam
277 3523 395 3585 nllqroem]
404 3523 500 3582 Raqem.
509 3518 587 3567 Dralr.
620 3522 667 3566 tur.
682 3515 714 3566 cf.
725 3515 832 3566 Gronov.
848 3517 949 3566 Obserr.
960 3519 993 3566 ad
1004 3517 1058 3566 Liv.
1069 3517 1129 3566 xliv.

77 3593 105 3638 et
121 3587 229 3635 Bekker.
244 3585 366 3649 probant;
381 3590 489 3633 aetenam
505 3598 589 3644 repam
623 3595 644 3642 3.
1088 3595 1093 3602 ·

77 3653 199 3709 Gronov,
210 3651 291 3710 crea,
301 3655 326 3697 et
337 3647 429 3698 Stroth.
439 3651 547 3696 tuentur.
653 3659 669 3709 9
684 3645 763 3693 Nullo
780 3646 876 3704 onias]
900 3643 941 3692 De
961 3643 1042 3706 ellipsi
1065 3643 1131 3692 vocis

114 3713 401 3776 7Prneterquamatroae]
410 3714 589 3774 Praeterquam
622 3709 678 3758 loco.
695 3709 726 3757 cf.
746 3708 828 3756 Sanct.
844 3707 870 3755 in
890 3708 995 3757 Minora.
1012 3707 1044 3756 iv.
1064 3724 1087 3766 4.
1107 3723 1129 3756 v.

77 3777 283 3842 meditante
295 3777 372 3826 Gran.
386 3775 507 3838 sedquod
521 3778 587 3822 recte
619 3773 705 3821 Locus.
735 3771 830 3820 Eodem
842 3771 1129 3833 msertmarssss'npd-

78 3841 162 3889 omitti
187 3840 308 3902 exemplis
332 3838 426 3888 idoneis
451 3839 587 3886 docuenmt
620 3833 1130 3896 nata,dequovideGronov.adLiv.xxiii.

79 3905 158 3954 Gran.
174 3911 200 3954 at
214 3905 292 3954 Drak.
307 3903 339 3952 cf.
351 3917 416 3964 supr.
429 3901 461 3950 iv.
480 3912 516 3962 17.
531 3901 586 3948 inlr.
622 3911 643 3961 7.
663 3900 750 3948 oux.

79 3968 148 4017 xxri.
162 3982 198 4029 13.
656 3977 666 4011 ι
685 3964 1005 4022 Eaemeiam'mlsantents'a]
1024 3962 1131 4024 Ellipsin
1214 4011 1216 4017 Α

112 4033 128 4080 8
145 4033 280 4080 Camillam
292 4029 473 4088 advocandam]
490 4043 524 4077 sc.
535 4026 588 4075 'l'ri-
622 4026 688 4076 vocis
698 4027 754 4076 iuro
764 4027 790 4074 in
801 4027 848 4075 hac
863 4027 1031 4088 similibusque
1042 4026 1130 4074 sollen-

79 4097 202 4144 hunorum
213 4099 239 4143 et
249 4109 334 4143 aonam
345 4093 388 4154 qui
398 4093 494 4140 ordines
508 4090 589 4140 duxis-
621 4091 741 4152 nibusqus
757 4089 875 4147 formulis,
889 4095 986 4152 praeter
998 4091 1054 4137 loca
1068 4103 1132 4149 quaa

80 4163 144 4208 sent.
173 4159 308 4207 Οοπιὶἰὶαω
319 4157 374 4206 edd.
387 4160 444 4205 ante
455 4157 527 4205 Cres.
540 4154 589 4202 Va·
622 4153 730 4202 Gronov.
748 4153 774 4200 in
792 4153 893 4202 Observ.
908 4153 940 4203 iv.
961 4168 996 4212 14
1012 4151 1132 4210 laudarit,

80 4237 135 4272 rum
146 4223 276 4271 mellisam
286 4221 318 4270 tle
333 4219 489 4270 audientibus
502 4217 591 4268 matius
623 4217 732 4280 lapidem
749 4231 790 4279 ap.
809 4217 917 4265 Fabrett.
935 4217 1012 4264 Inscr.
1030 4230 1056 4277 p.
1074 4213 1131 4278 675.

81 4287 180 4344 dicitur,
199 4287 325 4334 aemiliam
347 4285 378 4334 de
400 4281 591 4332 deliberantibus
623 4279 766 4329 confirmare
777 4280 849 4329 docet
860 4278 939 4328 Dralr.
