<?xml version="1.0" encoding="UTF-8"?>
<!DOCTYPE html PUBLIC "-//W3C//DTD XHTML 1.0 Transitional//EN"
    "http://www.w3.org/TR/xhtml1/DTD/xhtml1-transitional.dtd">
<html xmlns="http://www.w3.org/1999/xhtml" xml:lang="en" lang="en">
 <head>
  <title>
</title>
<meta http-equiv="Content-Type" content="text/html;charset=utf-8" />
  <meta name='ocr-system' content='tesseract 3.04.00' />
  <meta name='ocr-capabilities' content='ocr_page ocr_carea ocr_par ocr_line ocrx_word'/>
</head>
<body>
  <div class='ocr_page' id='page_1' title='image "./tliviipatavinih00kreygoog_0212.png"; bbox 0 0 2888 4768; ppageno 0'>
   <div class='ocr_carea' id='block_1_1' title="bbox 337 177 1088 244">
    <p class='ocr_par' dir='ltr' id='par_1_1' title="bbox 337 177 1088 244">
     <span class='ocr_line' id='line_1_1' title="bbox 337 177 1088 244; baseline 0 0"><span class='ocrx_word' id='word_1_1' title='bbox 337 179 432 244; x_wconf 89' lang='lat' dir='ltr'><strong>LIB.</strong></span> <span class='ocrx_word' id='word_1_2' title='bbox 454 177 582 244; x_wconf 88' lang='lat' dir='ltr'>XXIV.</span> <span class='ocrx_word' id='word_1_3' title='bbox 615 177 726 244; x_wconf 86' lang='lat' dir='ltr'><strong>cAP.</strong></span> <span class='ocrx_word' id='word_1_4' title='bbox 751 183 802 244; x_wconf 81' lang='lat'><strong>25.</strong></span> <span class='ocrx_word' id='word_1_5' title='bbox 1026 183 1088 244; x_wconf 82' lang='lat'><strong>201</strong></span> 
     </span>
    </p>
   </div>
   <div class='ocr_carea' id='block_1_2' title="bbox 28 312 1247 3696">
    <p class='ocr_par' dir='ltr' id='par_1_2' title="bbox 49 312 1247 833">
     <span class='ocr_line' id='line_1_2' title="bbox 49 312 1247 392; baseline -0.005 -12"><span class='ocrx_word' id='word_1_6' title='bbox 49 314 270 380; x_wconf 85' lang='lat' dir='ltr'><strong>novandarum</strong></span> <span class='ocrx_word' id='word_1_7' title='bbox 295 337 410 392; x_wconf 87' lang='lat' dir='ltr'><strong>rerum,</strong></span> <span class='ocrx_word' id='word_1_8' title='bbox 435 313 491 380; x_wconf 91' lang='lat' dir='ltr'><strong>sed</strong></span> <span class='ocrx_word' id='word_1_9' title='bbox 520 312 754 378; x_wconf 89' lang='lat' dir='ltr'><strong>Andranodom</strong></span> <span class='ocrx_word' id='word_1_10' title='bbox 782 313 886 392; x_wconf 86' lang='lat' dir='ltr'><strong>etiam,</strong></span> <span class='ocrx_word' id='word_1_11' title='bbox 935 315 1175 380; x_wconf 70' lang='lat' dir='ltr'><strong>mbebatuc.</strong></span> <span class='ocrx_word' id='word_1_12' title='bbox 1192 325 1247 387; x_wconf 74' lang='lat'><strong>538.</strong></span> 
     </span>
     <span class='ocr_line' id='line_1_3' title="bbox 52 390 1247 503; baseline 0.001 -38"><span class='ocrx_word' id='word_1_13' title='bbox 52 402 134 478; x_wconf 81' lang='lat' dir='ltr'><strong>Qui,</strong></span> <span class='ocrx_word' id='word_1_14' title='bbox 149 401 247 466; x_wconf 84' lang='lat' dir='ltr'><strong>fessus</strong></span> <span class='ocrx_word' id='word_1_15' title='bbox 266 399 394 466; x_wconf 86' lang='lat' dir='ltr'><strong>tandem</strong></span> <span class='ocrx_word' id='word_1_16' title='bbox 414 401 520 466; x_wconf 82' lang='lat' dir='ltr'><strong>uxoris</strong></span> <span class='ocrx_word' id='word_1_17' title='bbox 534 400 672 478; x_wconf 86' lang='lat' dir='ltr'><strong>vocibus,</strong></span> <span class='ocrx_word' id='word_1_18' title='bbox 691 401 883 478; x_wconf 87' lang='lat' dir='ltr'><strong>monentis,‘</strong></span> <span class='ocrx_word' id='word_1_19' title='bbox 930 423 992 466; x_wconf 88' lang='lat' dir='ltr'><strong>unc</strong></span> <span class='ocrx_word' id='word_1_20' title='bbox 1010 399 1091 466; x_wconf 90' lang='lat' dir='ltr'><strong>illud</strong></span> <span class='ocrx_word' id='word_1_21' title='bbox 1098 393 1129 503; x_wconf 43' lang='grc' dir='ltr'><strong>ᾗ·</strong></span> <span class='ocrx_word' id='word_1_22' title='bbox 1140 390 1176 502; x_wconf 59' lang='grc' dir='ltr'><strong>ξ·</strong></span> <span class='ocrx_word' id='word_1_23' title='bbox 1192 404 1247 450; x_wconf 72' lang='lat'><strong>²¹⁴·</strong></span> 
     </span>
     <span class='ocr_line' id='line_1_4' title="bbox 52 467 1225 588; baseline 0.001 -36"><span class='ocrx_word' id='word_1_24' title='bbox 52 496 142 552; x_wconf 70' lang='lat' dir='ltr'><strong>‘eme</strong></span> <span class='ocrx_word' id='word_1_25' title='bbox 172 501 296 576; x_wconf 86' lang='lat' dir='ltr'><strong>tempus</strong></span> <span class='ocrx_word' id='word_1_26' title='bbox 324 487 500 588; x_wconf 86' lang='lat' dir='ltr'><strong>occupandi</strong></span> <span class='ocrx_word' id='word_1_27' title='bbox 529 509 588 564; x_wconf 83' lang='lat' dir='ltr'><strong>res,</strong></span> <span class='ocrx_word' id='word_1_28' title='bbox 617 484 695 551; x_wconf 94' lang='lat' dir='ltr'><strong>dum</strong></span> <span class='ocrx_word' id='word_1_29' title='bbox 724 487 848 552; x_wconf 80' lang='lat' dir='ltr'><strong>ttubata</strong></span> <span class='ocrx_word' id='word_1_30' title='bbox 875 488 982 552; x_wconf 88' lang='lat' dir='ltr'><strong>omnia</strong></span> <span class='ocrx_word' id='word_1_31' title='bbox 1009 510 1091 552; x_wconf 88' lang='lat' dir='ltr'><strong>nova</strong></span> <span class='ocrx_word' id='word_1_32' title='bbox 1099 469 1183 567; x_wconf 46' lang='lat' dir='ltr'><strong>,12¹ss</strong></span> <span class='ocrx_word' id='word_1_33' title='bbox 1181 467 1225 579; x_wconf 53' lang='grc' dir='ltr'><strong>ξ’</strong></span> 
     </span>
     <span class='ocr_line' id='line_1_5' title="bbox 51 572 1227 674; baseline -0.001 -35"><span class='ocrx_word' id='word_1_34' title='bbox 51 583 173 661; x_wconf 89' lang='lat' dir='ltr'><strong>‘atque</strong></span> <span class='ocrx_word' id='word_1_35' title='bbox 201 573 364 640; x_wconf 86' lang='lat' dir='ltr'><strong>incondita</strong></span> <span class='ocrx_word' id='word_1_36' title='bbox 390 573 534 639; x_wconf 84' lang='lat' dir='ltr'><strong>hbertate</strong></span> <span class='ocrx_word' id='word_1_37' title='bbox 564 585 677 651; x_wconf 87' lang='lat' dir='ltr'><strong>essent,</strong></span> <span class='ocrx_word' id='word_1_38' title='bbox 703 572 780 638; x_wconf 91' lang='lat' dir='ltr'><strong>dum</strong></span> <span class='ocrx_word' id='word_1_39' title='bbox 809 597 842 638; x_wconf 85' lang='lat' dir='ltr'><strong>re</strong></span> <span class='ocrx_word' id='word_1_40' title='bbox 866 574 884 588; x_wconf 93' lang='lat'><strong>&#39;&#39;</strong></span> <span class='ocrx_word' id='word_1_41' title='bbox 926 573 1091 674; x_wconf 88' lang='lat' dir='ltr'><strong>stipendiis</strong></span> <span class='ocrx_word' id='word_1_42' title='bbox 1100 583 1227 631; x_wconf 69' lang='lat' dir='ltr'><strong>renuidem</strong></span> 
     </span>
     <span class='ocr_line' id='line_1_6' title="bbox 52 597 1207 748; baseline 0.002 -24"><span class='ocrx_word' id='word_1_43' title='bbox 52 670 185 748; x_wconf 86' lang='lat' dir='ltr'><strong>‘pastus</strong></span> <span class='ocrx_word' id='word_1_44' title='bbox 200 661 415 726; x_wconf 85' lang='lat' dir='ltr'><strong>obversaretur</strong></span> <span class='ocrx_word' id='word_1_45' title='bbox 434 659 532 737; x_wconf 91' lang='lat' dir='ltr'><strong>miles,</strong></span> <span class='ocrx_word' id='word_1_46' title='bbox 548 659 626 724; x_wconf 92' lang='lat' dir='ltr'><strong>dum</strong></span> <span class='ocrx_word' id='word_1_47' title='bbox 640 659 679 724; x_wconf 83' lang='lat' dir='ltr'><strong>ab</strong></span> <span class='ocrx_word' id='word_1_48' title='bbox 695 597 902 725; x_wconf 65' lang='lat' dir='ltr'><strong>Hannibali¹²³</strong></span> <span class='ocrx_word' id='word_1_49' title='bbox 895 661 978 725; x_wconf 74' lang='lat' dir='ltr'><strong>missi</strong></span> <span class='ocrx_word' id='word_1_50' title='bbox 995 660 1092 726; x_wconf 89' lang='lat' dir='ltr'><strong>duces</strong></span> <span class='ocrx_word' id='word_1_51' title='bbox 1100 647 1207 696; x_wconf 56' lang='lat' dir='ltr'><strong>‘m‘</strong></span> 
     </span>
     <span class='ocr_line' id='line_1_7' title="bbox 54 745 1092 833; baseline 0 -21"><span class='ocrx_word' id='word_1_52' title='bbox 54 748 191 812; x_wconf 87' lang='lat' dir='ltr'><strong>‘assueti</strong></span> <span class='ocrx_word' id='word_1_53' title='bbox 213 747 364 812; x_wconf 82' lang='lat' dir='ltr'><strong>militibus</strong></span> <span class='ocrx_word' id='word_1_54' title='bbox 383 747 489 812; x_wconf 88' lang='lat' dir='ltr'><strong>iuvare</strong></span> <span class='ocrx_word' id='word_1_55' title='bbox 511 759 638 833; x_wconf 80' lang='lat' dir='ltr'><strong>possent</strong></span> <span class='ocrx_word' id='word_1_56' title='bbox 658 745 803 832; x_wconf 83' lang='lat' dir='ltr'><strong>incepta,&#39;</strong></span> <span class='ocrx_word' id='word_1_57' title='bbox 824 769 897 811; x_wconf 90' lang='lat' dir='ltr'><strong>cum</strong></span> <span class='ocrx_word' id='word_1_58' title='bbox 917 747 1092 825; x_wconf 90' lang='lat' dir='ltr'><strong>Themisto,</strong></span> 
     </span>
    </p>

    <p class='ocr_par' dir='ltr' id='par_1_3' title="bbox 53 832 1094 1006">
     <span class='ocr_line' id='line_1_8' title="bbox 53 832 1094 920; baseline 0 -22"><span class='ocrx_word' id='word_1_59' title='bbox 53 833 108 898; x_wconf 90' lang='lat' dir='ltr'><strong>cui</strong></span> <span class='ocrx_word' id='word_1_60' title='bbox 131 833 263 899; x_wconf 85' lang='lat' dir='ltr'><strong>Gelonis</strong></span> <span class='ocrx_word' id='word_1_61' title='bbox 281 833 347 898; x_wconf 86' lang='lat' dir='ltr'><strong>fllia</strong></span> <span class='ocrx_word' id='word_1_62' title='bbox 365 846 474 920; x_wconf 79' lang='lat' dir='ltr'><strong>nupta,</strong></span> <span class='ocrx_word' id='word_1_63' title='bbox 489 855 557 898; x_wconf 89' lang='lat' dir='ltr'><strong>rem</strong></span> <span class='ocrx_word' id='word_1_64' title='bbox 577 832 785 898; x_wconf 90' lang='lat' dir='ltr'><strong>consociatam</strong></span> <span class='ocrx_word' id='word_1_65' title='bbox 806 855 922 919; x_wconf 91' lang='lat' dir='ltr'><strong>paucos</strong></span> <span class='ocrx_word' id='word_1_66' title='bbox 940 847 1012 920; x_wconf 88' lang='lat' dir='ltr'><strong>post</strong></span> <span class='ocrx_word' id='word_1_67' title='bbox 1025 833 1094 898; x_wconf 87' lang='lat' dir='ltr'><strong>dies</strong></span> 
     </span>
     <span class='ocr_line' id='line_1_9' title="bbox 54 917 1094 1006; baseline -0.001 -21"><span class='ocrx_word' id='word_1_68' title='bbox 54 920 201 985; x_wconf 79' lang='lat' dir='ltr'><strong>Aristoni</strong></span> <span class='ocrx_word' id='word_1_69' title='bbox 221 919 347 985; x_wconf 86' lang='lat' dir='ltr'><strong>cuidam</strong></span> <span class='ocrx_word' id='word_1_70' title='bbox 366 920 484 1006; x_wconf 79' lang='lat' dir='ltr'><strong>tragico</strong></span> <span class='ocrx_word' id='word_1_71' title='bbox 503 919 611 996; x_wconf 89' lang='lat' dir='ltr'><strong>actori,</strong></span> <span class='ocrx_word' id='word_1_72' title='bbox 626 919 678 983; x_wconf 89' lang='lat' dir='ltr'><strong>cui</strong></span> <span class='ocrx_word' id='word_1_73' title='bbox 696 934 729 983; x_wconf 90' lang='lat' dir='ltr'><strong>et</strong></span> <span class='ocrx_word' id='word_1_74' title='bbox 743 917 803 983; x_wconf 85' lang='lat' dir='ltr'><strong>alia</strong></span> <span class='ocrx_word' id='word_1_75' title='bbox 823 941 936 984; x_wconf 89' lang='lat' dir='ltr'><strong>arcana</strong></span> <span class='ocrx_word' id='word_1_76' title='bbox 949 920 1094 984; x_wconf 89' lang='lat' dir='ltr'><strong>commit-</strong></span> 
     </span>
    </p>

    <p class='ocr_par' dir='ltr' id='par_1_4' title="bbox 53 1004 1095 1180">
     <span class='ocr_line' id='line_1_10' title="bbox 54 1004 1095 1093; baseline 0.001 -23"><span class='ocrx_word' id='word_1_77' title='bbox 54 1019 123 1071; x_wconf 87' lang='lat' dir='ltr'>tere</span> <span class='ocrx_word' id='word_1_78' title='bbox 153 1019 298 1083; x_wconf 86' lang='lat' dir='ltr'><strong>assuerat,</strong></span> <span class='ocrx_word' id='word_1_79' title='bbox 320 1007 446 1072; x_wconf 75' lang='lat' dir='ltr'><strong>incaute</strong></span> <span class='ocrx_word' id='word_1_80' title='bbox 472 1006 581 1093; x_wconf 81' lang='lat' dir='ltr'><strong>aperit.</strong></span> <span class='ocrx_word' id='word_1_81' title='bbox 627 1004 713 1068; x_wconf 87' lang='lat' dir='ltr'><strong>Huic</strong></span> <span class='ocrx_word' id='word_1_82' title='bbox 739 1019 772 1070; x_wconf 92' lang='lat' dir='ltr'><strong>et</strong></span> <span class='ocrx_word' id='word_1_83' title='bbox 793 1027 893 1092; x_wconf 72' lang='lat' dir='ltr'><strong>penus</strong></span> <span class='ocrx_word' id='word_1_84' title='bbox 914 1019 948 1070; x_wconf 91' lang='lat' dir='ltr'><strong>et</strong></span> <span class='ocrx_word' id='word_1_85' title='bbox 968 1006 1095 1072; x_wconf 87' lang='lat' dir='ltr'><strong>fortuna</strong></span> 
     </span>
     <span class='ocr_line' id='line_1_11' title="bbox 53 1089 1094 1180; baseline 0.001 -24"><span class='ocrx_word' id='word_1_86' title='bbox 53 1092 192 1158; x_wconf 86' lang='lat' dir='ltr'><strong>honesta</strong></span> <span class='ocrx_word' id='word_1_87' title='bbox 204 1106 308 1169; x_wconf 80' lang='lat' dir='ltr'><strong>erant3</strong></span> <span class='ocrx_word' id='word_1_88' title='bbox 331 1115 391 1158; x_wconf 90' lang='lat' dir='ltr'><strong>nec</strong></span> <span class='ocrx_word' id='word_1_89' title='bbox 406 1116 464 1170; x_wconf 88' lang='lat' dir='ltr'><strong>ars,</strong></span> <span class='ocrx_word' id='word_1_90' title='bbox 477 1093 552 1179; x_wconf 91' lang='lat' dir='ltr'><strong>quia</strong></span> <span class='ocrx_word' id='word_1_91' title='bbox 565 1089 645 1155; x_wconf 87' lang='lat' dir='ltr'><strong>nihil</strong></span> <span class='ocrx_word' id='word_1_92' title='bbox 656 1090 718 1156; x_wconf 83' lang='lat' dir='ltr'><strong>tale</strong></span> <span class='ocrx_word' id='word_1_93' title='bbox 734 1091 818 1178; x_wconf 87' lang='lat' dir='ltr'><strong>apud</strong></span> <span class='ocrx_word' id='word_1_94' title='bbox 832 1090 970 1157; x_wconf 86' lang='lat' dir='ltr'><strong>Graecos</strong></span> <span class='ocrx_word' id='word_1_95' title='bbox 980 1092 1094 1180; x_wconf 89' lang='lat' dir='ltr'><strong>pudori</strong></span> 
     </span>
    </p>

    <p class='ocr_par' dir='ltr' id='par_1_5' title="bbox 53 1176 1234 2042">
     <span class='ocr_line' id='line_1_12' title="bbox 54 1176 1094 1267; baseline 0.002 -24"><span class='ocrx_word' id='word_1_96' title='bbox 54 1193 115 1255; x_wconf 87' lang='lat' dir='ltr'><strong>est,</strong></span> <span class='ocrx_word' id='word_1_97' title='bbox 137 1201 175 1243; x_wconf 91' lang='lat' dir='ltr'><strong>ea</strong></span> <span class='ocrx_word' id='word_1_98' title='bbox 195 1178 396 1244; x_wconf 80' lang='lat' dir='ltr'><strong>deformabat.</strong></span> <span class='ocrx_word' id='word_1_99' title='bbox 441 1178 564 1265; x_wconf 89' lang='lat' dir='ltr'><strong>Itaque,</strong></span> <span class='ocrx_word' id='word_1_100' title='bbox 586 1176 684 1242; x_wconf 86' lang='lat' dir='ltr'><strong>fidem</strong></span> <span class='ocrx_word' id='word_1_101' title='bbox 705 1178 860 1264; x_wconf 92' lang='lat' dir='ltr'><strong>potiorem</strong></span> <span class='ocrx_word' id='word_1_102' title='bbox 881 1191 975 1256; x_wconf 86' lang='lat' dir='ltr'><strong>ratus,</strong></span> <span class='ocrx_word' id='word_1_103' title='bbox 998 1202 1094 1267; x_wconf 91' lang='lat' dir='ltr'><strong>quam</strong></span> 
     </span>
     <span class='ocr_line' id='line_1_13' title="bbox 53 1264 1230 1352; baseline -0.005 -22"><span class='ocrx_word' id='word_1_104' title='bbox 53 1265 178 1352; x_wconf 76' lang='lat' dir='ltr'><strong>patriae</strong></span> <span class='ocrx_word' id='word_1_105' title='bbox 203 1265 346 1342; x_wconf 82' lang='lat' dir='ltr'><strong>debebat,</strong></span> <span class='ocrx_word' id='word_1_106' title='bbox 369 1265 522 1332; x_wconf 90' lang='lat' dir='ltr'><strong>indicium</strong></span> <span class='ocrx_word' id='word_1_107' title='bbox 543 1264 584 1330; x_wconf 92' lang='lat' dir='ltr'><strong>ad</strong></span> <span class='ocrx_word' id='word_1_108' title='bbox 627 1276 763 1330; x_wconf 84' lang='lat' dir='ltr'><strong>raetores</strong></span> <span class='ocrx_word' id='word_1_109' title='bbox 785 1264 894 1330; x_wconf 84' lang='lat' dir='ltr'><strong>defert</strong></span> <span class='ocrx_word' id='word_1_110' title='bbox 942 1265 1018 1344; x_wconf 83' lang='lat' dir='ltr'><strong>Qui,</strong></span> <span class='ocrx_word' id='word_1_111' title='bbox 1040 1266 1093 1331; x_wconf 92' lang='lat' dir='ltr'><strong>ubi</strong></span> <span class='ocrx_word' id='word_1_112' title='bbox 1103 1276 1230 1326; x_wconf 77' lang='lat' dir='ltr'><strong>Occiditur</strong></span> 
     </span>
     <span class='ocr_line' id='line_1_14' title="bbox 53 1341 1234 1455; baseline 0.002 -39"><span class='ocrx_word' id='word_1_113' title='bbox 53 1375 127 1416; x_wconf 90' lang='lat' dir='ltr'><strong>rem</strong></span> <span class='ocrx_word' id='word_1_114' title='bbox 141 1351 227 1416; x_wconf 88' lang='lat' dir='ltr'><strong>haud</strong></span> <span class='ocrx_word' id='word_1_115' title='bbox 240 1374 354 1417; x_wconf 85' lang='lat' dir='ltr'><strong>vanam</strong></span> <span class='ocrx_word' id='word_1_116' title='bbox 367 1375 435 1418; x_wconf 90' lang='lat' dir='ltr'><strong>esse</strong></span> <span class='ocrx_word' id='word_1_117' title='bbox 454 1352 546 1416; x_wconf 88' lang='lat' dir='ltr'><strong>certis</strong></span> <span class='ocrx_word' id='word_1_118' title='bbox 560 1351 593 1414; x_wconf 93' lang='lat' dir='ltr'><strong>in</strong></span> <span class='ocrx_word' id='word_1_119' title='bbox 619 1351 686 1416; x_wconf 89' lang='lat' dir='ltr'><strong>&#39;ciis</strong></span> <span class='ocrx_word' id='word_1_120' title='bbox 699 1365 928 1452; x_wconf 87' lang='lat' dir='ltr'><strong>compererunt,</strong></span> <span class='ocrx_word' id='word_1_121' title='bbox 944 1352 1094 1418; x_wconf 91' lang='lat' dir='ltr'><strong>consultis</strong></span> <span class='ocrx_word' id='word_1_122' title='bbox 1102 1341 1234 1455; x_wconf 44' lang='lat' dir='ltr'><strong>inillam*</strong></span> 
     </span>
     <span class='ocr_line' id='line_1_15' title="bbox 54 1436 1181 1527; baseline 0.001 -24"><span class='ocrx_word' id='word_1_123' title='bbox 54 1437 243 1516; x_wconf 86' lang='lat' dir='ltr'><strong>senioribus,</strong></span> <span class='ocrx_word' id='word_1_124' title='bbox 262 1452 295 1504; x_wconf 93' lang='lat' dir='ltr'><strong>et</strong></span> <span class='ocrx_word' id='word_1_125' title='bbox 313 1439 497 1504; x_wconf 90' lang='lat' dir='ltr'><strong>auctoritate</strong></span> <span class='ocrx_word' id='word_1_126' title='bbox 517 1460 626 1503; x_wconf 92' lang='lat' dir='ltr'><strong>eorum</strong></span> <span class='ocrx_word' id='word_1_127' title='bbox 647 1437 802 1524; x_wconf 85' lang='lat' dir='ltr'><strong>praesidro</strong></span> <span class='ocrx_word' id='word_1_128' title='bbox 821 1436 862 1503; x_wconf 92' lang='lat' dir='ltr'><strong>ad</strong></span> <span class='ocrx_word' id='word_1_129' title='bbox 881 1438 962 1504; x_wconf 88' lang='lat' dir='ltr'><strong>fores</strong></span> <span class='ocrx_word' id='word_1_130' title='bbox 981 1440 1093 1527; x_wconf 92' lang='lat' dir='ltr'><strong>posito,</strong></span> <span class='ocrx_word' id='word_1_131' title='bbox 1175 1442 1181 1455; x_wconf 90' lang='lat'>&#39;</span> 
     </span>
     <span class='ocr_line' id='line_1_16' title="bbox 54 1524 1096 1612; baseline 0.001 -23"><span class='ocrx_word' id='word_1_132' title='bbox 54 1525 214 1612; x_wconf 76' lang='lat' dir='ltr'><strong>ingremos</strong></span> <span class='ocrx_word' id='word_1_133' title='bbox 228 1525 345 1590; x_wconf 84' lang='lat' dir='ltr'><strong>curiam</strong></span> <span class='ocrx_word' id='word_1_134' title='bbox 361 1525 561 1590; x_wconf 83' lang='lat' dir='ltr'><strong>Themistum</strong></span> <span class='ocrx_word' id='word_1_135' title='bbox 577 1537 672 1611; x_wconf 90' lang='lat' dir='ltr'><strong>atque</strong></span> <span class='ocrx_word' id='word_1_136' title='bbox 685 1524 954 1589; x_wconf 89' lang='lat' dir='ltr'><strong>Andranodomm</strong></span> <span class='ocrx_word' id='word_1_137' title='bbox 967 1525 1096 1590; x_wconf 88' lang='lat' dir='ltr'><strong>interfe-</strong></span> 
     </span>
     <span class='ocr_line' id='line_1_17' title="bbox 54 1610 1094 1698; baseline 0.001 -22"><span class='ocrx_word' id='word_1_138' title='bbox 54 1623 188 1676; x_wconf 87' lang='lat' dir='ltr'><strong>cerunt:</strong></span> <span class='ocrx_word' id='word_1_139' title='bbox 220 1625 262 1688; x_wconf 88' lang='lat' dir='ltr'><strong>et,</strong></span> <span class='ocrx_word' id='word_1_140' title='bbox 285 1634 384 1698; x_wconf 92' lang='lat' dir='ltr'><strong>quum</strong></span> <span class='ocrx_word' id='word_1_141' title='bbox 412 1610 565 1676; x_wconf 90' lang='lat' dir='ltr'><strong>tumultus</strong></span> <span class='ocrx_word' id='word_1_142' title='bbox 588 1611 627 1675; x_wconf 90' lang='lat' dir='ltr'><strong>ab</strong></span> <span class='ocrx_word' id='word_1_143' title='bbox 652 1633 686 1675; x_wconf 88' lang='lat' dir='ltr'><strong>re</strong></span> <span class='ocrx_word' id='word_1_144' title='bbox 709 1613 744 1674; x_wconf 92' lang='lat' dir='ltr'><strong>in</strong></span> <span class='ocrx_word' id='word_1_145' title='bbox 769 1611 905 1698; x_wconf 87' lang='lat' dir='ltr'><strong>speciem</strong></span> <span class='ocrx_word' id='word_1_146' title='bbox 932 1613 1094 1690; x_wconf 86' lang='lat' dir='ltr'><strong>atrociore,</strong></span> 
     </span>
     <span class='ocr_line' id='line_1_18' title="bbox 55 1697 1094 1784; baseline 0.002 -22"><span class='ocrx_word' id='word_1_147' title='bbox 55 1719 186 1762; x_wconf 89' lang='lat' dir='ltr'><strong>causam</strong></span> <span class='ocrx_word' id='word_1_148' title='bbox 199 1697 268 1762; x_wconf 91' lang='lat' dir='ltr'><strong>aliis</strong></span> <span class='ocrx_word' id='word_1_149' title='bbox 281 1697 506 1784; x_wconf 78' lang='lat' dir='ltr'><strong>ignorantibus,</strong></span> <span class='ocrx_word' id='word_1_150' title='bbox 522 1711 608 1762; x_wconf 92' lang='lat' dir='ltr'><strong>ortus</strong></span> <span class='ocrx_word' id='word_1_151' title='bbox 622 1709 713 1774; x_wconf 86' lang='lat' dir='ltr'><strong>esset,</strong></span> <span class='ocrx_word' id='word_1_152' title='bbox 724 1697 848 1763; x_wconf 88' lang='lat' dir='ltr'><strong>silentio</strong></span> <span class='ocrx_word' id='word_1_153' title='bbox 863 1698 992 1764; x_wconf 89' lang='lat' dir='ltr'><strong>tandem</strong></span> <span class='ocrx_word' id='word_1_154' title='bbox 1002 1699 1094 1776; x_wconf 87' lang='lat' dir='ltr'><strong>facto,</strong></span> 
     </span>
     <span class='ocr_line' id='line_1_19' title="bbox 55 1783 1094 1884; baseline 0.002 -36"><span class='ocrx_word' id='word_1_155' title='bbox 55 1783 198 1848; x_wconf 87' lang='lat' dir='ltr'><strong>indicem</strong></span> <span class='ocrx_word' id='word_1_156' title='bbox 227 1783 262 1848; x_wconf 92' lang='lat' dir='ltr'><strong>in</strong></span> <span class='ocrx_word' id='word_1_157' title='bbox 294 1784 413 1850; x_wconf 86' lang='lat' dir='ltr'><strong>curiam</strong></span> <span class='ocrx_word' id='word_1_158' title='bbox 441 1783 694 1848; x_wconf 80' lang='lat' dir='ltr'><strong>introduxerunt.</strong></span> <span class='ocrx_word' id='word_1_159' title='bbox 756 1783 822 1859; x_wconf 84' lang='lat' dir='ltr'><strong>Qui</strong></span> <span class='ocrx_word' id='word_1_160' title='bbox 856 1807 956 1884; x_wconf 79' lang='lat' dir='ltr'><strong>quum</strong></span> <span class='ocrx_word' id='word_1_161' title='bbox 985 1786 1094 1850; x_wconf 89' lang='lat' dir='ltr'><strong>ordine</strong></span> 
     </span>
     <span class='ocr_line' id='line_1_20' title="bbox 56 1869 1096 1957; baseline 0.003 -23"><span class='ocrx_word' id='word_1_162' title='bbox 56 1869 168 1934; x_wconf 90' lang='lat' dir='ltr'><strong>omnia</strong></span> <span class='ocrx_word' id='word_1_163' title='bbox 189 1869 373 1947; x_wconf 85' lang='lat' dir='ltr'><strong>edocuisset,</strong></span> <span class='ocrx_word' id='word_1_164' title='bbox 398 1885 430 1935; x_wconf 92' lang='lat' dir='ltr'><strong>et</strong></span> <span class='ocrx_word' id='word_1_165' title='bbox 477 1871 645 1957; x_wconf 87' lang='lat' dir='ltr'><strong>rincipium</strong></span> <span class='ocrx_word' id='word_1_166' title='bbox 666 1869 889 1935; x_wconf 78' lang='lat' dir='ltr'><strong>coniurationis</strong></span> <span class='ocrx_word' id='word_1_167' title='bbox 913 1871 1031 1937; x_wconf 84' lang='lat' dir='ltr'><strong>factum</strong></span> <span class='ocrx_word' id='word_1_168' title='bbox 1056 1873 1096 1937; x_wconf 88' lang='lat' dir='ltr'><strong>ab</strong></span> 
     </span>
     <span class='ocr_line' id='line_1_21' title="bbox 57 1894 1096 2042; baseline 0.001 -21"><span class='ocrx_word' id='word_1_169' title='bbox 57 1955 254 2022; x_wconf 85' lang='lat' dir='ltr'><strong>Harmoniae</strong></span> <span class='ocrx_word' id='word_1_170' title='bbox 276 1955 408 2022; x_wconf 87' lang='lat' dir='ltr'><strong>Gelonis</strong></span> <span class='ocrx_word' id='word_1_171' title='bbox 426 1894 509 2022; x_wconf 56' lang='lat' dir='ltr'><strong>fipoe</strong></span> <span class='ocrx_word' id='word_1_172' title='bbox 529 1956 657 2042; x_wconf 80' lang='lat' dir='ltr'><strong>nuptiis,</strong></span> <span class='ocrx_word' id='word_1_173' title='bbox 674 1955 788 2042; x_wconf 91' lang='lat' dir='ltr'><strong>quibus</strong></span> <span class='ocrx_word' id='word_1_174' title='bbox 804 1956 969 2022; x_wconf 90' lang='lat' dir='ltr'><strong>Themisto</strong></span> <span class='ocrx_word' id='word_1_175' title='bbox 988 1957 1096 2022; x_wconf 90' lang='lat' dir='ltr'><strong>iuncta</strong></span> 
     </span>
    </p>

    <p class='ocr_par' dir='ltr' id='par_1_6' title="bbox 55 2041 1097 2390">
     <span class='ocr_line' id='line_1_22' title="bbox 56 2041 1096 2142; baseline 0 -34"><span class='ocrx_word' id='word_1_176' title='bbox 56 2056 159 2119; x_wconf 52' lang='grc' dir='ltr'>θεοῖς</span> <span class='ocrx_word' id='word_1_177' title='bbox 190 2042 343 2108; x_wconf 74' lang='lat' dir='ltr'><strong>Afrorum</strong></span> <span class='ocrx_word' id='word_1_178' title='bbox 373 2042 650 2142; x_wconf 85' lang='lat' dir='ltr'><strong>Hispanommque</strong></span> <span class='ocrx_word' id='word_1_179' title='bbox 676 2041 841 2106; x_wconf 74' lang='lat' dir='ltr'><strong>auxiliares</strong></span> <span class='ocrx_word' id='word_1_180' title='bbox 863 2043 1031 2108; x_wconf 85' lang='lat' dir='ltr'><strong>instructos</strong></span> <span class='ocrx_word' id='word_1_181' title='bbox 1055 2045 1096 2108; x_wconf 88' lang='lat' dir='ltr'><strong>ad</strong></span> 
     </span>
     <span class='ocr_line' id='line_1_23' title="bbox 55 2127 1096 2216; baseline 0.002 -23"><span class='ocrx_word' id='word_1_182' title='bbox 55 2127 191 2194; x_wconf 87' lang='lat' dir='ltr'><strong>caedem</strong></span> <span class='ocrx_word' id='word_1_183' title='bbox 204 2142 383 2216; x_wconf 83' lang='lat' dir='ltr'><strong>praetorum</strong></span> <span class='ocrx_word' id='word_1_184' title='bbox 397 2129 638 2216; x_wconf 78' lang='lat' dir='ltr'><strong>principumque</strong></span> <span class='ocrx_word' id='word_1_185' title='bbox 653 2127 803 2203; x_wconf 89' lang='lat' dir='ltr'><strong>aliorum;</strong></span> <span class='ocrx_word' id='word_1_186' title='bbox 827 2129 972 2216; x_wconf 92' lang='lat' dir='ltr'><strong>bonaque</strong></span> <span class='ocrx_word' id='word_1_187' title='bbox 987 2151 1096 2195; x_wconf 89' lang='lat' dir='ltr'><strong>eorum</strong></span> 
     </span>
     <span class='ocr_line' id='line_1_24' title="bbox 55 2213 1097 2303; baseline 0.001 -23"><span class='ocrx_word' id='word_1_188' title='bbox 55 2214 194 2303; x_wconf 81' lang='lat' dir='ltr'><strong>praedae</strong></span> <span class='ocrx_word' id='word_1_189' title='bbox 215 2217 321 2280; x_wconf 86' lang='lat' dir='ltr'><strong>futura</strong></span> <span class='ocrx_word' id='word_1_190' title='bbox 341 2214 592 2280; x_wconf 87' lang='lat' dir='ltr'><strong>interfectoribus</strong></span> <span class='ocrx_word' id='word_1_191' title='bbox 611 2213 849 2300; x_wconf 88' lang='lat' dir='ltr'><strong>pronuntiatum</strong></span> <span class='ocrx_word' id='word_1_192' title='bbox 860 2239 869 2291; x_wconf 91' lang='lat'>;</span> <span class='ocrx_word' id='word_1_193' title='bbox 892 2216 956 2280; x_wconf 89' lang='lat' dir='ltr'><strong>iam</strong></span> <span class='ocrx_word' id='word_1_194' title='bbox 977 2239 1097 2281; x_wconf 88' lang='lat' dir='ltr'><strong>merce·</strong></span> 
     </span>
     <span class='ocr_line' id='line_1_25' title="bbox 56 2299 1097 2390; baseline 0.001 -24"><span class='ocrx_word' id='word_1_195' title='bbox 56 2301 219 2366; x_wconf 85' lang='lat' dir='ltr'><strong>uariorum</strong></span> <span class='ocrx_word' id='word_1_196' title='bbox 236 2323 365 2366; x_wconf 91' lang='lat' dir='ltr'><strong>manum</strong></span> <span class='ocrx_word' id='word_1_197' title='bbox 380 2313 533 2366; x_wconf 87' lang='lat' dir='ltr'><strong>assuetam</strong></span> <span class='ocrx_word' id='word_1_198' title='bbox 555 2300 694 2387; x_wconf 90' lang='lat' dir='ltr'><strong>imperiis</strong></span> <span class='ocrx_word' id='word_1_199' title='bbox 714 2299 938 2366; x_wconf 90' lang='lat' dir='ltr'><strong>Andranodori</strong></span> <span class='ocrx_word' id='word_1_200' title='bbox 955 2315 1097 2390; x_wconf 87' lang='lat' dir='ltr'><strong>paratam</strong></span> 
     </span>
    </p>

    <p class='ocr_par' dir='ltr' id='par_1_7' title="bbox 55 2386 1096 2477">
     <span class='ocr_line' id='line_1_26' title="bbox 55 2386 1096 2477; baseline 0.003 -25"><span class='ocrx_word' id='word_1_201' title='bbox 55 2389 155 2452; x_wconf 85' lang='lat' dir='ltr'><strong>fuisse</strong></span> <span class='ocrx_word' id='word_1_202' title='bbox 165 2386 206 2453; x_wconf 92' lang='lat' dir='ltr'><strong>ad</strong></span> <span class='ocrx_word' id='word_1_203' title='bbox 221 2387 360 2453; x_wconf 92' lang='lat' dir='ltr'><strong>Insulam</strong></span> <span class='ocrx_word' id='word_1_204' title='bbox 374 2411 480 2453; x_wconf 91' lang='lat' dir='ltr'><strong>rursus</strong></span> <span class='ocrx_word' id='word_1_205' title='bbox 491 2386 721 2474; x_wconf 68' lang='lat' dir='ltr'><strong>occupandam</strong></span> <span class='ocrx_word' id='word_1_206' title='bbox 744 2387 867 2474; x_wconf 82' lang='lat' dir='ltr'><strong>singula</strong></span> <span class='ocrx_word' id='word_1_207' title='bbox 878 2388 1005 2467; x_wconf 91' lang='lat' dir='ltr'><strong>deinde,</strong></span> <span class='ocrx_word' id='word_1_208' title='bbox 1015 2413 1096 2477; x_wconf 91' lang='lat' dir='ltr'><strong>quae</strong></span> 
     </span>
    </p>

    <p class='ocr_par' dir='ltr' id='par_1_8' title="bbox 57 2474 1097 2649">
     <span class='ocr_line' id='line_1_27' title="bbox 57 2474 1097 2562; baseline 0.003 -24"><span class='ocrx_word' id='word_1_209' title='bbox 57 2496 119 2562; x_wconf 89' lang='lat' dir='ltr'><strong>per</strong></span> <span class='ocrx_word' id='word_1_210' title='bbox 133 2497 274 2562; x_wconf 87' lang='lat' dir='ltr'><strong>quosque</strong></span> <span class='ocrx_word' id='word_1_211' title='bbox 288 2487 462 2561; x_wconf 81' lang='lat' dir='ltr'><strong>agerentur,</strong></span> <span class='ocrx_word' id='word_1_212' title='bbox 479 2487 639 2560; x_wconf 90' lang='lat' dir='ltr'><strong>totamque</strong></span> <span class='ocrx_word' id='word_1_213' title='bbox 654 2474 728 2538; x_wconf 87' lang='lat' dir='ltr'><strong>viris</strong></span> <span class='ocrx_word' id='word_1_214' title='bbox 741 2474 897 2561; x_wconf 90' lang='lat' dir='ltr'><strong>armisque</strong></span> <span class='ocrx_word' id='word_1_215' title='bbox 912 2475 1097 2541; x_wconf 87' lang='lat' dir='ltr'><strong>instructam</strong></span> 
     </span>
     <span class='ocr_line' id='line_1_28' title="bbox 57 2559 1097 2649; baseline 0.002 -23"><span class='ocrx_word' id='word_1_216' title='bbox 57 2559 310 2626; x_wconf 87' lang='lat' dir='ltr'><strong>coniurationem</strong></span> <span class='ocrx_word' id='word_1_217' title='bbox 329 2573 401 2626; x_wconf 90' lang='lat' dir='ltr'><strong>ante</strong></span> <span class='ocrx_word' id='word_1_218' title='bbox 422 2560 528 2626; x_wconf 89' lang='lat' dir='ltr'><strong>oeulos</strong></span> <span class='ocrx_word' id='word_1_219' title='bbox 548 2561 718 2648; x_wconf 89' lang='lat' dir='ltr'><strong>posuisset;</strong></span> <span class='ocrx_word' id='word_1_220' title='bbox 742 2561 865 2626; x_wconf 86' lang='lat' dir='ltr'><strong>senatui</strong></span> <span class='ocrx_word' id='word_1_221' title='bbox 885 2561 1014 2649; x_wconf 90' lang='lat' dir='ltr'><strong>quidem</strong></span> <span class='ocrx_word' id='word_1_222' title='bbox 1032 2576 1097 2628; x_wconf 88' lang='lat' dir='ltr'><strong>tam</strong></span> 
     </span>
    </p>

    <p class='ocr_par' dir='ltr' id='par_1_9' title="bbox 56 2646 1096 2825">
     <span class='ocr_line' id='line_1_29' title="bbox 57 2646 1096 2746; baseline 0.002 -34"><span class='ocrx_word' id='word_1_223' title='bbox 57 2649 129 2712; x_wconf 84' lang='lat' dir='ltr'><strong>iure</strong></span> <span class='ocrx_word' id='word_1_224' title='bbox 151 2647 241 2725; x_wconf 87' lang='lat' dir='ltr'><strong>caesi,</strong></span> <span class='ocrx_word' id='word_1_225' title='bbox 265 2670 360 2746; x_wconf 87' lang='lat' dir='ltr'><strong>quam</strong></span> <span class='ocrx_word' id='word_1_226' title='bbox 383 2647 607 2735; x_wconf 84' lang='lat' dir='ltr'><strong>Hieronymus,</strong></span> <span class='ocrx_word' id='word_1_227' title='bbox 629 2646 823 2712; x_wconf 87' lang='lat' dir='ltr'><strong>videbantur.</strong></span> <span class='ocrx_word' id='word_1_228' title='bbox 869 2647 957 2713; x_wconf 88' lang='lat' dir='ltr'><strong>Ante</strong></span> <span class='ocrx_word' id='word_1_229' title='bbox 979 2650 1096 2715; x_wconf 88' lang='lat' dir='ltr'><strong>curiam</strong></span> 
     </span>
     <span class='ocr_line' id='line_1_30' title="bbox 56 2733 1096 2825; baseline 0.006 -29"><span class='ocrx_word' id='word_1_230' title='bbox 56 2735 163 2798; x_wconf 87' lang='lat' dir='ltr'><strong>variae</strong></span> <span class='ocrx_word' id='word_1_231' title='bbox 173 2747 267 2820; x_wconf 87' lang='lat' dir='ltr'><strong>atque</strong></span> <span class='ocrx_word' id='word_1_232' title='bbox 276 2747 414 2798; x_wconf 74' lang='lat' dir='ltr'><strong>incertae</strong></span> <span class='ocrx_word' id='word_1_233' title='bbox 423 2755 527 2798; x_wconf 88' lang='lat' dir='ltr'><strong>rerum</strong></span> <span class='ocrx_word' id='word_1_234' title='bbox 537 2733 748 2799; x_wconf 87' lang='lat' dir='ltr'><strong>multitudinis</strong></span> <span class='ocrx_word' id='word_1_235' title='bbox 759 2733 877 2800; x_wconf 90' lang='lat' dir='ltr'><strong>clamor</strong></span> <span class='ocrx_word' id='word_1_236' title='bbox 887 2747 967 2800; x_wconf 88' lang='lat' dir='ltr'><strong>erat:</strong></span> <span class='ocrx_word' id='word_1_237' title='bbox 991 2761 1096 2825; x_wconf 87' lang='lat' dir='ltr'><strong>quam,</strong></span> 
     </span>
    </p>

    <p class='ocr_par' dir='ltr' id='par_1_10' title="bbox 32 2820 1097 2908">
     <span class='ocr_line' id='line_1_31' title="bbox 32 2820 1097 2908; baseline 0.011 -30"><span class='ocrx_word' id='word_1_238' title='bbox 32 2844 43 2878; x_wconf 82' lang='grc' dir='ltr'>ι</span> <span class='ocrx_word' id='word_1_239' title='bbox 57 2820 206 2884; x_wconf 88' lang='lat' dir='ltr'><strong>ferociter</strong></span> <span class='ocrx_word' id='word_1_240' title='bbox 219 2820 418 2884; x_wconf 90' lang='lat' dir='ltr'><strong>minitantem</strong></span> <span class='ocrx_word' id='word_1_241' title='bbox 432 2820 466 2884; x_wconf 90' lang='lat' dir='ltr'><strong>in</strong></span> <span class='ocrx_word' id='word_1_242' title='bbox 481 2820 633 2885; x_wconf 86' lang='lat' dir='ltr'><strong>vestibulo</strong></span> <span class='ocrx_word' id='word_1_243' title='bbox 648 2821 762 2898; x_wconf 89' lang='lat' dir='ltr'><strong>curiae,</strong></span> <span class='ocrx_word' id='word_1_244' title='bbox 777 2843 907 2908; x_wconf 86' lang='lat' dir='ltr'><strong>corpora</strong></span> <span class='ocrx_word' id='word_1_245' title='bbox 921 2826 1097 2890; x_wconf 84' lang='lat' dir='ltr'><strong>coniurato-</strong></span> 
     </span>
    </p>

    <p class='ocr_par' dir='ltr' id='par_1_11' title="bbox 30 2905 1097 3000">
     <span class='ocr_line' id='line_1_32' title="bbox 30 2905 1097 3000; baseline 0.004 -28"><span class='ocrx_word' id='word_1_246' title='bbox 30 2928 132 2972; x_wconf 80' lang='lat' dir='ltr'><strong>2rum</strong></span> <span class='ocrx_word' id='word_1_247' title='bbox 150 2929 189 2971; x_wconf 89' lang='lat' dir='ltr'><strong>eo</strong></span> <span class='ocrx_word' id='word_1_248' title='bbox 207 2918 295 2970; x_wconf 90' lang='lat' dir='ltr'><strong>metu</strong></span> <span class='ocrx_word' id='word_1_249' title='bbox 317 2917 576 2994; x_wconf 86' lang='lat' dir='ltr'><strong>compresserunt,</strong></span> <span class='ocrx_word' id='word_1_250' title='bbox 597 2918 633 2970; x_wconf 92' lang='lat' dir='ltr'><strong>ut</strong></span> <span class='ocrx_word' id='word_1_251' title='bbox 649 2905 776 2970; x_wconf 85' lang='lat' dir='ltr'><strong>silentes</strong></span> <span class='ocrx_word' id='word_1_252' title='bbox 795 2907 950 2994; x_wconf 83' lang='lat' dir='ltr'><strong>integram</strong></span> <span class='ocrx_word' id='word_1_253' title='bbox 972 2911 1097 3000; x_wconf 84' lang='lat' dir='ltr'><strong>plebem</strong></span> 
     </span>
    </p>

    <p class='ocr_par' dir='ltr' id='par_1_12' title="bbox 56 2990 1097 3078">
     <span class='ocr_line' id='line_1_33' title="bbox 56 2990 1097 3078; baseline 0.004 -20"><span class='ocrx_word' id='word_1_254' title='bbox 56 2995 94 3058; x_wconf 91' lang='lat' dir='ltr'><strong>in</strong></span> <span class='ocrx_word' id='word_1_255' title='bbox 110 2993 295 3058; x_wconf 90' lang='lat' dir='ltr'><strong>concionem</strong></span> <span class='ocrx_word' id='word_1_256' title='bbox 313 3005 527 3078; x_wconf 83' lang='lat' dir='ltr'><strong>sequerentur.</strong></span> <span class='ocrx_word' id='word_1_257' title='bbox 574 2990 706 3077; x_wconf 88' lang='lat' dir='ltr'><strong>Sopatro</strong></span> <span class='ocrx_word' id='word_1_258' title='bbox 723 2992 907 3057; x_wconf 89' lang='lat' dir='ltr'><strong>mandatum</strong></span> <span class='ocrx_word' id='word_1_259' title='bbox 926 2993 965 3058; x_wconf 91' lang='lat' dir='ltr'><strong>ab</strong></span> <span class='ocrx_word' id='word_1_260' title='bbox 985 3011 1097 3062; x_wconf 89' lang='lat' dir='ltr'><strong>senatu</strong></span> 
     </span>
    </p>

    <p class='ocr_par' dir='ltr' id='par_1_13' title="bbox 28 3077 1203 3350">
     <span class='ocr_line' id='line_1_34' title="bbox 28 3077 1203 3170; baseline -0.004 -22"><span class='ocrx_word' id='word_1_261' title='bbox 28 3092 94 3148; x_wconf 76' lang='lat' dir='ltr'><strong>set</strong></span> <span class='ocrx_word' id='word_1_262' title='bbox 118 3078 157 3142; x_wconf 90' lang='lat' dir='ltr'><strong>ab</strong></span> <span class='ocrx_word' id='word_1_263' title='bbox 177 3078 314 3166; x_wconf 80' lang='lat' dir='ltr'><strong>collegis,</strong></span> <span class='ocrx_word' id='word_1_264' title='bbox 335 3092 371 3142; x_wconf 92' lang='lat' dir='ltr'><strong>ut</strong></span> <span class='ocrx_word' id='word_1_265' title='bbox 389 3078 484 3142; x_wconf 87' lang='lat' dir='ltr'><strong>verba</strong></span> <span class='ocrx_word' id='word_1_266' title='bbox 503 3077 626 3142; x_wconf 84' lang='lat' dir='ltr'><strong>laceret.</strong></span> <span class='ocrx_word' id='word_1_267' title='bbox 672 3077 714 3155; x_wconf 89' lang='lat' dir='ltr'><strong>Is,</strong></span> <span class='ocrx_word' id='word_1_268' title='bbox 730 3090 782 3142; x_wconf 90' lang='lat' dir='ltr'><strong>tan</strong></span> <span class='ocrx_word' id='word_1_269' title='bbox 807 3101 879 3143; x_wconf 90' lang='lat' dir='ltr'><strong>uam</strong></span> <span class='ocrx_word' id='word_1_270' title='bbox 895 3101 965 3144; x_wconf 87' lang='lat' dir='ltr'><strong>reos</strong></span> <span class='ocrx_word' id='word_1_271' title='bbox 979 3097 1095 3170; x_wconf 87' lang='lat' dir='ltr'><strong>ageret,</strong></span> <span class='ocrx_word' id='word_1_272' title='bbox 1152 3083 1203 3144; x_wconf 81' lang='lat'><strong>25.</strong></span> 
     </span>
     <span class='ocr_line' id='line_1_35' title="bbox 57 3101 1096 3251; baseline 0.006 -22"><span class='ocrx_word' id='word_1_273' title='bbox 57 3167 101 3229; x_wconf 92' lang='lat' dir='ltr'><strong>ab</strong></span> <span class='ocrx_word' id='word_1_274' title='bbox 123 3178 265 3228; x_wconf 84' lang='lat' dir='ltr'><strong>anteacta</strong></span> <span class='ocrx_word' id='word_1_275' title='bbox 279 3165 343 3229; x_wconf 87' lang='lat' dir='ltr'><strong>vita</strong></span> <span class='ocrx_word' id='word_1_276' title='bbox 364 3186 461 3239; x_wconf 89' lang='lat' dir='ltr'><strong>orsus,</strong></span> <span class='ocrx_word' id='word_1_277' title='bbox 477 3185 684 3250; x_wconf 89' lang='lat' dir='ltr'><strong>quaecunque</strong></span> <span class='ocrx_word' id='word_1_278' title='bbox 704 3101 941 3251; x_wconf 68' lang='lat' dir='ltr'><strong>postiliemnis</strong></span> <span class='ocrx_word' id='word_1_279' title='bbox 962 3185 1096 3234; x_wconf 90' lang='lat' dir='ltr'><strong>mortem</strong></span> 
     </span>
     <span class='ocr_line' id='line_1_36' title="bbox 56 3248 1098 3350; baseline 0.006 -34"><span class='ocrx_word' id='word_1_280' title='bbox 56 3249 191 3316; x_wconf 84' lang='lat' dir='ltr'><strong>sceleste</strong></span> <span class='ocrx_word' id='word_1_281' title='bbox 212 3263 306 3338; x_wconf 90' lang='lat' dir='ltr'><strong>atque</strong></span> <span class='ocrx_word' id='word_1_282' title='bbox 326 3250 422 3350; x_wconf 91' lang='lat' dir='ltr'><strong>impie</strong></span> <span class='ocrx_word' id='word_1_283' title='bbox 437 3248 518 3314; x_wconf 85' lang='lat' dir='ltr'><strong>facta</strong></span> <span class='ocrx_word' id='word_1_284' title='bbox 537 3263 649 3328; x_wconf 86' lang='lat' dir='ltr'><strong>essent,</strong></span> <span class='ocrx_word' id='word_1_285' title='bbox 667 3249 934 3315; x_wconf 90' lang='lat' dir='ltr'><strong>Andranodomm</strong></span> <span class='ocrx_word' id='word_1_286' title='bbox 954 3278 990 3320; x_wconf 90' lang='lat' dir='ltr'><strong>ac</strong></span> <span class='ocrx_word' id='word_1_287' title='bbox 1010 3257 1098 3322; x_wconf 87' lang='lat' dir='ltr'><strong>The·</strong></span> 
     </span>
    </p>

    <p class='ocr_par' dir='ltr' id='par_1_14' title="bbox 28 3335 1225 3696">
     <span class='ocr_line' id='line_1_37' title="bbox 28 3335 1208 3424; baseline 0.004 -20"><span class='ocrx_word' id='word_1_288' title='bbox 28 3338 190 3405; x_wconf 71' lang='lat' dir='ltr'><strong>smistum</strong></span> <span class='ocrx_word' id='word_1_289' title='bbox 205 3337 308 3424; x_wconf 79' lang='lat' dir='ltr'><strong>arguit</strong></span> <span class='ocrx_word' id='word_1_290' title='bbox 318 3336 436 3401; x_wconf 79' lang='lat' dir='ltr'><strong>secuse.</strong></span> <span class='ocrx_word' id='word_1_291' title='bbox 484 3335 593 3411; x_wconf 83' lang='lat' dir='ltr'><strong>‘Quid</strong></span> <span class='ocrx_word' id='word_1_292' title='bbox 604 3337 689 3400; x_wconf 90' lang='lat' dir='ltr'><strong>enim</strong></span> <span class='ocrx_word' id='word_1_293' title='bbox 700 3359 757 3400; x_wconf 92' lang='lat' dir='ltr'><strong>sua</strong></span> <span class='ocrx_word' id='word_1_294' title='bbox 770 3350 882 3423; x_wconf 89' lang='lat' dir='ltr'><strong>sponte</strong></span> <span class='ocrx_word' id='word_1_295' title='bbox 893 3337 1001 3406; x_wconf 86' lang='lat' dir='ltr'><strong>fecisse</strong></span> <span class='ocrx_word' id='word_1_296' title='bbox 1017 3342 1208 3421; x_wconf 60' lang='lat' dir='ltr'><strong>Hie-Smtri,</strong></span> 
     </span>
     <span class='ocr_line' id='line_1_38' title="bbox 58 3417 1221 3520; baseline -0.001 -33"><span class='ocrx_word' id='word_1_297' title='bbox 58 3434 252 3511; x_wconf 89' lang='lat' dir='ltr'><strong>‘ronymum</strong></span> <span class='ocrx_word' id='word_1_298' title='bbox 274 3445 417 3510; x_wconf 91' lang='lat' dir='ltr'><strong>puerum,</strong></span> <span class='ocrx_word' id='word_1_299' title='bbox 433 3444 469 3486; x_wconf 91' lang='lat' dir='ltr'><strong>ac</strong></span> <span class='ocrx_word' id='word_1_300' title='bbox 489 3421 620 3486; x_wconf 85' lang='lat' dir='ltr'><strong>vixdum</strong></span> <span class='ocrx_word' id='word_1_301' title='bbox 639 3423 863 3509; x_wconf 88' lang='lat' dir='ltr'><strong>pubescentem</strong></span> <span class='ocrx_word' id='word_1_302' title='bbox 885 3424 987 3492; x_wconf 87' lang='lat' dir='ltr'><strong>facere</strong></span> <span class='ocrx_word' id='word_1_303' title='bbox 1005 3417 1221 3520; x_wconf 57' lang='lat' dir='ltr'><strong>potu-¹³¹³}t0l¹⁸</strong></span> 
     </span>
     <span class='ocr_line' id='line_1_39' title="bbox 59 3489 1225 3600; baseline 0.005 -26"><span class='ocrx_word' id='word_1_304' title='bbox 59 3511 167 3574; x_wconf 75' lang='lat' dir='ltr'><strong>‘isset</strong></span> <span class='ocrx_word' id='word_1_305' title='bbox 189 3510 324 3574; x_wconf 89' lang='lat' dir='ltr'><strong>Tutores</strong></span> <span class='ocrx_word' id='word_1_306' title='bbox 335 3531 371 3574; x_wconf 87' lang='lat' dir='ltr'><strong>ac</strong></span> <span class='ocrx_word' id='word_1_307' title='bbox 386 3509 547 3596; x_wconf 83' lang='lat' dir='ltr'><strong>magistros</strong></span> <span class='ocrx_word' id='word_1_308' title='bbox 558 3508 626 3572; x_wconf 91' lang='lat' dir='ltr'><strong>eius</strong></span> <span class='ocrx_word' id='word_1_309' title='bbox 635 3509 693 3573; x_wconf 80' lang='lat' dir='ltr'><strong>sub</strong></span> <span class='ocrx_word' id='word_1_310' title='bbox 704 3507 933 3576; x_wconf 87' lang='lat' dir='ltr'><strong>aliensinvidia</strong></span> <span class='ocrx_word' id='word_1_311' title='bbox 943 3535 1095 3600; x_wconf 85' lang='lat' dir='ltr'><strong>regnasse.</strong></span> <span class='ocrx_word' id='word_1_312' title='bbox 1106 3489 1225 3600; x_wconf 40' lang='lat' dir='ltr'><strong>&amp;millii</strong></span> 
     </span>
     <span class='ocr_line' id='line_1_40' title="bbox 59 3595 1098 3696; baseline 0.005 -35"><span class='ocrx_word' id='word_1_313' title='bbox 59 3596 197 3696; x_wconf 70' lang='lat' dir='ltr'><strong>‘Itaque</strong></span> <span class='ocrx_word' id='word_1_314' title='bbox 215 3609 270 3661; x_wconf 91' lang='lat' dir='ltr'><strong>aut</strong></span> <span class='ocrx_word' id='word_1_315' title='bbox 287 3609 359 3661; x_wconf 90' lang='lat' dir='ltr'><strong>ante</strong></span> <span class='ocrx_word' id='word_1_316' title='bbox 381 3595 624 3684; x_wconf 89' lang='lat' dir='ltr'><strong>Hieronymum,</strong></span> <span class='ocrx_word' id='word_1_317' title='bbox 639 3607 694 3660; x_wconf 91' lang='lat' dir='ltr'><strong>aut</strong></span> <span class='ocrx_word' id='word_1_318' title='bbox 708 3609 793 3660; x_wconf 88' lang='lat' dir='ltr'><strong>certe</strong></span> <span class='ocrx_word' id='word_1_319' title='bbox 812 3619 883 3661; x_wconf 87' lang='lat' dir='ltr'><strong>eum</strong></span> <span class='ocrx_word' id='word_1_320' title='bbox 901 3597 1098 3688; x_wconf 85' lang='lat' dir='ltr'><strong>Hieronymo</strong></span> 
     </span>
    </p>
   </div>
   <div class='ocr_carea' id='block_1_3' title="bbox 60 3681 1099 3772">
    <p class='ocr_par' dir='ltr' id='par_1_15' title="bbox 60 3681 1099 3772">
     <span class='ocr_line' id='line_1_41' title="bbox 60 3681 1099 3772; baseline 0.007 -26"><span class='ocrx_word' id='word_1_321' title='bbox 60 3694 184 3771; x_wconf 83' lang='lat' dir='ltr'><strong>‘pente</strong></span> <span class='ocrx_word' id='word_1_322' title='bbox 202 3705 255 3747; x_wconf 90' lang='lat' dir='ltr'><strong>eos</strong></span> <span class='ocrx_word' id='word_1_323' title='bbox 274 3681 427 3748; x_wconf 87' lang='lat' dir='ltr'><strong>debuisse.</strong></span> <span class='ocrx_word' id='word_1_324' title='bbox 473 3686 519 3747; x_wconf 89' lang='lat' dir='ltr'><strong>At</strong></span> <span class='ocrx_word' id='word_1_325' title='bbox 534 3681 611 3760; x_wconf 91' lang='lat' dir='ltr'><strong>illos,</strong></span> <span class='ocrx_word' id='word_1_326' title='bbox 627 3681 750 3748; x_wconf 89' lang='lat' dir='ltr'><strong>debitos</strong></span> <span class='ocrx_word' id='word_1_327' title='bbox 767 3683 829 3772; x_wconf 71' lang='lat' dir='ltr'><strong>iam</strong></span> <span class='ocrx_word' id='word_1_328' title='bbox 849 3685 942 3750; x_wconf 88' lang='lat' dir='ltr'><strong>morti</strong></span> <span class='ocrx_word' id='word_1_329' title='bbox 961 3686 1099 3753; x_wconf 85' lang='lat' dir='ltr'><strong>destina·</strong></span> 
     </span>
    </p>
   </div>
   <div class='ocr_carea' id='block_1_4' title="bbox 59 3876 1098 4012">
    <p class='ocr_par' dir='ltr' id='par_1_16' title="bbox 59 3876 1098 4012">
     <span class='ocr_line' id='line_1_42' title="bbox 97 3876 1098 3942; baseline 0.005 -16"><span class='ocrx_word' id='word_1_330' title='bbox 97 3892 107 3926; x_wconf 88' lang='lat' dir='ltr'><strong>r</strong></span> <span class='ocrx_word' id='word_1_331' title='bbox 127 3876 236 3940; x_wconf 72' lang='lat' dir='ltr'><strong>Corpora</strong></span> <span class='ocrx_word' id='word_1_332' title='bbox 250 3879 443 3938; x_wconf 63' lang='lat' dir='ltr'><strong>coniuratorum]</strong></span> <span class='ocrx_word' id='word_1_333' title='bbox 461 3891 494 3925; x_wconf 86' lang='lat' dir='ltr'><strong>se.</strong></span> <span class='ocrx_word' id='word_1_334' title='bbox 507 3877 565 3925; x_wconf 75' lang='lat' dir='ltr'><strong>Pro</strong></span> <span class='ocrx_word' id='word_1_335' title='bbox 631 3890 645 3938; x_wconf 82' lang='lat'>3</span> <span class='ocrx_word' id='word_1_336' title='bbox 664 3879 788 3941; x_wconf 67' lang='lat' dir='ltr'><strong>Tanquam</strong></span> <span class='ocrx_word' id='word_1_337' title='bbox 803 3895 855 3928; x_wconf 77' lang='lat' dir='ltr'><strong>reor</strong></span> <span class='ocrx_word' id='word_1_338' title='bbox 870 3882 964 3942; x_wconf 70' lang='lat' dir='ltr'><strong>speret]</strong></span> <span class='ocrx_word' id='word_1_339' title='bbox 983 3883 1006 3933; x_wconf 92' lang='lat' dir='ltr'><strong>h.</strong></span> <span class='ocrx_word' id='word_1_340' title='bbox 1018 3899 1039 3932; x_wconf 91' lang='lat' dir='ltr'><strong>e.</strong></span> <span class='ocrx_word' id='word_1_341' title='bbox 1052 3887 1098 3934; x_wconf 77' lang='lat' dir='ltr'><strong>Aa.</strong></span> 
     </span>
     <span class='ocr_line' id='line_1_43' title="bbox 59 3941 1098 4012; baseline -0.003 -20"><span class='ocrx_word' id='word_1_342' title='bbox 59 3941 164 3992; x_wconf 79' lang='lat' dir='ltr'><strong>iectast</strong></span> <span class='ocrx_word' id='word_1_343' title='bbox 174 3941 292 4003; x_wconf 75' lang='lat' dir='ltr'><strong>exposita.</strong></span> <span class='ocrx_word' id='word_1_344' title='bbox 309 3941 423 3990; x_wconf 74' lang='lat' dir='ltr'><strong>(laesor.</strong></span> <span class='ocrx_word' id='word_1_345' title='bbox 598 3947 698 3990; x_wconf 70' lang='lat' dir='ltr'><strong>cunrat</strong></span> <span class='ocrx_word' id='word_1_346' title='bbox 731 3941 772 3990; x_wconf 85' lang='lat' dir='ltr'><strong>Sic</strong></span> <span class='ocrx_word' id='word_1_347' title='bbox 787 3957 851 4004; x_wconf 85' lang='lat' dir='ltr'><strong>supr.</strong></span> <span class='ocrx_word' id='word_1_348' title='bbox 862 3943 894 3992; x_wconf 79' lang='lat' dir='ltr'><strong>iv.</strong></span> <span class='ocrx_word' id='word_1_349' title='bbox 906 3959 943 4005; x_wconf 76' lang='lat'><strong>⁴²·</strong></span> <span class='ocrx_word' id='word_1_350' title='bbox 960 3963 1028 3996; x_wconf 77' lang='lat' dir='ltr'><strong>ream</strong></span> <span class='ocrx_word' id='word_1_351' title='bbox 1041 3965 1098 4012; x_wconf 65' lang='lat' dir='ltr'><strong>per.</strong></span> 
     </span>
    </p>
   </div>
   <div class='ocr_carea' id='block_1_5' title="bbox 61 4003 1098 4130">
    <p class='ocr_par' dir='ltr' id='par_1_17' title="bbox 61 4003 1098 4130">
     <span class='ocr_line' id='line_1_44' title="bbox 93 4003 1098 4066; baseline 0.008 -13"><span class='ocrx_word' id='word_1_352' title='bbox 93 4021 108 4053; x_wconf 76' lang='lat' dir='ltr'><strong>a</strong></span> <span class='ocrx_word' id='word_1_353' title='bbox 119 4007 243 4066; x_wconf 70' lang='lat' dir='ltr'><strong>meysam</strong></span> <span class='ocrx_word' id='word_1_354' title='bbox 248 4006 353 4066; x_wconf 77' lang='lat' dir='ltr'><strong>plebem]</strong></span> <span class='ocrx_word' id='word_1_355' title='bbox 364 4003 565 4066; x_wconf 68' lang='lat' dir='ltr'><strong>Reliquamnon·</strong></span> <span class='ocrx_word' id='word_1_356' title='bbox 597 4021 669 4066; x_wconf 72' lang='lat' dir='ltr'><strong>opere</strong></span> <span class='ocrx_word' id='word_1_357' title='bbox 679 4010 724 4065; x_wconf 85' lang='lat' dir='ltr'><strong>est,</strong></span> <span class='ocrx_word' id='word_1_358' title='bbox 734 4007 886 4056; x_wconf 68' lang='lat' dir='ltr'><strong>mutatione</strong></span> <span class='ocrx_word' id='word_1_359' title='bbox 893 4009 988 4059; x_wconf 84' lang='lat' dir='ltr'><strong>efficere</strong></span> <span class='ocrx_word' id='word_1_360' title='bbox 995 4018 1023 4060; x_wconf 88' lang='lat' dir='ltr'><strong>ut</strong></span> <span class='ocrx_word' id='word_1_361' title='bbox 1031 4013 1098 4061; x_wconf 86' lang='lat' dir='ltr'><strong>dnm-</strong></span> 
     </span>
     <span class='ocr_line' id='line_1_45' title="bbox 61 4067 788 4130; baseline 0.001 -12"><span class='ocrx_word' id='word_1_362' title='bbox 61 4071 125 4118; x_wconf 87' lang='lat' dir='ltr'><strong>dum</strong></span> <span class='ocrx_word' id='word_1_363' title='bbox 145 4067 220 4116; x_wconf 86' lang='lat' dir='ltr'><strong>animi</strong></span> <span class='ocrx_word' id='word_1_364' title='bbox 241 4073 309 4116; x_wconf 84' lang='lat' dir='ltr'><strong>motu</strong></span> <span class='ocrx_word' id='word_1_365' title='bbox 330 4075 477 4130; x_wconf 84' lang='lat' dir='ltr'><strong>corruptam,</strong></span> <span class='ocrx_word' id='word_1_366' title='bbox 496 4067 566 4115; x_wconf 89' lang='lat' dir='ltr'><strong>nibil·</strong></span> <span class='ocrx_word' id='word_1_367' title='bbox 598 4073 676 4117; x_wconf 87' lang='lat' dir='ltr'><strong>natur.</strong></span> <span class='ocrx_word' id='word_1_368' title='bbox 694 4069 788 4120; x_wconf 66' lang='lat' dir='ltr'><strong>Rosos.</strong></span> 
     </span>
    </p>
   </div>
   <div class='ocr_carea' id='block_1_6' title="bbox 61 4132 1098 4376">
    <p class='ocr_par' dir='ltr' id='par_1_18' title="bbox 61 4132 1098 4376">
     <span class='ocr_line' id='line_1_46' title="bbox 62 4132 1098 4200; baseline -0.002 -19"><span class='ocrx_word' id='word_1_369' title='bbox 62 4135 124 4182; x_wconf 74' lang='lat' dir='ltr'><strong>(lum</strong></span> <span class='ocrx_word' id='word_1_370' title='bbox 136 4132 294 4180; x_wconf 65' lang='lat' dir='ltr'><strong>mutilium</strong></span> <span class='ocrx_word' id='word_1_371' title='bbox 306 4132 567 4192; x_wconf 57' lang='lat' dir='ltr'><strong>habentemfflthuw</strong></span> <span class='ocrx_word' id='word_1_372' title='bbox 631 4149 646 4191; x_wconf 87' lang='grc'><strong>4</strong></span> <span class='ocrx_word' id='word_1_373' title='bbox 661 4135 713 4180; x_wconf 78' lang='lat' dir='ltr'><strong>Sua</strong></span> <span class='ocrx_word' id='word_1_374' title='bbox 733 4143 816 4195; x_wconf 76' lang='lat' dir='ltr'><strong>aptmlo</strong></span> <span class='ocrx_word' id='word_1_375' title='bbox 830 4137 932 4199; x_wconf 69' lang='lat' dir='ltr'><strong><em>swlm]</em></strong></span> <span class='ocrx_word' id='word_1_376' title='bbox 951 4140 1044 4187; x_wconf 73' lang='lat' dir='ltr'><strong>Vocem</strong></span> <span class='ocrx_word' id='word_1_377' title='bbox 1058 4143 1098 4200; x_wconf 61' lang='lat' dir='ltr'><strong>se.</strong></span> 
     </span>
     <span class='ocr_line' id='line_1_47' title="bbox 61 4194 1098 4258; baseline 0.008 -13"><span class='ocrx_word' id='word_1_378' title='bbox 61 4211 116 4246; x_wconf 83' lang='lat' dir='ltr'><strong>rem</strong></span> <span class='ocrx_word' id='word_1_379' title='bbox 142 4195 258 4258; x_wconf 76' lang='lat' dir='ltr'><strong>integram</strong></span> <span class='ocrx_word' id='word_1_380' title='bbox 284 4197 310 4244; x_wconf 85' lang='lat' dir='ltr'><strong>in</strong></span> <span class='ocrx_word' id='word_1_381' title='bbox 333 4195 449 4244; x_wconf 84' lang='lat' dir='ltr'><strong>concione</strong></span> <span class='ocrx_word' id='word_1_382' title='bbox 475 4194 566 4254; x_wconf 83' lang='lat' dir='ltr'><strong>audire,</strong></span> <span class='ocrx_word' id='word_1_383' title='bbox 598 4196 665 4252; x_wconf 75' lang='lat' dir='ltr'><strong>cicae,</strong></span> <span class='ocrx_word' id='word_1_384' title='bbox 679 4197 796 4258; x_wconf 87' lang='lat' dir='ltr'><strong>probante</strong></span> <span class='ocrx_word' id='word_1_385' title='bbox 807 4199 913 4250; x_wconf 79' lang='lat' dir='ltr'><strong>Gronov.</strong></span> <span class='ocrx_word' id='word_1_386' title='bbox 928 4203 1018 4250; x_wconf 85' lang='lat' dir='ltr'><strong>delevit</strong></span> <span class='ocrx_word' id='word_1_387' title='bbox 1034 4203 1098 4254; x_wconf 85' lang='lat' dir='ltr'><strong>Bek-</strong></span> 
     </span>
     <span class='ocr_line' id='line_1_48' title="bbox 61 4258 648 4376; baseline -0.005 -67"><span class='ocrx_word' id='word_1_388' title='bbox 61 4267 214 4376; x_wconf 45' lang='lat' dir='ltr'><strong>gtplpremt&#39;um</strong></span> <span class='ocrx_word' id='word_1_389' title='bbox 233 4261 264 4309; x_wconf 84' lang='lat' dir='ltr'><strong>de</strong></span> <span class='ocrx_word' id='word_1_390' title='bbox 279 4275 309 4309; x_wconf 83' lang='lat' dir='ltr'><strong>ea</strong></span> <span class='ocrx_word' id='word_1_391' title='bbox 324 4259 469 4309; x_wconf 81' lang='lat' dir='ltr'><strong>constituere</strong></span> <span class='ocrx_word' id='word_1_392' title='bbox 485 4259 565 4308; x_wconf 82' lang='lat' dir='ltr'><strong>vellet</strong></span> <span class='ocrx_word' id='word_1_393' title='bbox 598 4258 648 4307; x_wconf 83' lang='lat' dir='ltr'><strong>ker.</strong></span> 
     </span>
    </p>
   </div>
   <div class='ocr_carea' id='block_1_7' title="bbox 0 0 1457 4768">
    <p class='ocr_par' dir='ltr' id='par_1_19' title="bbox 0 0 1457 4768">
     <span class='ocr_line' id='line_1_49' title="bbox 0 0 1457 4768; baseline 0 0"><span class='ocrx_word' id='word_1_394' title='bbox 0 0 1457 4768; x_wconf 95' lang='lat' dir='ltr'><strong> </strong></span> 
     </span>
    </p>
   </div>
  </div>
 </body>
</html>
