2874 4772
372 225 468 292 LIB.
493 223 622 291 XXVI.
656 223 768 290 CAP.
792 229 844 289 38.
1070 232 1134 292 323

79 359 153 424 vice
167 372 325 446 pausatae.
372 360 539 448 Philippus
555 361 653 426 bostis
671 371 812 448 tempore
828 359 916 424 haud
930 361 1004 426 satis
1018 383 1134 449 oppor-
1145 375 1178 426 U.
1190 377 1220 427 c.
1236 391 1291 441 54²·

79 460 163 512 tuno
177 447 295 524 faetus3
322 446 430 513 Aetoli
444 448 519 512 novi
532 447 621 513 asciti
641 445 728 524 socii,
745 445 936 534 Attalusque
952 447 1049 512 Asiae
1063 471 1131 528 rex,
1142 442 1173 491 A.
1190 442 1220 492 ⁰·
1236 457 1291 494 ²¹⁰·

79 534 147 598 iam
161 532 249 598 velut
263 533 482 622 despondente
497 535 624 599 fortuna
638 532 793 598 Romanis
806 533 977 622 imperium
991 534 1129 602 orientis

80 619 363 708 Carthaginienses
388 643 517 708 quoque
542 623 591 686 Ca
613 643 687 686 uam
716 621 862 686 amusam
890 633 924 686 et
952 619 1131 688 Tarentum

77 719 211 795 captum
229 709 423 795 aequabant:
447 720 490 785 et,
505 721 542 773 ut
612 707 740 774 moenia
758 707 845 773 urbis
860 708 1026 774 Romanae
1041 709 1130 775 nullo

77 793 271 894 probibente
299 817 333 859 se
355 794 534 882 pervenisse
556 794 591 858 in
612 794 712 882 gloria
738 795 910 882 ponebant,
932 794 977 860 ita
1001 796 1131 882 pigebat

76 879 163 1032 inii
171 880 545 1046 tittnttlttt
551 881 718 1055 iiiii
725 881 1129 1034 titztttltltbt

78 989 271 1140 Hispanam
284 1054 461 1122 duceretur.
507 1052 598 1142 Ipsae
618 1077 747 1142 quoque
769 1053 954 1142 Hispaniae,
971 1077 1035 1142 quo
1055 1077 1129 1142 pro·

76 1140 153 1226 pius
172 1162 260 1228 spem
281 1154 442 1218 venerant,
464 1141 559 1206 tantis
575 1141 700 1206 duobus
720 1140 854 1206 ducibus
874 1141 1127 1230 exercitibusque

76 1227 187 1305 caesis,
208 1227 401 1294 debellatum
422 1227 477 1305 ibi,
497 1250 535 1292 ae
555 1227 662 1315 pulsos
685 1227 761 1294 inde
786 1229 948 1292 Romanos
969 1251 1056 1306 esse3
1088 1251 1128 1294 eo

76 1313 161 1400 plus,
176 1314 216 1379 ab
238 1313 276 1378 L.
288 1313 412 1380 Marcio
427 1314 633 1380 tumultuario
655 1315 736 1379 duce
758 1315 801 1380 ad
813 1336 931 1379 vanum
955 1328 989 1379 et
1002 1315 1128 1380 irritum

75 1400 243 1466 victoriam
272 1401 432 1467 redactam
462 1423 540 1479 esse,
568 1401 796 1488 indignationis
825 1401 1026 1490 praebebant
1077 1401 1128 1469 Ita

76 1501 236 1574 aequante
255 1487 392 1567 fortuna,
407 1509 559 1576 suspensa
580 1488 688 1553 omnia
706 1488 866 1576 utrimque
888 1500 989 1566 erant,
1004 1489 1128 1576 integra

75 1596 145 1675 spe,
174 1574 299 1662 integro
332 1587 430 1652 metu,
460 1573 547 1640 velut
579 1573 635 1639 illo
664 1587 806 1663 tempore
840 1575 978 1663 primum
1006 1575 1127 1640 bellum

74 1682 144 1726 mer
185 1675 264 1727 rent

159 1747 338 1814 annibalem
359 1761 434 1814 ante
454 1749 562 1814 omnia
581 1749 728 1835 angebat,
744 1748 832 1835 quod
849 1747 899 1814 Ca
920 1771 972 1827 ua,
987 1749 1126 1837 pertina-
1182 1762 1234 1825 38.

75 1833 148 1900 eius
169 1857 210 1922 op
233 1847 351 1922 ugnata
372 1836 413 1900 ab
435 1835 600 1913 Romanis,
616 1857 713 1924 quam
734 1834 865 1901 defensa
886 1771 925 1900 ab
946 1859 991 1913 se,
1009 1835 1126 1902 multo-
1135 1845 1285 1920 namneus

76 1920 184 1986 rumI
228 1923 275 1987 'ae
296 1921 487 2010 populorum
506 1921 629 1986 animos
645 1933 817 1986 averteratr
841 1944 921 2009 quos
935 1944 1041 2008 neque
1057 1917 1252 1986 manneus

76 2029 137 2072 nes
151 2019 260 2074 tenere
274 2007 449 2095 praesidiis,
464 2007 527 2072 nisi
540 2007 637 2073 vellet
650 2008 685 2072 in
704 2007 819 2072 multas
833 2029 1007 2096 parvasque
1022 2021 1126 2094 partes

76 2115 207 2181 carpere
224 2095 409 2172 exereitum,
426 2093 514 2194 quod
527 2095 658 2158 minime
679 2105 748 2158 tum
768 2093 968 2180 expediebat,
983 2106 1123 2180 poterat:

49 2203 150 2258 onec,
159 2181 304 2247 deductis
314 2181 489 2269 praesidiis,
499 2180 567 2268 spei
578 2179 711 2245 liberam
720 2179 773 2244 vel
781 2180 951 2244 obnoxiam
962 2180 1126 2247 timoriso·

77 2267 201 2332 ciorum
210 2269 389 2356 relinquere
399 2266 506 2332 fidem
536 2267 693 2354 Praeceps
702 2267 737 2330 in
745 2267 906 2331 avaritiam
915 2279 948 2331 et
957 2265 1126 2334 cmdelita·
1136 2281 1225 2332 vastat

49 1062 68 1110 8

76 2367 146 2420 tem
154 2353 596 2456 animmadspobandaquae
606 2353 689 2418 tueri
697 2353 861 2439 nequibat,
871 2365 907 2417 ut
915 2365 1035 2418 vastata
1042 2354 1126 2420 hosti
1135 2348 1273 2423 quaerunt

76 2441 342 2529 relinquerentur,
358 2440 531 2506 inclinavit
577 2439 618 2505 Id
631 2439 761 2506 foedum
772 2439 949 2540 eonsilium,
962 2462 1063 2527 quum
1076 2441 1126 2506 in.
1135 2417 1226 2474 nque.

76 2527 569 2615 u
615 2525 986 2679 ,a

102 2701 198 2790 uippe
219 2702 261 2768 ad
305 2703 389 2768 ltues
410 2699 602 2790 exemplum,
625 2723 722 2788 quarn
744 2700 913 2778 calamitas,
935 2699 1123 2789 pertinebat

75 2725 152 2853 blec
167 2790 276 2855 consul
320 2811 453 2856 omanus
467 2788 628 2854 tentandis
641 2788 781 2865 urbibus,
793 2787 925 2852 sicunde
993 2788 1125 2875 saliqua

75 2897 113 2940 se
130 2876 326 2954 ostendisset,
341 2875 459 2942 deerat
506 2875 650 2963 Salapiae
669 2875 771 2962 princi
813 2886 940 2939 serant
991 2874 1074 2940 asius
1091 2887 1275 2968 etBlattiuset

75 2961 231 3028 Blattiusr
256 2963 373 3028 Dasius
393 2961 570 3027 Hannibali
583 2961 720 3038 amicus3
745 2897 890 3037 Risimus,
907 2973 1063 3046 quantum
1082 2983 1124 3026 ex
1132 2955 1224 3067 pasius
1237 2959 1281 3008 ⁸³·

74 3061 149 3113 tuto
169 3061 301 3137 poterat,
316 3071 385 3114 rem
407 3048 587 3113 Romanam
601 3047 737 3124 fovebat,
752 3059 786 3110 et
805 3067 865 3133 per
886 3044 1027 3111 occultos
1041 3035 1262 3148 nun-pssfflpffi

74 3135 139 3200 tios
160 3158 248 3224 spem
269 3135 458 3224 proditionis
476 3135 594 3200 fecerat
614 3131 786 3209 Mareell03
811 3131 868 3196 sed
889 3131 957 3196 sine
980 3133 1123 3198 adiutore

74 3222 178 3288 Dasio
191 3245 241 3289 res
260 3222 391 3310 transigi
405 3243 471 3286 non
485 3234 617 3309 poterat.
664 3218 806 3284 Multum
820 3241 858 3282 ae
875 3217 933 3282 diu
947 3231 1121 3300 cunemtus,

74 3321 112 3374 et
134 3321 203 3376 tum
250 3331 357 3398 uoque
380 3307 479 3397 magis
502 3307 611 3396 inopia
633 3304 756 3371 consilii
779 3304 920 3393 potioris,
946 3327 1042 3392 quam
1066 3329 1122 3394 spe

73 3395 218 3476 effectus,
269 3399 370 3462 esium
389 3394 575 3483 appellabat.
622 3393 669 3457 At
682 3391 746 3470 ille,
762 3414 861 3479 quum
883 3392 922 3456 ab
935 3414 970 3456 re
986 3413 1120 3471 aversus,

74 3496 146 3548 tum
172 3484 297 3549 aemulo
325 3494 508 3571 potentatus
533 3480 689 3557 inimicus,
713 3501 781 3544 rem
811 3475 985 3543 Hannibali
1010 3480 1119 3566 aperit.

74 3571 240 3637 Arcessito
261 3585 407 3658 utroque,
423 3565 587 3634 Hannibal
601 3589 701 3654 quum
722 3589 780 3653 pro
799 3563 949 3631 tribunali
964 3565 1120 3652 quaedam

73 3670 193 3744 ageret,
219 3681 296 3722 mox
320 3657 361 3722 de
392 3655 510 3722 Blattio
623 3654 731 3732 'turus
755 3665 937 3753 starentque
963 3665 1120 3746 summoto

71 3743 196 3834 populo
217 3756 378 3810 accusator
397 3756 430 3808 et
450 3765 539 3809 reus:
595 3739 702 3806 lattius
720 3739 762 3805 de
783 3739 962 3827 proditioue
985 3739 1119 3805 Dasium

71 3830 262 3919 appellabat.
308 3829 521 3908 ‘Enimvero,'
535 3828 599 3906 ille,
613 3826 702 3893 velut
719 3827 755 3892 in
769 3825 934 3891 manifesta
954 3849 998 3904 re,
1014 3827 1119 3893 exele·

71 3932 151 3997 mat,
182 3919 261 3984 ‘sub
290 3917 389 3984 oculis
418 3915 608 3982 Hannibalis
636 3937 744 3980 secum
773 3913 813 3980 de
842 3911 1021 4001 proditione
1048 3915 1120 4002 agi.’

71 4134 173 4184 souma
192 4133 294 4183 adversa
315 4129 434 4195 prosperis
452 4145 580 4194 pensaren-
612 4129 638 4178 in
649 4145 678 4179 eo
689 4135 763 4191 statu,
773 4129 816 4178 ubi
827 4129 888 4179 fides
898 4144 983 4179 eorum
995 4129 1035 4176 vel
1048 4141 1118 4188 spem

72 4203 123 4247 tur.
139 4198 219 4248 esav.
612 4193 866 4255 reniaefelieiorisque
876 4191 1118 4264 conditionisaqu·

108 4262 124 4310 8
138 4263 246 4325 Proprie
332 4262 464 4321 morit]
482 4259 580 4308 sacar·
612 4257 691 4308 manis
703 4263 850 4306 odenatum
864 4256 940 4305 libere
950 4267 1027 4314 aequi,
1039 4253 1077 4300 vel
1088 4258 1118 4299 tr·

73 4325 244 4388 thsginiansea
256 4277 333 4376 m.
613 4337 680 4372 more
691 4321 787 4371 ooaeuti
798 4325 887 4383 posset
903 4320 983 4368 Grsv.

108 4403 124 4453 9
139 4391 196 4454 Spa·
208 4392 321 4451 literam]
344 4389 493 4450 Relinquera
505 4386 582 4437 socios
926 4448 945 4505 2
