3002 4798
384 207 479 273 LIB.
504 207 600 272 XXL
632 206 742 272 CAP.
767 213 820 273 50.
1085 213 1127 276 te

69 354 141 406 tem
185 353 278 420 state,
299 364 364 427 qua
384 344 445 430 ipsi
468 343 592 408 disiecti
614 343 729 420 forent,
752 365 823 408 eam
846 364 974 430 quoque
997 343 1127 409 classem
1139 357 1213 408 uc.
1227 369 1281 420 534·

67 429 113 491 ad
130 363 276 515 Aligetes
290 427 408 492 insulas
422 428 587 494 deiectam.
634 427 726 494 Haec
741 429 823 494 sicut
837 428 946 494 audita
960 442 1060 507 erant,
1070 453 1127 496 rex
1137 425 1167 472 Α·
1185 422 1214 472 ⁰·
1227 421 1283 470 ²¹⁸·

68 513 121 578 M.
139 513 284 579 Aelnilio
297 515 445 600 praetori,
462 515 552 580 cuius
565 514 672 580 Sicilia
686 527 754 580 erat
767 515 939 603 provincia,
994 516 1127 592 rscribit,

41 613 263 686 9monetque,
280 597 469 688 Lilybaeum
487 601 579 665 firmo
597 613 721 666 teneret
765 601 908 666 raesidio.
986 602 1129 690 xtemplo

67 697 104 749 et
120 687 211 750 circa
225 708 245 749 a
258 701 402 773 praetore
420 685 461 750 ad
479 687 622 752 civitates
641 687 727 752 missi
742 624 841 774 legati
861 687 1056 774 tribunique,
1095 687 1129 752 ui

44 793 151 836 rsuos
177 771 220 836 ad
245 795 354 836 curam
378 773 541 836 custodiae
567 772 789 850 intenderent3
813 787 886 838 ante
910 775 1018 838 omnia
1039 712 1129 862 Lily·

41 858 194 922 2baeum
209 859 325 923 teneri:
345 857 387 922 ad
400 871 585 946 apparatum
600 859 685 936 belli,
695 858 799 924 edicto
814 860 985 947 proposito,
1001 872 1038 924 ut
1051 860 1129 924 socii

66 943 205 1008 navales
227 943 339 1008 decem
362 944 486 1008 dierum
513 957 603 1010 cocta
627 944 745 1010 cibaria
765 945 806 1010 ad
831 968 927 1010 naves
949 944 1127 1022 deferrent3

67 1030 132 1093 nbi
153 1031 283 1116 signum
298 1029 408 1094 datum
422 1042 513 1108 esset,
530 1031 658 1118 nequis
681 1053 802 1095 moram
824 1031 1061 1097 conscendendi
1083 1031 1130 1096 sa·

42 1129 182 1181 acerete
206 1137 328 1202 perque
351 1138 478 1180 omnem
500 1137 596 1194 oram,
613 1117 669 1203 qui
692 1139 732 1180 ex
811 1117 891 1182 culis
912 1117 1129 1204 prospicerent

67 1202 305 1266 adventantem
330 1201 469 1266 hostiurn
491 1202 630 1267 classem.
679 1140 813 1266 Simili
869 1226 920 1280 ue,
944 1225 1128 1290 quanquam

67 1287 114 1352 de
133 1287 292 1352 industria
305 1289 417 1352 morati
432 1310 559 1352 cursum
581 1287 710 1352 navium
730 1301 821 1354 erant
868 1288 1127 1376 arthaginienses

69 1387 110 1438 nt
136 1386 211 1438 ante
238 1373 343 1439 lucem
363 1374 551 1439 accederent
571 1373 770 1462 Lilybaeum,
793 1397 996 1462 praesensum
1019 1387 1127 1439 tamen

68 1473 137 1537 est,
154 1460 231 1548 quia
244 1474 278 1524 et
291 1459 368 1524 luna
422 1483 503 1525 mox
518 1472 595 1537 erat,
611 1474 645 1524 et
658 1461 789 1526 sublatis
803 1461 1005 1525 armamentis
1019 1461 1128 1525 venie·

68 1547 176 1622 bant3
201 1546 363 1633 extemplo
419 1558 488 1611 tum
510 1567 529 1611 e
551 1545 687 1633 speculis
705 1545 842 1634 signum,
858 1559 892 1611 et
905 1547 939 1611 in
954 1546 1074 1634 oppido
1087 1545 1129 1610 ad

69 1655 168 1697 arma
181 1633 412 1698 conclamatum
427 1645 484 1710 est,
500 1645 533 1697 et
550 1633 585 1728 ip
599 1653 695 1698 naves
710 1655 934 1699 conscensum:
958 1655 1031 1720 pers
1045 1631 1129 1696 mili-

71 1731 150 1784 tum
172 1720 207 1782 in
229 1720 327 1783 muris
347 1731 573 1806 portarumque
594 1719 629 1782 in
648 1719 845 1796 stationibus,
883 1741 933 1784 ars
946 1719 980 1782 in
996 1719 1128 1784 navibus

74 1818 185 1870 erant.
233 1804 571 1892 EtCarthnginienses,
589 1805 666 1954 quia
686 1827 754 1869 rem
774 1805 841 1869 lore
905 1805 950 1870 ud
972 1827 1047 1870 cum
1068 1803 1129 1868 im·

71 1891 197 2041 paratis
212 1892 392 1969 cernebant,
408 1914 509 1978 usque
531 1892 572 1955 ad
607 1912 698 1955 uoem
722 1904 817 1979 portu
840 1913 875 1956 se
896 1891 1127 1967 abstinuerunt,

47 1997 64 2040 4
99 1977 248 2042 emendis
270 1977 471 2041 armamentis
486 1999 524 2042 eo
540 1990 682 2065 tempore
700 1977 903 2064 aptandaque
925 1977 966 2042 ad
988 2000 1010 2064 p

73 2063 179 2127 classe
201 2064 376 2149 absumpto.
423 2062 489 2128 Ubi
507 2063 624 2140 illuxit,
639 2085 787 2150 recepere
807 2060 939 2128 classem
961 2062 996 2126 in
1049 2075 1128 2138 tum,

75 2161 117 2212 ut
132 2149 269 2248 spatium
282 2171 409 2236 pugnae
424 2162 516 2226 esset,
532 2149 718 2248 exitumque
733 2147 868 2214 liberum
886 2173 904 2213 e
924 2159 1019 2236 portu
1034 2167 1129 2212 nares

74 2235 221 2298 bostrum
235 2235 396 2299 haberent.
443 2234 515 2300 Nec
531 2234 670 2299 Romam
692 2234 906 2299 detrectavere
928 2256 1079 2322 pugnam,
1095 2245 1129 2297 et

51 2321 235 2385 ememoria
256 2321 397 2386 circaea
416 2321 573 2408 ipsaloca
615 2331 752 2385 catarum
772 2343 878 2385 rerum
899 2319 981 2397 freti,
997 2333 1030 2384 et
1046 2318 1129 2383 mili·

76 2419 152 2470 tum
166 2406 372 2472 multitudine
388 2430 425 2471 ac
439 2407 564 2472 virtute.
638 2405 672 2470 bi
687 2407 721 2470 in
735 2405 834 2471 altum
850 2406 952 2471 evecti
966 2419 1050 2483 sunt,
1062 2405 1128 2470 Ro·
1185 2407 1238 2467 60.

76 2513 195 2557 manus
214 2513 379 2558 conserere
401 2513 552 2580 pugnam,
568 2504 602 2557 et
623 2515 664 2556 ex
684 2493 864 2580 propinquo
885 2493 968 2557 vires
987 2491 1129 2558 conferre
1139 2490 1279 2602 Pfftssgdffl·

1139 2569 1294 2681 lilibeum.

112 2681 274 2743 oblateraplo
295 2686 320 2729 et
339 2682 405 2728 airon
425 2697 442 2728 a
461 2679 588 2740 praetore]
623 2678 704 2728 caer.

79 2744 123 2792 Ex
138 2757 178 2792 rra
191 2743 370 2806 Flenpepesui
388 2758 445 2792 cum
461 2743 508 2792 Str.
520 2743 589 2804 prob.
655 2741 750 2790 aSoetl
767 2743 880 2802 naeahr]
899 2743 916 2792 i.
930 2759 951 2792 e.
972 2743 1031 2792 Non
1049 2745 1128 2792 solum

79 2807 161 2856 Drak.
180 2808 263 2868 Vulgo
283 2810 349 2856 eirea
367 2814 514 2870 praeterera,
530 2806 546 2854 i.
567 2821 588 2854 e.
622 2805 724 2867 remiges
740 2804 790 2853 sive
807 2813 905 2866 nautae,
921 2809 963 2856 sed
985 2807 1060 2855 etiam
1081 2808 1128 2870 ipsi

77 2871 144 2918 circa
165 2886 222 2919 eum
238 2872 330 2930 locum,
350 2870 393 2918 uhi
413 2877 511 2932 praeter
528 2874 587 2917 erat.
621 2868 719 2928 milites,
729 2883 832 2930 quorum
844 2869 969 2932 proprium
976 2885 1066 2919 munus
1076 2877 1129 2918 eret

78 2936 191 2982 Gronov.
209 2934 324 2996 iungebat
341 2937 417 2996 leuati
434 2937 501 2982 eirea
515 2949 588 2995 proe-
620 2933 683 2981 tueri
693 2932 861 2994 cerealiaque
871 2933 991 2996 praesidio
1002 2949 1060 2982 esse.
1072 2933 1127 2983 Pol.

77 3007 165 3058 terem,
186 2997 210 3046 h.
229 3013 250 3047 e.
272 2997 315 3072 qui
336 2998 401 3046 circa
421 2998 492 3046 illum
511 3002 589 3055 erant,
621 2995 699 3070 vlup
707 2998 779 3068 docet
785 2997 861 3070 cives,
872 2997 913 3058 qui
922 2997 1003 3045 minus
1013 3001 1128 3058 quattuor

78 3077 188 3123 eumque
204 3061 301 3110 bonone
317 3077 391 3110 causa
409 3061 591 3110 nectebantur
622 3059 702 3108 milha
712 3073 774 3107 aens
783 3074 809 3106 1n
823 3075 922 3108 censum
934 3060 1127 3119 defensasset

79 3125 173 3173 relictis
184 3123 310 3186 praesidiis
320 3124 512 3186 emacllntpp.
521 3124 588 3172 Suet.
623 3122 733 3170 nauticos
750 3137 809 3171 unu
826 3123 940 3172 reservari
962 3123 1046 3172 solitos
1068 3139 1128 3182 asse,

79 3190 153 3239 caea
166 3200 203 3250 27.
238 3189 321 3250 Vulgo
337 3194 420 3236 tamen
434 3186 529 3235 itadici
546 3188 590 3250 qai
622 3187 673 3244 sed,
691 3201 748 3234 eaeo
769 3185 878 3247 graviore
898 3193 1007 3247 urgente,
1025 3188 1129 3250 pedibus

79 3255 148 3302 eirea
169 3254 275 3315 diqaem
295 3259 362 3310 eunt,
385 3257 412 3302 ut
434 3250 457 3298 ol
477 3249 529 3312 erpi
546 3247 589 3297 rba
621 3247 886 3310 aliquandomemlsse.
913 3249 1126 3298 &eduardosli-

80 3313 207 3374 Πλάτωνα,
218 3321 302 3364 monet
314 3315 392 3363 Drak.
405 3315 470 3363 Ros.
621 3312 709 3360 bertini
721 3326 817 3372 quoque
828 3312 918 3360 ordinis
929 3327 960 3360 ex
972 3313 1065 3361 civibus
1076 3315 1127 3362 Ro

116 3383 212 3428 rante
228 3381 310 3428 amalo
331 3380 472 3440 Lilybaeum
494 3378 588 3426 teneri:
620 3375 701 3423 manis
721 3374 788 3423 hand
807 3389 861 3423 raro
880 3375 1053 3435 scribebantur,
1072 3376 1126 3426 inlr.

80 3443 348 3506 adapparutumlb']
368 3441 452 3490 Primo
460 3441 549 3502 supple
557 3453 588 3488 ex
621 3437 727 3499 xliim
745 3451 840 3486 necnon
848 3437 907 3486 socii
915 3438 1127 3489 maritimiltaliae

80 3509 243 3566 senardueeit
250 3513 360 3568 praeter.
394 3505 501 3562 Deinde,
512 3518 587 3566 quum
621 3501 718 3550 tertiam
738 3505 833 3564 partem
850 3516 1026 3564 nonnunquam
1043 3505 1127 3564 exple·

81 3585 131 3618 uuo
142 3575 226 3618 tenore
236 3569 357 3632 legeretur
371 3571 449 3619 teneri
465 3569 499 3616 ad
511 3583 587 3630 appo-
621 3566 687 3614 bant.
699 3564 758 3614 ibid.
771 3579 809 3627 31·

80 3641 164 3681 ratam
172 3632 392 3690 murmuravimus
398 3631 587 3689 distinctionem,
654 3643 668 3691 3
684 3631 783 3692 Perqm
799 3645 892 3679 omnem
908 3645 984 3688 wem,
1000 3629 1057 3692 qai]
1078 3631 1128 3690 ραι·

81 3703 107 3745 et
128 3695 158 3743 sl
178 3699 212 3744 od
231 3695 391 3758 intelligimus
413 3703 531 3758 praem.-
559 3699 588 3742 ut
619 3700 700 3751 mut,
711 3693 794 3755 pluras
810 3693 865 3742 edd.
880 3693 988 3742 Gronau
1005 3696 1042 3742 uti
1059 3709 1127 3757 repe

81 3775 166 3808 sennu
186 3760 227 3818 sit,
243 3765 340 3822 praeter
360 3765 506 3822 appetatum
528 3757 588 3806 belli
621 3759 729 3806 nendum
740 3756 1128 3821 suadeasedqae'hicidemquod

81 3823 199 3872 collatum
210 3823 318 3882 iam,aut
329 3822 404 3872 etiam
415 3822 588 3871 conterendum
621 3823 719 3884 quidem
730 3821 803 3869 velet

81 3887 203 3936 inurbem
216 3886 371 3948 Lilybaeum,
379 3891 522 3948 putearme,
530 3885 589 3943 tela,
654 3885 817 3944 metuendis
838 3885 1008 3945 annumeratis]
1033 3885 1126 3934 Instm-

82 3951 240 4010 trnmentum,
265 3955 312 4000 eto.
337 3949 490 4014 propositum
515 3947 589 3996 fusse
621 3948 710 3996 mentis
725 3948 834 4008 narium,
848 3948 874 3999 h.
889 3963 910 3998 e.
922 3949 1044 4010 antennis,
1059 3950 1127 4009 velis,

81 4013 189 4066 edictum
208 4013 334 4076 praetoris,
350 4029 399 4076 quo
417 4013 476 4062 socii
490 4012 589 4061 navales
621 4012 747 4073 malisque.

81 4077 313 4126 iuberenturdecem
321 4075 589 4126 dierumcoeteciberie
654 4088 668 4137 5
686 4077 759 4123 C'r'raa
772 4091 802 4125 ea
816 4077 872 4138 lpse
888 4077 952 4137 loeo]
972 4076 1077 4138 Aegates
1090 4075 1126 4124 iu-

81 4142 309 4192 ednevesrlel'erre.
341 4137 587 4190 Adnonrarosumi-
620 4138 697 4196 sulae,
718 4139 750 4186 ad
773 4153 834 4200 quas
855 4139 958 4188 celebris
979 4138 1023 4186 illa
1045 4153 1129 4200 pugna

82 4211 121 4254 tur
128 4207 197 4268 apud
209 4204 307 4254 Livium
318 4219 347 4254 eo
354 4219 426 4255 sensu
437 4218 511 4267 quem
520 4203 588 4252 volu·
621 4207 729 4264 pugnata
736 4207 782 4260 eet,
792 4217 842 4264 qua
853 4202 910 4251 victi
917 4201 1130 4264 carthaginienses

82 4277 184 4328 sinaut
200 4269 255 4317 infr.
270 4268 336 4317 xxvi.
349 4281 371 4332 5.
403 4270 446 4317 Aa
461 4269 538 4317 allum
552 4267 587 4315 m·-
621 4279 707 4328 pacem
727 4265 828 4328 petiere,
846 4279 896 4316 non
913 4267 986 4330 longe
1006 4267 1129 4315 abeunte

81 4349 173 4392 mrum,
183 4348 308 4395 equanam,
318 4347 488 4395 omnemnque
495 4345 587 4380 mum.
621 4329 747 4392 Lilybaeo.
758 4329 840 4380 (laur.
