3002 4798
409 219 505 286 LIB.
531 220 625 286 xxi
661 221 772 288 CAP.
798 227 850 287 22.
1116 231 1155 289 19

101 367 319 420 concesserat:
351 352 470 441 ibique,
493 355 618 432 auditis,
641 378 724 442 quae
748 355 880 432 Romae,
926 379 1049 444 uaeque
1075 358 1197 424 Car-U.
1210 377 1239 426 c.
1252 389 1299 438 534

103 441 235 526 thsgine
257 453 328 505 acta
350 440 541 526 decretaque
562 440 676 518 forent,
695 463 793 527 seque
815 465 879 506 non
902 379 1018 507 lluoem
1039 444 1151 522 solum,
1163 441 1192 489 A.
1210 441 1238 490 0·
1252 445 1305 489 ²¹³

100 527 160 590 sed
175 527 274 590 etiam
289 549 416 590 oausam
437 549 504 590 esse
519 525 604 603 belli,
620 527 742 613 partitis
761 526 995 614 divenditisque
1010 530 1153 618 reliquiis

100 611 251 698 praedae,
280 610 362 676 nihil
392 611 473 676 ultra
501 611 713 677 differendum
743 625 837 690 ratus,
869 613 1006 701 Hispani
1027 617 1152 702 generis

99 697 221 762 milites
242 710 412 762 convocat:
439 695 567 762 ‘Credo
589 719 649 798 ego
671 699 746 774 vos,'
763 699 877 785 inquit,
895 700 999 777 ‘socii
1015 714 1048 765 et
1068 702 1078 765 i
1102 720 1311 770 sosHannibnis

98 792 262 861 ‘camere
357 784 397 847 tis
412 783 558 848 omnibus
574 781 748 870 H1spaniae
760 806 802 871 po
825 784 895 861 ulis,
907 798 962 850 aut
976 725 1235 860 finiendamontio
1246 786 1277 834 “d

98 869 215 933 ‘nobis
230 870 270 933 m'
297 869 384 946 tiam,
400 869 506 933 exerci
580 893 621 934 ue
641 869 789 934 dimitten
813 893 848 934 os
862 893 939 947 esse,
955 886 1011 936 aut
1025 873 1059 936 in
1074 873 1150 938 alias
1158 849 1256 897 milites

99 963 221 1020 ‘terras
242 954 496 1020 transferendum
519 954 655 1021 belum:
687 955 733 1018 ita
754 957 840 1020 enim
866 956 926 1020 hae
951 972 1063 1044 gentes
1083 981 1149 1024 nou

98 1042 209 1128 ‘pacis
222 1041 335 1118 solum,
347 1040 404 1104 sed
417 1040 512 1106 etiam
527 1041 686 1118 victoriae,
698 1041 790 1105 bonis
803 1041 972 1119 florebunt,
983 1044 1010 1107 si
1025 1065 1065 1108 ex
1080 1045 1150 1109 aliia
1247 1042 1252 1052 '

98 1133 109 1164 ‘
161 1127 271 1191 ntibus
289 1125 440 1214 praedam
458 1139 491 1190 et
509 1126 642 1214 gloriam
663 1149 858 1226 quaeremus.
904 1127 1028 1228 Itaque,
1050 1153 1150 1216 quum

98 1221 109 1250 ‘
117 1149 299 1299 ldnginqua
312 1213 352 1276 ab
367 1211 463 1276 domo
477 1212 574 1276 instet
588 1212 710 1290 militia,
722 1213 941 1300 incertumque
957 1227 1006 1292 stt,
1020 1217 1149 1303 quando

97 1297 233 1362 ‘domos
248 1312 374 1375 vestras,
390 1311 423 1362 et
438 1319 519 1384 qnae
535 1299 650 1384 cuique
669 1299 713 1363 ibi
733 1321 806 1363 cara
819 1312 902 1376 sunt,
918 1301 1014 1364 visuri
1030 1302 1107 1379 sitis,
1122 1303 1149 1367 si

98 1385 195 1470 ‘quis
213 1397 352 1448 vestrum
372 1407 445 1448 suos
463 1383 599 1448 invisere
618 1383 696 1461 vult,
712 1398 923 1450 commeatum
943 1386 994 1451 do.
1040 1387 1149 1452 Primo

97 1479 205 1546 ‘vera
228 1469 330 1546 edico,
353 1470 479 1545 adsitis;
503 1482 549 1546 ut,
565 1469 626 1533 diis
647 1471 729 1534 bene
751 1471 942 1547 iuvantibus,
957 1471 1078 1536 bellum
1100 1473 1149 1536 in·

97 1565 108 1594 ⁴
116 1556 226 1642 gentis
239 1555 357 1643 gloriae
372 1555 571 1642 praedaeque
582 1555 725 1620 futurum
739 1556 946 1643 incipiamua'
991 1557 1149 1624 Omnibus

96 1642 166 1706 fere
182 1641 305 1706 visendi
320 1641 432 1706 domos
452 1641 558 1706 oblata
578 1641 661 1706 ultro
683 1655 821 1741 potestas
835 1655 925 1730 grata
944 1656 1021 1720 erat,
1037 1656 1070 1708 et
1085 1645 1147 1708 iam

95 1727 354 1792 desiderantibus
379 1749 461 1804 suos,
485 1740 518 1792 et
538 1726 664 1814 longius
686 1751 721 1790 in
742 1728 885 1792 futurum
910 1729 1149 1829 providentibus

96 1813 304 1878 desiderium.
350 1813 415 1878 Per
429 1825 532 1877 totum
548 1825 673 1900 tempus
688 1814 802 1878 hiemis
812 1814 904 1901 quies
917 1829 1001 1879 inter
1014 1815 1148 1894 labores,

96 1913 157 1964 aut
169 1899 234 1964 iam
248 1899 427 1975 exhaustos,
440 1913 497 1962 aut
506 1920 581 1964 mox
592 1899 834 1977 exhauriendos,
847 1901 1009 1965 renovavit
1019 1923 1150 1989 corpora

93 1986 287 2072 animosque
302 1985 344 2050 ad
357 1984 466 2049 omnia
480 1984 521 2048 de
535 1985 660 2070 integro
679 1985 837 2070 patienda.
884 1987 971 2052 Vere
990 1988 1094 2074 primo
1108 1987 1150 2052 ad

96 2071 242 2136 edictum
258 2092 445 2137 convenere.
674 2143 679 2150 Ι

145 2155 320 2233 Hannibal,
338 2177 438 2244 quum
460 2155 669 2220 recensuisset
690 2158 833 2220 omnium
856 2158 974 2221 auxilia
994 2159 1148 2245 gentium,
1158 2174 1299 2235 Apparatus

72 2242 212 2313 4Gades
226 2242 385 2343 profectus
400 2239 534 2306 Herculi
548 2254 623 2306 vota
638 2242 790 2306 exsolvit:
814 2243 967 2328 novisque
983 2265 1016 2307 se
1031 2243 1150 2330 obligat
1159 2236 1307 2285 H²¹¹¹¹¹¹³²¹l³

22 2371 26 2378 -
98 2329 192 2404 votis,
214 2351 241 2392 sr
263 2341 368 2393 cetera
412 2349 538 2414 rospera
563 2327 750 2391 evenissent
796 2326 878 2392 Inde
899 2327 1039 2414 partiens
1060 2300 1301 2394 ernss⁸db⁰¹¹¹¹¹¹''

98 2414 197 2478 simul
211 2415 245 2478 in
260 2349 462 2478 inferendum
478 2425 573 2499 atque
588 2411 761 2478 arcendum
776 2412 906 2490 bellum,
921 2436 973 2492 ne,
989 2415 1066 2479 dum
1082 2415 1149 2502 ipse
1242 2457 1244 2466 ι

99 2501 241 2564 terrestri
254 2521 313 2586 per
333 2498 521 2586 Hispmiam
544 2497 728 2586 Galliasque
746 2499 859 2564 itinere
876 2499 999 2564 ltaliam
1017 2513 1149 2588 peteret,

98 2585 189 2649 nuda
216 2598 388 2673 apertaque
419 2584 572 2650 Romanis
599 2584 709 2648 Africa
730 2586 770 2649 ab
794 2584 902 2650 Sicilia
930 2599 1022 2663 esset,
1045 2587 1149 2652 valido

97 2671 258 2758 praesidio
272 2671 398 2735 firmare
419 2692 490 2735 eam
510 2671 628 2734 statuit.
675 2670 739 2735 Pro
754 2693 793 2736 eo
808 2671 1064 2758 supplementum
1080 2673 1148 2760 ipse

96 2779 142 2822 ex
164 2756 284 2834 Abies,
306 2757 445 2822 maxime
466 2756 684 2832 iaculatorum,
707 2756 825 2821 levium
847 2759 951 2834 armis,
1016 2758 1084 2835 tiit;
1112 2773 1148 2822 ut

98 2842 174 2908 Atii
188 2844 223 2907 in
239 2841 404 2930 Hispania,
417 2843 451 2906 in
467 2841 577 2906 Afiioa
591 2840 738 2928 Hispani,
751 2841 863 2907 melior
872 2781 1037 2929 proculdb
1052 2844 1148 2908 domo

73 2929 226 2996 sfuturus
255 2941 389 3016 uterque
419 2927 518 3006 miles,
541 2927 629 2992 velut
653 2929 773 2992 mutuis
793 2928 978 3028 pignoribus
1007 2928 1148 3016 obligati,

72 3015 261 3131 6stipendia
274 3015 422 3115 lacerent.
468 3013 639 3113 Tredeeim
658 3013 1148 3165 lllfflllfioicnngfflmsfqudliqua·

74 3099 968 3273 stittittniffinffit?eqntttsst
983 3123 1030 3251 ἓξ
1039 3113 1148 3251 tii}

97 3271 251 3358 gentibus
272 3271 358 3337 mille
380 3270 543 3336 ducentos.
604 3269 673 3334 Has
694 3271 801 3356 copias
821 3271 936 3355 partim
960 3271 1146 3357 Carthagini

98 3356 259 3445 praesidio
272 3379 351 3435 esse,
366 3357 481 3444 partim
499 3355 646 3421 distribui
664 3377 723 3454 per
742 3354 883 3418 Africam
900 3355 998 3419 iubet
1046 3355 1147 3420 Simul

99 3442 367 3528 conquisitoribus
395 3444 430 3508 in
458 3442 600 3509 civitates
629 3440 740 3516 massis,
767 3451 916 3525 quattuor
944 3440 1044 3504 millia
1072 3464 1148 3506 con·

97 3529 217 3628 scripta
234 3528 376 3594 delectae
397 3529 579 3604 iuventutis,
620 3525 790 3591 raesidium
810 3524 939 3590 eosdem
959 3536 993 3590 et
1006 3526 1146 3604 obsides,

100 3615 177 3679 duci
193 3614 421 3702 Carthaginem
437 3615 534 3680 iubet
616 3635 698 3700 eque
720 3610 909 3698 Hispaniam
923 3611 1147 3699 negligendam
1210 3617 1260 3678 22.

135 3899 150 3940 4
167 3883 260 3940 ama]
283 3881 324 3930 De
343 3880 442 3939 celebri,
460 3881 525 3942 qnod
546 3879 609 3929 Her·
643 3877 1150 3942 anastasianaqnpetmtmuraeen

101 3944 151 3994 eali
160 3944 236 4006 Tyrio
246 3944 280 3993 ibi
288 3948 438 3994 exstructum
449 3943 505 4004 fuit,
516 3943 610 4006 templo
642 3943 770 3991 dicuntur:
788 3948 870 3991 eastra
886 3943 952 3991 enim
970 3958 1073 4005 pervum
1090 3945 1149 3994 His

101 4009 182 4057 multa
198 4008 297 4071 collegit
312 4007 429 4058 Bochart.
441 4007 531 4069 Geogr.
543 4007 609 4056 Saer.
643 4021 761 4070 panorum
773 4010 798 4054 et
810 4005 924 4055 snorum
935 4013 1032 4056 scutum
1045 4009 1148 4066 loreum,

102 4088 127 4135 p.
143 4069 194 4120 1⁶6.
205 4069 260 4121 610.
278 4072 362 4122 Dosa.
642 4071 724 4132 peltas
738 4068 825 4118 simile.
842 4071 950 4120 Sanora.
971 4071 1001 4120 οἰ.
1014 4071 1068 4121 infr.
1079 4071 1147 4120 xxiii.

135 4149 149 4199 5
165 4137 315 4196 Pianon'bm
328 4136 441 4197 obbaob]
460 4135 490 4184 of.
505 4135 560 4183 Pol.
575 4133 609 4182 iii.
642 4131 681 4182 26.
699 4132 766 4180 xxxi.
779 4131 817 4194 36.

102 4214 141 4262 33.
167 4197 314 4258 ἔκδυμεύυν
333 4198 380 4255 ria
398 4197 514 4261 ὃκατὸρυν
529 4195 610 4246 aloru
680 4197 857 4257 7Funclitorss
875 4197 1002 4258 Baliares]
1030 4197 1148 4246 Peritissi·

101 4261 134 4314 εἰς
145 4261 274 4320 ἀλλήλω.
644 4273 706 4316 mos,
723 4273 754 4306 ex
771 4258 857 4306 insidis
872 4259 1019 4320 Baliaribus,
1032 4261 1083 4309 sive
1101 4261 1148 4310 Ba·

134 4325 149 4375 6
166 4328 266 4376 Pedites
282 4328 414 4386 caetratos]
433 4325 525 4388 Agiles,
543 4325 611 4374 len's·
644 4321 759 4380 learibns,
769 4321 827 4370 hod.
837 4325 996 4447 Molorosbet
1007 4325 1129 4372 Minores.
