2878 4772
314 209 432 298 'ms
457 231 621 300 xxvrn
651 233 762 301 cue.
787 237 816 302 r.
1034 237 1098 304 tor

43 364 158 432 cidem
172 367 248 433 inde
263 367 407 454 protinus
417 369 540 434 victrici
554 369 651 434 clame
666 369 763 456 petit:
781 369 836 436 ubi
850 368 1097 457 haudquaquam
1108 385 1142 436 U.
1154 387 1185 438 c,
1201 399 1255 449 545·

14 453 95 554 ⁹?‘l
110 475 200 540 spem
214 467 348 554 eventus
362 454 546 556 respopdit..
572 454 623 520 Fur
637 455 760 556 petenti
777 457 939 556 utrimque
954 469 1097 558 coactum
1106 449 1256 564 &Suffl-

44 552 675 713 tetddilffitttttttltt
711 555 1099 694 ‘siddimi
1106 577 1256 690 istm·

46 711 147 776 statio
162 724 218 776 est
253 711 339 776 Nam
351 725 384 778 et
393 712 481 777 venti
496 713 536 776 ab
551 712 715 798 utriusque
730 725 832 778 terrae
847 712 993 799 praealtis
1008 735 1099 779 mon·
1108 727 1223 793 Euripus

47 796 139 862 tibus
150 797 246 863 subiti
257 819 294 862 sc
304 797 470 884 procellosi
480 820 514 862 se
525 797 688 875 deficiunt,
698 811 732 862 et
741 798 858 863 fretum
869 799 974 885 ipsum
986 799 1099 887 Euripi

46 904 120 947 non
139 884 255 970 septies
274 881 337 960 die,
353 885 434 948 sicut
453 883 537 948 fama
554 883 625 961 fert,
640 883 836 970 temporibus
854 884 942 949 statis
960 885 1026 950 reci
1048 908 1100 950 ro-

20 980 124 1034 rcat:
152 970 210 1033 sed
231 982 350 1034 temere
373 969 408 1032 in
429 968 560 1034 modum
582 969 680 1047 venti,
703 991 789 1034 nunc
814 969 889 1047 huc,
911 992 998 1035 nunc
1023 993 1035 1034 1
1060 993 1100 1036 uc

46 1076 144 1119 verso
155 1056 244 1133 mari,
255 1054 344 1121 velut
353 1067 462 1120 monte
472 1055 639 1143 praecipiti
651 1054 819 1122 devolutus
834 1068 955 1122 torrens
969 1056 1098 1143 rapitur.

47 1137 106 1206 Ita
119 1161 180 1206 nec
193 1153 297 1218 nocte,
309 1163 370 1207 nec
384 1140 437 1206 die
452 1141 543 1242 quies
557 1142 690 1208 naribus
704 1143 805 1208 datur.
843 1143 954 1217 Quum
968 1142 1100 1207 classem

48 1238 121 1290 tam
135 1226 250 1292 infesta
263 1228 356 1292 statio
371 1241 504 1314 acceplt,
519 1240 588 1292 tum
606 1241 639 1293 et
655 1227 820 1315 oppidum,
835 1228 897 1293 aha
909 1241 998 1315 parte
1012 1228 1100 1294 elsu-

48 1333 126 1378 sum
155 1312 330 1390 marialis
355 1314 394 1378 sb
420 1325 503 1378 terra
531 1313 657 1400 egregie
683 1315 852 1392 munitum,
878 1314 1099 1400 praesidioque

48 1397 160 1462 valido
185 1398 355 1475 firmatum,
381 1411 415 1464 et
439 1399 607 1485 praecipue
633 1399 697 1462 fide
745 1399 955 1465 raefectorum
983 1400 1101 1486 princi·

49 1506 207 1571 pumque,
230 1506 311 1570 quae
336 1483 424 1548 fluxa
445 1496 478 1551 ct
498 1506 580 1550 vana
601 1483 688 1570 apud
742 1507 832 1550 reum
853 1484 966 1561 fuerat,
988 1485 1100 1552 stabile

49 1581 152 1655 atque
167 1569 413 1658 inexpugnabile
427 1569 496 1634 fuit
542 1569 582 1634 Id
596 1569 779 1657 prudenter,
795 1582 831 1634 ut
849 1571 883 1635 in
899 1583 1017 1636 temere
1033 1593 1100 1636 eus-

51 1667 149 1742 cepts
162 1678 206 1733 re,
219 1655 384 1720 Romanus
395 1654 481 1732 fecit,
493 1655 590 1741 quod,
603 1655 838 1756 circumspectis
852 1655 1099 1736 difficultatibus,

51 1763 97 1806 ne
108 1741 223 1806 trusos
236 1753 361 1826 tempus
376 1754 501 1819 tereret,
513 1741 658 1806 celeriter
671 1741 791 1808 abstitit
804 1743 943 1829 incepto,
955 1743 1101 1810 clamem·

51 1849 119 1926 que
131 1825 206 1890 inde
217 1826 260 1976 pff
273 1825 404 1913 Cynum
415 1821 564 1926 locridis
571 1829 763 1930 (emporium
779 1827 813 1926 id
827 1841 875 1893 est
886 1829 973 1894 urbis
986 1829 1101 1916 Opun-

22 1947 40 1984 2
52 1926 220 2085 nol'lhiliipn
230 1933 438 2084 urhlieatsignuiels
451 1913 914 2074 ibmgiledltdditffldhiierant,
931 1998 987 2064 sed
1001 1999 1100 2064 serius
1190 2051 1198 2068 .

51 2083 191 2150 Platoris
205 2021 314 2150 Fraude
330 2107 348 2148 e
363 2084 491 2184 specula
504 2083 598 2150 elati:
622 2097 655 2148 et
674 2083 787 2170 impari
806 2084 969 2148 maritimis
983 2084 1101 2150 viribus

52 2169 143 2235 haud
162 2169 261 2234 facilis
283 2183 352 2234 erat
374 2193 409 2234 m
432 2169 568 2234 insulam
590 2168 681 2233 classi
704 2191 855 2234 accessus.
901 2167 952 2234 Ita
973 2191 1023 2234 res
1044 2192 1103 2257 per

51 2255 292 2321 cunctationem
307 2255 430 2320 omissa.
475 2255 532 2318 Ad
548 2253 711 2320 Chalcidis
725 2253 890 2331 auxilium,
905 2255 960 2320 ubi
975 2255 1101 2342 signum

51 2341 341 2492 mpitffge
363 2353 413 2406 est
433 2351 545 2406 motus
568 2377 573 2385 ,
591 2339 678 2404 Nam
699 2341 821 2426 etipsa
844 2339 982 2440 Chalcis,
1000 2352 1236 2442 quan-dhuoda

82 2451 154 2492 uam
169 2428 199 2492 ei
259 2449 311 2492 em
325 2426 446 2492 insulae
462 2427 536 2492 urbs
550 2439 607 2504 est,
623 2438 730 2491 umen
750 2425 829 2490 odeo
849 2438 917 2491 urto
936 2422 1178 2492 mersen-⁸¹²⁰*

84 2514 146 2578 'tur
163 2513 254 2590 freto,
270 2525 424 2601 utponte
444 2511 621 2578 continenti
640 2512 798 2614 iungetur,
815 2523 961 2598 terraque
981 2513 1103 2578 editum

26 2599 240 2676 3faciliorem,
260 2623 357 2686 quam
379 2599 468 2677 mari,
487 2598 611 2665 habeat
656 2597 759 2685 Igitur
780 2598 958 2686 Philippus,
977 2598 1103 2666 deiecto

54 2684 1105 2858 nur

822 2818 832 2849 9

54 2857 167 2944 vigilia
190 2857 359 2944 proiectus,
384 2855 524 3010 trgpisdos
546 2856 654 2922 hostes
677 2855 867 2922 Heracleam
891 2856 1103 2943 compulisset,

28 2965 235 3096 ⁴¹elilileiitdil.
243 2941 1234 3115 dllioilldhdlfemkelldidlibfflomrssdmdphedtidinuidopuntio-

57 3117 135 3182 urbs
158 3129 251 3202 capta
273 3115 488 3202 diripiebatur.
536 3114 746 3179 Concesserat
769 3135 840 3178 eam
865 3113 1015 3199 praedam
1036 3108 1234 3200 regifflmu'b·

59 3201 230 3289 Sulpicius,
243 3202 321 3288 quia
336 3202 458 3267 Oreum
472 3223 589 3287 psucos
603 3211 677 3264 ante
691 3199 760 3263 dies
774 3199 814 3264 ab
831 3198 978 3263 Romano
993 3198 1103 3278 milite,
1113 3171 1226 3283 ffioffb

57 3288 244 3376 expertibus
257 3287 362 3374 regiis,
376 3287 537 3372 direptum
551 3286 661 3350 fuerat.
714 3284 824 3358 Quum
841 3283 988 3349 Romana
1001 3283 1105 3350 classis

58 3399 100 3441 eo
123 3397 157 3439 se
180 3374 359 3473 recepisset,
383 3371 522 3471 Attalus,
546 3371 673 3520 ignarus
696 3368 851 3434 adventus
874 3369 961 3435 Phili
981 3371 1027 3520 pi,
1050 3393 1107 3458 pe-

58 3460 164 3526 cuniis
183 3483 203 3525 a
221 3459 416 3548 principibus
436 3479 553 3544 exigen
576 3479 602 3520 rs
625 3456 747 3520 terebat
767 3468 902 3543 tempus.
1004 3479 1106 3543 eoque

93 3667 110 3716 9
125 3653 169 3700 Er
179 3652 277 3714 potami
287 3651 410 3712 utrimque
420 3655 528 3699 wascum
540 3648 568 3696 ia
599 3653 629 3696 ut
649 3661 766 3696 numento
787 3661 904 3710 passuum
926 3661 982 3696 cunr
1004 3661 1043 3707 eo,
1063 3646 1106 3709 qui

59 3717 190 3778 numatius
206 3715 287 3774 me]
312 3713 393 3772 Mare,
410 3713 476 3776 quod
492 3711 567 3760 utrin-
599 3712 667 3786 apud
682 3711 826 3785 Stratonem
840 3709 873 3760 ix.
889 3725 914 3773 p.
926 3721 981 3772 425.
996 3716 1042 3769 est,
1056 3726 1106 3760 ma·

60 3794 119 3842 que,
129 3780 161 3827 ed
172 3780 283 3827 dextram
298 3782 324 3826 et
337 3778 369 3825 ed
384 3775 514 3835 sinistram,
525 3789 567 3838 pe·
599 3789 636 3838 gn
652 3779 790 3832 conveniat,
805 3773 977 3823 rr‚r.11.h.e.
991 3775 1039 3824 duo
1054 3777 1106 3824 mil-

59 3849 117 3892 tens
127 3847 153 3892 et
161 3847 276 3904 apertum
286 3847 332 3900 err,
342 3855 372 3890 eo
386 3840 441 3888 loco
456 3845 568 3888 comtum
600 3839 636 3887 lia
726 3852 777 3897 um,
792 3837 923 3899 legendum
941 3838 1002 3896 vult,
1014 3837 1107 3900 quippe

59 3906 88 3956 in
106 3906 240 3969 angustias,
254 3904 362 3967 speciem
377 3902 468 3966 gemini
485 3900 570 3965 portus
601 3901 657 3952 Stra
674 3917 689 3951 o
706 3900 847 3962 quindecim
864 3900 943 3950 stadia
958 3917 974 3950 s
991 3903 1052 3952 meri
1071 3917 1107 3952 ro-

59 3971 366 4083 c
468 3971 570 4028 ”re
634 4031 1106 4092 mu,

98 4099 162 4146 1121
180 4097 276 4148 nudem
297 4096 377 4156 tend]
401 4092 570 4152 Quamsdmo
603 4093 675 4142 Haec
687 4095 761 4142 verba
776 4099 830 4154 post
843 4094 1109 4157 oiptltaprossctusin·

62 4162 124 4212 dum
140 4165 226 4211 ventus
240 4165 341 4218 temme,
355 4173 435 4220 neque
449 4156 520 4206 statis
535 4171 572 4205 re·
602 4157 705 4206 serenda
715 4162 798 4206 censet
808 4157 954 4214 crevierius,
962 4163 990 4206 ut
1001 4172 1064 4219 quac
1075 4155 1110 4203 ita

62 4240 165 4300 ennena
179 4223 280 4284 vicibus,
297 4223 370 4272 flatus
391 4221 510 4272 immittat
532 4221 572 4271 vel
603 4219 682 4292 magis
705 4219 793 4270 rationi
815 4219 1000 4282 Geogrephicae
1022 4233 1109 4268 eonve-

63 4293 207 4402 relimlliilk
223 4351 356 4418 munt]
387 4345 572 4410 Wssselingius,
604 4288 797 4408 anlltoctdts]
814 4361 848 4397 sc.
861 4345 962 4412 Urbem
