2966 4778
378 245 474 312 LIB.
498 243 613 310 XXIL
647 239 759 310 CAP.
783 250 834 310 29.
1090 249 1132 312 89

78 395 115 444 et
128 379 286 445 sollertiae
310 379 399 445 Fabii
420 379 590 445 dimidium
611 380 727 445 virium
748 377 927 446 decessisse.
947 375 950 382 ’
973 377 1132 446 Tumulus
1142 399 1176 452 u,
1188 399 1217 450 c,
1234 409 1289 462 5³5·

77 471 150 531 erat
167 466 252 531 inter
272 479 374 531 eastra
394 465 534 531 Minucii
549 467 731 532 Poenorum
755 489 804 532 ue.
851 465 936 531 Eum
958 467 1015 554 qui
1037 465 1171 534 occu-k
1188 466 1219 516 ⁰·
1234 477 1289 526 ²¹7·

172 566 195 630 t,
218 552 305 617 haud
327 553 423 618 dubie
446 553 638 641 iniquiorem
660 489 831 619 erat(lrosti
854 553 960 619 locum
982 554 1130 620 facturos.

77 575 171 703 ffi
190 661 256 703 non
278 652 344 702 tam
373 661 486 726 capere
515 639 583 704 sine
605 639 778 705 certamine
800 639 927 705 volebat
956 639 1131 719 Hannibal,

76 723 281 824 (quanquam
295 725 329 790 id
344 747 459 813 operae
478 726 616 813 pretium
637 725 720 812 erat)
732 748 830 812 quam
845 749 972 791 causam
986 727 1133 793 certami-

77 833 131 876 ms
142 833 216 875 cum
232 809 390 889 Minucio,
402 833 499 898 quem
510 833 577 876 sem
619 833 851 878 roocursurum
862 813 903 878 ad
914 813 1132 880 obsistendum

77 897 157 962 satis
175 897 305 976 sciebat,
321 897 517 963 contrahere.
563 834 655 986 riget
673 898 777 963 omnis
796 898 922 964 medius
943 911 1011 964 erat
1030 901 1133 987 prima

77 983 187 1070 specie
216 983 340 1048 inutilis
365 983 552 1061 insidiatori,
597 985 652 1050 uia
671 1006 738 1049 non
760 984 857 1049 modo
878 985 1019 1050 silvestre
1042 986 1133 1073 quic·

77 1092 189 1156 quam,
204 1070 261 1135 sed
283 1093 325 1135 ne
345 1071 494 1158 vepribus
516 1007 647 1158 quidem
669 1071 820 1136 vestitum
837 1070 990 1136 habebat:
1014 1072 1132 1160 reipsa

77 1170 175 1220 naurs
195 1156 341 1243 tegendis
359 1157 493 1234 insidiis,
509 1180 549 1222 eo
569 1157 669 1244 magis
687 1157 774 1245 quod
791 1157 827 1220 in
846 1157 935 1222 nuda
948 1157 1029 1222 valle
1044 1157 1134 1224 nulla

78 1241 153 1306 talis
173 1241 259 1307 fraus
288 1243 393 1308 timeri
414 1255 557 1331 poterat:
596 1256 630 1308 et
651 1256 742 1308 erant
763 1244 797 1307 in
819 1243 1012 1309 anfractibus
1037 1267 1131 1309 cavae

77 1350 187 1416 rupes,
203 1341 240 1394 ut
254 1329 410 1416 quaedam
425 1352 533 1395 earum
553 1329 696 1396 ducenos
715 1343 850 1394 armatos
864 1343 994 1418 possent
1008 1353 1129 1418 capere.

78 1413 121 1478 In
141 1415 199 1479 has
219 1415 364 1494 latebras,
380 1429 461 1504 quot
482 1439 579 1504 quem
602 1438 642 1481 ue
664 1416 770 1481 locum
792 1430 866 1504 apte
888 1417 1025 1482 inndere
1040 1425 1257 1504 pote-'Insidiae

77 1513 162 1578 rant,
198 1501 341 1589 quinque
376 1502 475 1566 millia
512 1439 695 1566 conduntur
727 1502 874 1590 peditum
911 1503 1056 1590 equitum
1080 1526 1130 1570 ue.

79 1585 212 1652 Necubi
226 1600 334 1652 tamen
349 1600 405 1653 aut
419 1600 524 1652 motus
538 1587 671 1653 alicuius
685 1601 804 1654 temere
820 1589 946 1676 egrami,
959 1601 1015 1654 aut
1096 1613 1133 1654 or

77 1695 240 1738 annorum
261 1673 405 1739 fraudem
426 1675 461 1737 in
482 1673 563 1738 valle
593 1687 659 1738 tam
680 1688 790 1762 aperta
810 1675 991 1762 detegeret:
1029 1675 1132 1741 missis

78 1759 191 1846 paucis
205 1760 308 1847 prima
323 1759 396 1825 luce
417 1759 460 1824 ad
481 1759 682 1847 capiendum,
721 1783 796 1825 uem
817 1773 891 1826 ante
914 1761 1064 1840 diximus,
1080 1775 1132 1827 tu·

78 1844 215 1923 mulum,
238 1846 351 1911 avertit
372 1845 480 1911 oculos
501 1845 648 1911 hostium.
699 1784 808 1912 inmo
831 1848 937 1913 statim
959 1861 1140 1936 conspectu

77 1943 265 2018 contempta
286 1932 445 2020 paucitas:
477 1955 514 1998 ac
535 1932 595 1997 sibi
617 1933 753 2021 quisque
773 1933 945 2034 deposcere
967 1934 1132 2021 pellendos

50 2016 157 2081 4inde
172 2017 288 2083 hostes.
335 2017 390 2083 Ad
404 2018 511 2084 locum
526 2019 716 2107 capiendum
733 2019 800 2084 dux
814 2041 882 2106 ipse
898 2020 981 2084 inter
995 2019 1132 2085 stolidis·

78 2103 178 2168 simos
199 2103 471 2192 ferocissimosque
494 2105 537 2170 ad
558 2127 645 2170 arma
665 2117 774 2182 vocat3
798 2117 831 2169 et
852 2105 942 2169 vanis
963 2106 1077 2171 animis
1098 2119 1132 2172 et

51 2189 177 2256 eminis
191 2190 335 2279 increpat
350 2191 482 2256 hostem.
523 2190 686 2278 Principio
700 2191 803 2256 levem
818 2204 1007 2256 armaturam
1022 2191 1132 2257 dimit·

76 2276 128 2353 tit,
146 2275 263 2342 deinde
275 2277 417 2342 conferto
432 2277 558 2378 agmine
570 2278 669 2342 mittit
679 2277 820 2364 equites:
844 2291 1013 2364 postremo,
1029 2300 1130 2364 quum

75 2361 225 2427 hostibus
238 2385 368 2451 quoque
379 2364 520 2430 subsidia
534 2363 618 2428 mitti
633 2362 765 2442 videret,
777 2363 938 2428 instructis
952 2363 1130 2451 legionibus

49 2448 234 2536 oprocedit
280 2449 325 2514 Et
346 2448 518 2527 Hannibal,
534 2449 749 2514 laborantibus
771 2449 836 2514 suis
857 2449 919 2515 alia
940 2462 1035 2538 atque
1057 2450 1273 2533 aliaPugnain-

77 2548 242 2600 crescente
262 2535 444 2612 certamine,
461 2536 590 2601 mittens
611 2535 730 2600 auxilia
747 2536 894 2622 peditum
908 2537 1175 2624 equitumque,ter
1186 2533 1283 2584 Hann-

76 2621 145 2685 iam
159 2621 274 2686 iustam
289 2621 471 2709 expleverat
485 2621 596 2699 aciem,
612 2645 648 2686 ac
664 2622 739 2687 totis
753 2622 913 2710 utrimque
927 2622 1046 2689 viribus
1061 2645 1129 2689 cer·
1137 2598 1288 2714 ffldffm·

77 2708 214 2772 tabatur.
238 2707 347 2772 Prima
356 2706 434 2772 levis
448 2721 606 2773 armatum
616 2708 848 2786 Romanorum,
862 2723 1129 2797 praeoccupatum

77 2793 228 2858 inferiore
248 2793 319 2858 loco
338 2793 512 2859 succedens
531 2793 700 2872 tumulum,
714 2793 806 2882 pulsa
825 2795 1015 2945 detrusaque
1030 2812 1130 2862 terro·

76 2901 149 2943 rem
163 2879 199 2943 in
212 2879 438 2945 succedentem
457 2879 566 2945 intulit
585 2881 736 2968 equitem,
752 2895 786 2946 et
804 2881 846 2945 ad
863 2881 953 2970 signa
978 2904 996 2945 e
1020 2883 1129 2948 ‘ouum

75 2988 113 3032 re
173 2966 208 3031 't.
251 2965 402 3030 Peditum
418 2965 502 3031 acies
520 2967 605 3032 inter
623 2967 783 3054 perculsos
797 2966 957 3054 impavida
970 2989 1005 3032 so
1051 2982 1128 3046 erat,

53 3051 155 3127 7vide
198 3053 364 3138 autquasi
385 3053 470 3118 iusta
490 3066 546 3118 aut
567 3053 594 3117 si
615 3065 703 3118 recta
722 3075 831 3141 pugna
851 3066 944 3130 esset,
964 3053 1130 3141 haudqua-

77 3161 178 3225 quam
200 3137 303 3225 impar
323 3137 438 3204 sumre.
484 3138 626 3203 Tantum
648 3140 824 3204 animorum
846 3138 964 3204 fecerat
980 3162 1128 3240 prospere

77 3237 156 3289 ante
170 3247 289 3311 paucos
302 3224 371 3290 dies
385 3247 436 3290 res
450 3239 547 3312 gesta.
588 3223 652 3290 Sed
667 3225 770 3289 exorti
785 3237 916 3311 repente
931 3225 1128 3290 inardiatores
1138 3239 1246 3289 Labant

77 3333 156 3375 eum
172 3310 342 3376 tumultum
355 3323 581 3399 terroremque,
593 3311 628 3374 in
639 3311 737 3375 latera
748 3310 908 3397 utrimque
919 3311 960 3376 ab
974 3324 1127 3400 tergqque
1138 3303 1272 3354 titanum

77 3397 286 3474 incursantes,
301 3397 455 3474 fecerunt,
472 3409 509 3462 ut
525 3420 631 3485 neque
651 3395 776 3460 animus
795 3395 878 3484 adp
945 3419 1006 3474 am,
1022 3419 1128 3485 neque

77 3483 121 3548 ad
143 3483 251 3570 fugam
272 3505 343 3570 spes
365 3484 515 3569 cuiquam
538 3495 722 3569 superesset
768 3480 863 3547 Tunc
878 3419 1003 3560 diritius,
1024 3483 1128 3569 primo
1186 3507 1237 3567 29,

77 3569 216 3634 clamore
238 3569 421 3656 paventium
443 3569 563 3646 audito,
585 3568 662 3634 dein
682 3581 853 3656 conspecta
873 3568 983 3656 procul
1005 3571 1130 3634 turbata
1321 3599 1329 3610 ·

46 3724 51 3735 ,
77 3656 158 3733 acie,
182 3653 251 3721 ‘Ita
272 3655 340 3733 est,'
361 3655 476 3742 inquit,
501 3664 585 3720 ‘non
607 3645 749 3732 celerius,
770 3678 867 3742 quam
890 3654 992 3732 timui,
1015 3655 1130 3743 depre-

79 3741 213 3806 ‘hendit
241 3742 368 3808 fortuna
397 3742 616 3808 temeritatem.
677 3741 774 3807 Fabio
812 3754 966 3829 aequatus
995 3742 1130 3829 imperio

76 3935 173 3983 aionem
184 3939 237 3984 arte
244 3951 289 3985 sua
297 3941 453 3998 captaturum
463 3934 586 3984 temerita-
619 3948 673 3981 cem
695 3935 795 3982 dimittit
812 3949 843 3982 ex
863 3935 1002 3985 coniectura
1020 3936 1129 3987 Gronov.

76 3999 110 4048 tia
121 3998 226 4049 Minucii
240 4001 267 4050 in
281 4015 353 4049 usum
364 4015 435 4050 mum
446 4003 586 4048 warenen-
619 3995 710 4045 delevit
721 3997 828 4048 Bekker.

77 4064 134 4113 dae.
651 4061 666 4110 ὑ
683 4063 743 4110 Atta
754 4067 828 4124 atqua
841 4064 906 4123 olto]
927 4063 1044 4126 intellige
1058 4079 1129 4125 quar·

111 4145 127 4188 4
143 4129 274 4178 Adiounos
284 4129 442 4190 oopimduaa]
460 4129 499 4176 Aa
510 4127 587 4176 Ιοσιιιιι
619 4131 673 4174 tum
685 4140 768 4173 oasam
779 4125 811 4174 sd
822 4129 919 4175 auritio
930 4127 1090 4176 merendum.

77 4193 234 4254 capiendum,
245 4207 300 4240 cum
313 4191 468 4240 distinctione
477 4195 536 4238 anta
547 4205 587 4238 vo·
654 4191 940 4251 ysttmtaaantmta]
948 4191 1130 4250 [nequando

77 4271 133 4304 cem
147 4257 201 4304 dua
217 4255 326 4317 reposuit
341 4255 448 4304 bekker.
470 4255 587 4304 Ceterum
620 4253 750 4314 explieatis
774 4252 897 4314 utrimque
918 4253 1043 4302 ordinibus
1063 4253 1130 4301 acies

76 4321 111 4368 ad
121 4319 294 4382 etacmepius
304 4323 492 4368 commutantur.
621 4318 833 4379 congrederentur,
847 4323 923 4375 noto,
935 4316 1034 4378 quando
1050 4329 1129 4376 aequo

112 4397 126 4445 5
143 4385 231 4433 hosta
243 4390 396 4432 amaturum
406 4383 518 4441 aarum]
538 4381 588 4428 Vc
621 4395 718 4444 campo,
730 4380 765 4428 ita
776 4384 804 4428 ut
814 4379 911 4428 ordines
921 4384 1080 4428 servarentur.
