2966 4778
350 191 391 251 82
736 181 849 248 ΤΙΤΙ
879 181 1015 248 LlVII

196 329 229 378 U·
241 329 271 380 ⁰·
287 339 342 391 5³5·
351 321 448 398 missi,
478 321 539 386 levi
568 322 752 400 certamine,
782 337 819 386 ut
848 322 1084 388 tumultuariam
1117 341 1259 397 manum,
1290 319 1402 384 fudere

193 393 224 442 A.
242 395 271 444 ⁰·
288 405 476 484 ²¹⁷·omnes3
495 407 605 472 occisis
614 408 803 494 quibusdam
813 411 986 496 captisque,
993 406 1402 496 magnaparsarmisexute.

352 493 418 558 Hic
438 507 544 558 tamen
560 495 716 560 tumultus
737 495 904 561 cedentem
919 497 960 562 ad
977 495 1144 561 Oceanum
1165 492 1404 557 Hasdrubalem

352 581 397 653 cis
412 580 540 646 Iberum
563 580 603 645 ad
618 581 719 646 socios
741 583 891 647 tutandos
904 583 1044 648 retraxit
1092 579 1205 644 Castra
1224 579 1356 644 Punica
1371 579 1405 641 in

352 689 428 753 agro
450 667 728 746 Ilercaonensium,
751 683 853 734 castra
874 669 1021 738 Romana
1042 667 1083 731 ad
1106 666 1232 732 Novam
1257 664 1427 730 Classeme

194 769 312 821 Celtiberi·
352 765 450 831 erant,
474 775 574 842 quum
597 755 680 820 sama
701 777 815 843 repens
838 755 901 820 alio
923 755 1037 821 avertit
1059 753 1187 819 bellum.
1236 751 1404 826 Celtiberi,

194 835 343 948 ᾙᾶξω
352 841 409 990 gui
424 841 582 992 prinReipea
591 841 733 943 regionis·
743 865 817 942 suae
831 842 952 993 legastps
967 843 1126 942 miserant,
1139 839 1334 940 obsidesque
1350 837 1406 902 de-

194 978 314 1077 ttffit·
352 938 1405 1103 ,tottatlttltttttgttttn¹ttttttttttmttdtlt

353 1101 414 1164 tria
438 1101 557 1188 oppida
582 1101 613 1165 vi
641 1114 835 1190 expugnant
881 1101 972 1179 Inde,
999 1124 1073 1166 cum
1102 1101 1170 1187 ipso
1200 1098 1406 1163 Hasdrubale

352 1184 478 1251 duobus
488 1187 615 1273 proeliis
624 1190 782 1276 egregiep
849 1201 948 1266 antes,
961 1187 1145 1275 quindecim
1154 1185 1406 1250 milliahostium

352 1272 549 1372 occiderunt,
572 1287 722 1361 quattuor
745 1276 788 1340 mi
868 1298 942 1341 cum
964 1274 1073 1338 multis
1094 1273 1283 1338 militaribus
1306 1273 1407 1359 siguis

352 1381 391 1424 ca
412 1373 491 1424 lunt.

245 1457 295 1516 22.
389 1381 471 1511 pHoc
491 1459 574 1512 statu
596 1469 701 1512 rerum
722 1448 756 1512 in
779 1446 944 1534 Hispania,
966 1446 1003 1512 P.
1019 1447 1126 1534 Scipio
1151 1447 1185 1510 in
1207 1446 1428 1533 provinciamt

197 1539 227 1589 P·
239 1538 322 1602 Scipio
354 1533 452 1610 venit,
467 1555 561 1620 proro
584 1548 636 1598 ato
650 1545 722 1621 post
737 1535 935 1600 consulatum
949 1533 1084 1634 imperio
1098 1534 1138 1599 ab
1152 1547 1264 1598 senatu
1280 1532 1406 1608 mimus,

195 1604 273 1653 Μ
283 1604 325 1653 ab
354 1641 429 1684 cum
439 1620 552 1707 viginti
561 1557 665 1707 longis
679 1621 821 1699 navibus,
833 1633 866 1685 et
876 1633 949 1686 octo
964 1619 1103 1685 nullibus
1114 1617 1262 1696 militum,
1272 1641 1409 1718 magno-

197 1668 328 1718 vehituriu

197 1733 290 1795 Hispo.
355 1729 418 1794 que
434 1719 613 1771 commeatu
627 1707 768 1772 advecto.
815 1707 864 1772 Ea
878 1707 983 1772 classis
997 1707 1110 1794 ingens
1121 1705 1248 1793 agmine
1263 1727 1409 1769 oneran-

197 1797 271 1846 uam.
356 1813 447 1858 arum
466 1793 578 1880 procul
592 1793 667 1871 visa,
683 1815 757 1857 cum
773 1816 888 1882 magna
901 1792 1022 1858 laetitia
1036 1793 1153 1858 civium
1170 1793 1406 1878 sociorumque,

353 1891 481 2030 portum
493 1878 682 1944 Tarraconis
696 1903 737 1944 ex
751 1880 815 1946 alto
827 1880 938 1945 tenuit
984 1877 1035 1944 Ibi
1049 1879 1149 1944 milite
1163 1878 1318 1965 exposito,
1331 1897 1430 1966 pro-6

367 1979 455 2031 ectus
469 1965 577 2053 Scipio
590 1965 721 2031 fiatrise
736 1967 920 2054 coniungit:
944 1987 981 2030 ac
990 1965 1107 2030 deinde
1122 1966 1285 2030 communi
1297 1965 1409 2028 animo

354 2051 549 2140 consilioque
563 2055 717 2139 gerebant
731 2053 858 2118 bellum.
907 2052 1079 2139 Occupatis
1093 2052 1190 2139 igitur
1200 2049 1409 2137 Carthagini·

355 2140 483 2205 ensibus
507 2137 700 2206 Celtiberico
721 2139 814 2216 bello,
832 2138 920 2204 haud
941 2151 1129 2204 cunctanter
1150 2137 1280 2202 Iberum
1302 2151 1408 2202 trans-

199 2241 302 2291 umides
354 2227 561 2314 grediuntm3
592 2249 653 2291 nec
676 2225 742 2290 ullo
763 2226 830 2290 viso
853 2225 954 2302 hoste,
981 2224 1160 2312 Saguntum
1183 2236 1322 2311 pergunt
1348 2225 1407 2302 ire,

197 2307 322 2421 {gfff
378 2313 443 2378 uod
466 2313 511 2378 ibi
540 2313 665 2378 obsides
688 2313 785 2378 totius
811 2311 989 2398 Hispaniae
1015 2311 1177 2376 custodiae
1203 2310 1335 2375 traditos
1367 2313 1408 2375 ab

197 2435 274 2497 mg
391 2398 537 2462 annibale
559 2399 643 2462 fama
667 2411 736 2462 erat
758 2398 884 2463 modico
906 2397 941 2461 in
965 2419 1036 2462 arce
1059 2397 1212 2464 custodiri
1234 2395 1406 2484 praesidio.

355 2482 395 2548 Id
410 2506 510 2549 unum
521 2483 637 2570 pignus
648 2483 816 2548 inclinatos
824 2484 865 2549 ad
877 2483 1055 2549 Romanam
1066 2484 1249 2549 societatem
1260 2483 1407 2548 omnium

356 2569 856 2657 Hispaniaepopulorumanimos
865 2572 1102 2648 morabatur,ne
1210 2568 1407 2634 'neliberum

356 2655 774 2743 suommculpadefectionis
783 2657 931 2722 lueretur.
965 2655 1152 2722 Eovinculo
1199 2657 1205 2670 '
1265 2656 1408 2721 uiamvir

200 2759 325 2808 meare
357 2763 449 2821 unus,
465 2741 584 2806 sollerti
598 2743 698 2828 magis
713 2765 808 2830 quam
823 2743 912 2808 fideli
929 2742 1069 2821 consilio,
1085 2742 1228 2809 exsolvit.
1273 2741 1407 2807 Abelux

198 2824 328 2937 ΕΜ*
356 2841 425 2894 erat
456 2828 590 2916 Sagunti
619 2828 734 2894 nobilis
764 2829 936 2916 Hispanus,
958 2829 1043 2895 fidus
1067 2843 1141 2895 ante
1167 2829 1303 2894 Poenis:
1335 2841 1407 2894 tum

241 2902 327 2938 marna
356 2915 478 3004 (qualia
499 2913 688 3003 plerumque
710 2928 785 2990 sunt
804 2916 1007 2982 barbarorum
1024 2915 1169 3004 ingenia)
1189 2937 1263 2980 cum
1276 2915 1409 2981 fortuna

356 3014 533 3068 mutaverat
551 3001 657 3066 fidem.
706 3001 869 3079 Ceterum,
890 3003 1093 3090 transfugam,
1114 3003 1182 3067 sine
1206 3025 1339 3088 maguae
1361 3003 1407 3068 rei

355 3089 536 3177 proditione
552 3088 734 3153 venientem
744 3088 787 3153 ad
801 3088 916 3166 hostes,
929 3089 1010 3154 nihil
1024 3087 1111 3154 aliud
1122 3111 1220 3177 quam
1231 3111 1333 3153 unum
1342 3089 1406 3153 vile

356 3189 453 3264 atque
462 3173 580 3240 infame
589 3197 704 3262 corpus
714 3197 782 3239 esse
791 3187 886 3253 ratus,
896 3174 930 3240 id
941 3176 1064 3263 agebat,
1074 3189 1111 3240 ut
1122 3197 1218 3263 quam
1230 3175 1407 3242 maximum

356 3263 607 3328 emolumenturn
636 3261 727 3327 novis
759 3261 853 3326 sociis
881 3274 971 3327 esset
1029 3261 1276 3348 Circumspectis
1307 3261 1407 3348 igitur

356 3350 513 3427 omnibus,
529 3371 611 3436 quae
626 3345 760 3413 fortuna
810 3348 930 3413 testatis
944 3349 1013 3413 eius
1026 3362 1152 3435 poterat
1165 3347 1278 3424 facere,
1287 3348 1408 3412 obsidi-

355 3437 415 3502 bus
429 3436 628 3538 potissimum
643 3371 809 3500 tredendibJ
824 3435 967 3500 animum
981 3433 1115 3500 adiecit:
1138 3457 1210 3500 eam
1225 3456 1323 3498 unam
1338 3457 1406 3499 rem

355 3545 494 3588 merome
512 3534 597 3587 ratus
612 3520 849 3586 conciliaturam
865 3521 1019 3586 Romanis
1033 3521 1214 3609 principum
1230 3517 1407 3607 Hispaniae

356 3609 536 3674 amicitiam.
584 3605 649 3672 Sed
678 3627 788 3694 quum,
819 3606 941 3682 iniussu
970 3606 1111 3673 Bostaris
1162 3607 1301 3684 raefecti,
1331 3607 1407 3672 satis

356 3696 460 3774 sciret,
472 3692 553 3759 nihil
567 3692 713 3758 obsidum
728 3693 874 3758 custodes
884 3694 1022 3759 facturos
1030 3717 1107 3772 esse,
1150 3707 1285 3760 ostarem
1299 3695 1407 3782 ipsum

388 3881 454 3939 4Au
459 3879 678 3938 NooumOlaeeem]
686 3878 780 3928 Urbem
787 3893 863 3941 quan·
929 3893 943 3942 5
954 3881 986 3928 P.
994 3880 1089 3942 Scipio]
1103 3878 1156 3936 Qut
1166 3878 1260 3941 primus
1267 3893 1325 3928 cum
1335 3877 1407 3928 Han-

356 3946 414 3994 dam
425 3943 465 3992 hie
475 3942 661 4006 intelligendam
671 3957 724 3991 esse
734 3947 811 4005 patet,
820 3943 863 3992 sed
896 3943 978 3991 nibale
999 3949 1158 4006 pugnaverat,
1174 3949 1201 3992 et
1216 3943 1257 3992 cui
1273 3949 1331 4006 post
1349 3959 1407 3992 cou-

355 4009 387 4058 de
409 4006 507 4056 nomine
527 4007 579 4056 eius
596 4005 734 4080 ambigitur.
769 4006 863 4056 Urbem
896 4007 1004 4056 sulatum
1022 4007 1153 4070 imperium
1171 4013 1330 4070 prorogatum
1346 4015 1407 4056 erat

355 4074 496 4132 ameum,
504 4072 535 4120 de
546 4085 595 4133 qua
606 4069 701 4120 Plinius
710 4070 744 4119 H.
755 4069 788 4121 N.
798 4069 831 4120 iii.
839 4089 861 4132 4.
895 4069 1004 4122 Srnoru.

354 4136 505 4186 mentionem
521 4135 589 4194 facit,
600 4133 722 4184 strothius
736 4133 778 4182 hic
793 4133 862 4183 innui
931 4132 1069 4184 6Portam
1089 4137 1235 4186 Tarraconis
1253 4151 1285 4186 es
1303 4135 1355 4185 ulto
1373 4143 1407 4185 te·

354 4201 500 4263 nupicatur·
531 4199 648 4250 Cetenrm
662 4199 694 4247 de
709 4198 820 4260 itaquae
837 4198 863 4247 in
894 4199 964 4258 nott]
988 4199 1029 4248 De
1048 4200 1095 4248 bac
1113 4199 1229 4261 loquendi
1247 4200 1355 4248 formula
1375 4201 1406 4249 α’.

355 4265 402 4313 hoc
420 4265 501 4328 eapite
520 4266 655 4323 narrantur,
674 4263 729 4311 silet
745 4261 863 4326 Polybius
895 4261 988 4322 super
1004 4277 1023 4312 r.
1041 4261 1096 4312 inlr.
1107 4263 1200 4312 xxxvii.
1215 4277 1251 4314 rr.

356 4327 438 4392 11196.
