2874 4772
355 238 419 300 294
742 233 855 300 ΤΙΤΙ
884 233 1020 302 LIVII

199 379 277 495 pg.
294 395 349 446 54¹·
403 369 555 437 Ceterum
575 395 639 438 uon
656 385 811 460 quantum
828 373 1020 460 pertinaciae
1039 375 1079 440 ad
1093 373 1299 462 premendam
1318 371 1386 438 obsi·

224 481 231 496 ·
251 457 454 574 1'2,²¹¹'‘³l⁰¹¹⁰.
467 457 517 524 Ca
540 482 612 524 uam
626 459 856 560 Romanisfuit,
874 476 996 561 tantum
1009 462 1049 527 ad
1060 461 1295 526 defendendam
1311 457 1386 522 Hau·

358 545 465 610 nrbah.
547 569 661 634 amque
674 570 713 612 ex
726 546 865 612 Lucanis
874 569 908 612 1n
924 547 1086 614 Bruttium
1100 571 1223 635 agmm,
1234 547 1275 613 ad
1288 546 1386 612 fretum

199 595 328 662 italas
604 634 611 648 .
1004 636 1011 650 ,
1347 633 1353 644 ,

200 675 251 713 um.
358 654 433 698 vero
452 655 489 696 ac
507 632 669 721 Rhegium
692 657 730 699 eo
750 655 843 698 cursu
863 635 1037 712 contendit,
1058 649 1094 700 ut
1115 658 1216 736 prope
1239 647 1386 720 repentino

359 719 499 784 adventu
521 721 664 786 incautos
687 743 729 807 op
752 721 884 788 resserit.
932 721 1046 808 Capua
1068 734 1126 786 etsi
1152 721 1257 786 nihilo
1280 718 1359 806 segni

359 806 484 871 obsessa
497 829 553 894 per
573 829 626 872 eos
641 805 709 872 dies
762 821 839 885 erat,
855 820 962 872 maren
976 808 1277 874 adventumFtaoei
1290 805 1385 870 senat:

360 905 393 958 et
416 892 581 960 admiratio
603 908 671 961 orta
693 906 749 972 est,
772 917 837 960 non
860 895 954 959 simul
975 917 1149 982 regressum
1176 891 1386 960 Hannibalem.

360 977 442 1044 Inde
457 1003 514 1067 per
528 979 686 1068 colloquia
705 979 939 1058 intellexerunt,
955 981 1080 1048 relictos
1094 1005 1126 1046 se
1140 981 1352 1066 desertosque,
1364 991 1387 1040 et

360 1089 375 1129 s
417 1088 449 1130 m
473 1066 603 1154 Capuae
633 1066 818 1132 retinendae
843 1067 1038 1155 deploratam
1063 1067 1148 1156 apud
1177 1068 1307 1132 Poenos
1327 1085 1386 1128 esse.

361 1089 506 1218 rldcessit
514 1153 653 1220 edictum
663 1153 858 1240 proconsulis
867 1177 907 1220 ex
919 1153 1191 1220 senatusconsulto
1200 1153 1386 1242 propositum,

362 1239 589 1326 vulgatumque
606 1241 692 1328 apud
714 1239 837 1306 hostes:
863 1241 939 1319 ‘Ut,
953 1242 1011 1392 qui
1028 1241 1105 1307 civis
1126 1241 1314 1328 Campanus
1331 1251 1386 1302 ante

204 1336 343 1398 campana
364 1333 500 1391 ‘certam
516 1326 601 1392 diem
618 1327 786 1405 transisset,
801 1329 868 1392 sine
883 1328 951 1392 frau
976 1351 993 1393 e
1014 1329 1113 1394 esset’
1157 1327 1234 1393 Nec
1250 1325 1313 1392 nlla
1324 1325 1399 1389 horst

202 1415 258 1448 '⁰¹¹¹
269 1405 352 1463 ²⁰¹P⁰¹
363 1425 411 1478 est
430 1414 582 1491 transitio,
598 1428 686 1479 metu
704 1415 804 1500 magis
821 1437 884 1492 eos,
900 1437 996 1501 quam
1014 1414 1088 1493 fide,
1103 1415 1310 1490 continento;
1330 1411 1387 1497 quit

203 1465 352 1577 aquaputa
363 1499 482 1564 maiora
496 1500 530 1564 in
540 1500 718 1566 defectione
734 1501 942 1588 deliquerant,
959 1524 1054 1589 quam
1069 1503 1186 1588 quibus
1201 1499 1321 1588 ignosci
1333 1519 1386 1584 por

362 1598 419 1650 set.
467 1585 619 1652 Ceterum
646 1587 913 1674 quemadmodum
940 1611 1035 1654 nemo
1057 1589 1180 1676 privato
1209 1581 1386 1654 consilioad

362 1671 485 1736 hostem
501 1673 661 1751 transibat,
673 1674 718 1738 ita
732 1673 812 1738 nihil
827 1674 960 1740 salutare
975 1675 1008 1738 in
1021 1675 1161 1740 medium
1173 1673 1384 1740 consulebatur.

363 1756 523 1823 Nobilitas
537 1760 765 1847 rempublicam
785 1761 975 1838 deseruerat,
991 1785 1096 1848 neque
1116 1763 1150 1826 in
1168 1776 1316 1827 senatum
1333 1755 1385 1842 cogi

362 1857 518 1932 poterant.
564 1844 603 1911 In
618 1867 649 1910 m
691 1848 801 1912 istratu
815 1861 921 1912 autem
936 1861 1011 1926 erat,
1028 1847 1083 1935 qui
1098 1871 1164 1913 non
1178 1849 1243 1914 sibi
1258 1848 1384 1912 honorem

362 1931 537 2010 adiecisset,
553 1933 609 1998 sed
624 1871 812 2020 indignitate
827 1957 884 2000 sna
897 1935 962 1998 vim
976 1957 1013 2000 ac
1027 1934 1076 2000 ius
1090 1935 1300 2022 magistratui
1331 1951 1383 1996 nen

403 2019 502 2098 rebat,
522 2018 717 2107 dempsisset
762 2019 832 2086 Iam
849 2044 890 2086 ne
907 2021 943 2085 in
961 2022 1030 2086 foro
1072 2022 1190 2098 uidem,
1208 2035 1266 2086 aut
1283 1957 1384 2108 priblioo

362 2040 443 2183 idco,
462 2106 642 2194 principum
660 2106 1028 2210 quisquamuapparebat:
1049 2045 1073 2173 d

1075 2109 1201 2173 omibus
1220 2107 1330 2173 inclusi
1345 2125 1383 2192 pr-
1415 2179 1416 2182 Ἴ

362 2204 440 2256 triae
456 2215 601 2258 occasum
612 2215 753 2259 cumano
764 2207 905 2259 exrtrorn
916 2193 1232 2282 diesexspectabant.
1281 2193 1383 2259 Summa
1415 2191 1416 2196 ’

362 2299 456 2344 curae
468 2280 570 2344 omnis
580 2280 615 2344 in
630 2279 793 2346 Bostarem
807 2279 1065 2368 Hannonemque
1074 2281 1255 2369 praefectos
1263 2274 1381 2380 praesidi

362 2361 478 2430 Punici
500 2389 588 2431 versa
611 2378 687 2445 erat,
710 2389 777 2445 suo,
801 2389 867 2432 non
893 2368 1058 2446 sociorum,
1080 2368 1226 2455 periculo
1252 2365 1381 2433 sollicitos
1414 2427 1415 2430 ,

205 2455 304 2532 mama
366 2448 423 2527 Hi,
449 2453 633 2540 conscriptis
658 2453 700 2520 ad
723 2452 937 2519 Hannibalem
960 2455 1066 2533 literis,
1090 2477 1156 2520 non
1178 2454 1281 2520 libere
1303 2449 1393 2517 moder

205 2519 350 2634 ffiffi
365 2536 532 2604 sedetiam
547 2562 665 2626 aspero,
681 2541 805 2627 quibus,
823 2549 832 2579 ‘
841 2563 906 2606 nou
922 2540 1067 2629 Capuam
1085 2542 1182 2606 solam
1204 2541 1343 2606 traditam
1359 2535 1381 2598 iu

204 2649 238 2695 ,a
250 2649 345 2698 Hunni-
367 2629 514 2687 ‘manum
532 2624 683 2704 hostibus,
699 2626 756 2692 sed
774 2651 807 2692 se
822 2651 950 2715 quoque
972 2641 1004 2693 et
1026 2627 1222 2728 praesidium
1245 2629 1279 2693 in
1300 2641 1380 2691 omnes

205 2712 295 2763 onem.
367 2711 541 2776 ‘cruciatus
563 2713 723 2798 proditos,’
737 2714 939 2780 incusabant:
965 2715 1096 2780 ‘abiisse
1111 2737 1184 2780 eum
1205 2716 1242 2779 in
1258 2711 1379 2780 Bruttios
1413 2753 1414 2758 κ

367 2793 472 2860 ‘velut
486 2810 679 2864 avertentem
695 2823 772 2878 sese,
788 2823 829 2866 ne
846 2801 960 2889 Capua
975 2801 1010 2865 in
1025 2800 1123 2866 oculis
1142 2801 1214 2866 eius
1235 2812 1378 2888 caperetur·
1413 2759 1414 2841 l

366 2888 377 2920 ‘
385 2880 442 2959 At,
458 2882 595 2962 hercule,
612 2885 773 2952 Romanos
788 2910 828 2951 ue
844 2911 863 2952 o
886 2889 1080 2976 pugnatione
1095 2888 1229 2988 quidem
1246 2889 1325 2953 urbis
1335 2883 1380 2948 lle

366 2976 495 3034 ‘manae
510 2971 647 3038 abstrahi
662 2974 701 3038 ab
714 2972 827 3061 Capua
842 2910 1016 3040 obsidenda
1029 2988 1177 3063 potuisse.
1212 2975 1316 3040 Tanto
1328 2991 1380 3034 cou-

366 3056 567 3122 ‘stantiorem
589 3059 753 3125 inimicum
777 3060 969 3140 Romanum,
985 3084 1080 3149 quam
1103 3061 1243 3126 amicum
1264 3061 1378 3128 Poenum

365 3150 461 3208 ‘esse
508 3143 542 3209 si
560 3144 668 3212 redeat
684 3143 840 3234 Capuam,
858 3147 1041 3235 bellumque
1063 3171 1157 3213 omne
1179 3172 1221 3214 eo
1243 3157 1343 3220 vertat,
1359 3153 1380 3203 et

365 3236 416 3293 ‘se
431 3242 465 3295 et
481 3228 661 3319 Campanos
683 3247 806 3320 paratos
828 3255 884 3299 eru
908 3235 987 3300 tioni
1008 3235 1084 3300 fore.
1131 3234 1209 3300 Non
1230 3257 1302 3302 cum
1316 3229 1378 3297 Rhe-

365 3322 375 3352 ς
406 3315 413 3329 ·
441 3317 448 3330 ·
747 3321 754 3334 ·
782 3320 789 3334 ·
1222 3324 1229 3336 ·
1365 3335 1370 3346 .

364 3318 806 3494 ‹blf'alllllaTllell
814 3321 947 3484 lull
968 3318 1376 3494 {tttffltlt

364 3489 498 3554 ‘ercitus
520 3490 635 3556 debere
655 3515 731 3558 esse.
779 3493 831 3559 Sic
852 3494 893 3559 ad
910 3493 1047 3572 Cannas,
1062 3495 1108 3560 sic
1127 3495 1168 3559 ad
1183 3494 1375 3560 Trasimenum

365 3581 374 3611 ‘
382 3597 449 3639 rem
465 3576 546 3642 bene
561 3592 700 3665 gestam3
725 3580 880 3659 coeundo,
896 3581 1088 3647 conferendo
1102 3604 1175 3646 cum
1190 3581 1281 3647 hosta
1295 3594 1374 3644 cutus

364 3660 540 3728 ‘fortunam
549 3666 722 3732 tentando!
753 3665 884 3733 Inhanc
893 3669 1081 3734 sententiam
1092 3668 1200 3733 literae
1210 3665 1375 3750 conscripl¹e

364 3745 398 3809 N
401 3749 526 3826 umidis,
541 3753 701 3839 proposita
715 3753 862 3819 mercede
884 3755 947 3820 iam
991 3755 1112 3820 rofessis
1127 3777 1266 3843 operam,
1278 3751 1374 3845 dantu-
1408 3797 1409 3808 ,

365 3830 411 3895 Hi
425 3836 530 3920 specie
546 3839 775 3926 transfugarum
790 3863 890 3927 quum
907 3778 1111 3908 odilonem
1133 3843 1167 3906 in
1188 3856 1288 3906 casn-a
1300 3855 1374 3901 vem*

363 3931 444 4016 sent,
460 3935 496 3984 ut
515 3922 592 3988 inde
615 3937 756 4013 tempore
774 3940 867 4015 capto
888 3927 1031 4005 abirent;
1054 3928 1226 4015 famesque,
1242 3935 1373 4016 quaettt}1

362 4003 417 4068 dm
436 4003 566 4094 Capuae
581 4023 657 4088 erat,
673 4011 753 4077 nulli
773 4037 837 4078 non
861 4015 1056 4101 probabilem
1070 4037 1196 4082 causam
1211 4011 1373 4079 maone

394 4201 484 4262 osiae
493 4200 588 4259 froude
602 4205 674 4264 caret]
693 4203 724 4252 ut
742 4219 773 4253 na
788 4206 867 4255 standi
938 4209 1017 4268 rHa',
1037 4208 1189 4272 omasus]
1228 4205 1316 4256 Pendet
1332 4209 1371 4260 (ΙΨ

360 4269 423 4310 esset
442 4263 546 4312 defectio
565 4266 763 4328 Campanorum,
785 4267 806 4317 ia
822 4271 866 4318 im·
899 4271 1030 4321 dammodo
1042 4287 1088 4321 rox
1099 4271 1187 4333 baulai
1198 4271 1259 4320 forts
1270 4263 1370 4318 odadun

361 4325 442 4438 ἓξὲξ.
451 4333 513 4376 esset
521 4329 553 4377 ab
561 4328 627 4378 omni
637 4335 661 4379 at
670 4346 735 4380 noxa
742 4338 768 4380 et
779 4347 865 4394 poena.
899 4335 931 4384 ait
941 4333 970 4382 τὸ
980 4339 1078 4400 qulbus,
1087 4342 1116 4388 ut
1129 4337 1260 4399 iunganurr
1268 4336 1293 4384 hl
1302 4335 1370 4380 lm*
