2966 4778
363 209 460 275 LIB.
485 207 599 274 XXII.
631 207 741 274 CAP.
765 215 816 275 39.
1080 216 1121 276 99

61 341 193 406 ‘tuenti
208 341 289 405 mihi
308 355 413 407 tecum
431 344 534 408 omnis
553 343 654 407 oratio
674 356 741 407 ests
766 365 862 430 quem
877 343 971 408 video
986 344 1119 430 nequic·
1130 355 1163 406 U.
1178 355 1207 405 O.
1221 353 1274 418 536·

60 437 185 576 ‘quarn
209 440 243 492 et
265 429 368 492 virum
392 429 512 495 bonum
539 443 571 493 et
597 430 697 493 civem
721 429 798 493 fore.
846 429 877 494 Si
905 429 1003 494 altera
1027 445 1116 516 parte
1129 420 1159 469 A.
1178 420 1208 469 ⁰·
1221 419 1275 467 ²¹⁶¹

61 513 245 578 ‘candicat
263 513 449 600 respublica,
465 514 555 578 malis
574 515 712 579 consiliis
732 515 817 578 idem
835 538 871 579 ac
886 517 978 580 bonis
991 517 1069 580 iuris
1084 530 1117 602 et

61 599 252 686 ‘potestatis
271 600 340 664 erit.
387 599 482 664 Erras
501 601 597 677 enim,
614 600 651 664 L.
665 599 787 678 Paullo,
803 602 829 664 si
850 602 907 665 tibi
926 603 1030 666 minus
1048 625 1116 666 cer-

61 694 73 722 ‘
86 685 217 748 taminia
236 708 310 749 curn
328 685 367 750 C.
381 685 545 763 Terentio,
560 709 655 786 quarn
676 709 749 750 cum
767 686 958 764 Hannibale,
973 687 1116 752 futurum

61 779 205 835 ‘censes
253 769 382 848 Nesci0,
407 794 448 834 an
474 771 617 836 irrfestror
638 769 690 835 hic
715 771 918 850 adversarius,
942 797 1037 859 quam
1062 773 1115 837 ille

60 855 195 934 ‘hostia
211 869 346 921 maneat.
395 855 480 921 Cum
502 857 557 922 illo
579 858 613 921 in
636 857 703 920 acie
726 870 859 935 tantum,
876 881 949 922 cum
969 858 1029 923 hoc
1048 883 1116 923 om-

61 943 181 1006 ‘nibus
194 943 273 1007 locis
287 965 323 1007 ac
339 943 533 1030 temporibus
547 956 722 1007 certaturus
737 965 788 1007 es:
812 958 846 1007 et
860 944 1008 1008 adversus
1025 944 1116 1009 Han-

60 1027 225 1092 ‘nibalem
246 1027 450 1128 legionesque
471 1029 538 1093 eius
559 1029 622 1092 tuis
642 1029 802 1114 equitibus
822 1052 858 1093 ac
879 1030 1038 1116 peditibus
1056 1053 1115 1117 pu-

60 1114 251 1200 ‘gnandum
268 1114 325 1179 trbi
343 1127 409 1178 cst:
434 1113 536 1179 Varro
551 1114 618 1178 dux
640 1115 702 1178 tuis
721 1113 874 1179 militibus
895 1129 926 1179 te
947 1130 994 1179 est
1014 1139 1115 1204 oppu-

31 1208 248 1286 7‘gnaturus
296 1199 422 1265 Ominis
442 1200 538 1264 etiam
554 1200 611 1264 tibi
626 1223 719 1264 causa
733 1201 814 1266 absit
834 1201 872 1265 C.
887 1201 1033 1266 Flaminii
1048 1225 1116 1266 me·

59 1295 71 1324 ‘
85 1286 196 1350 moria
242 1284 368 1350 Tamen
383 1285 436 1349 ille
451 1285 562 1350 consul
577 1285 718 1363 demum,
733 1300 767 1350 et
786 1287 821 1350 in
841 1289 1011 1374 provincia,
1027 1302 1060 1352 et
1074 1289 1116 1352 ad

59 1372 274 1448 ‘exercitum
294 1371 400 1457 coepit
419 1372 541 1436 firrere:
570 1371 632 1448 hic,
675 1373 836 1459 riusquam
859 1386 982 1460 peteret
1001 1397 1116 1438 consu-

59 1466 71 1494 ‘
84 1457 197 1534 latum,
214 1456 331 1521 deinde
345 1457 380 1520 in
395 1457 535 1544 petendo
550 1395 732 1534 consulitu3
756 1481 842 1523 nunc
855 1481 982 1545 quoquc
993 1460 1115 1537 consul,

59 1543 271 1629 ‘priusquam
300 1555 401 1607 castra
428 1543 535 1607 rideat
563 1556 619 1606 aut
647 1543 780 1621 hostem,
807 1545 931 1610 insanit
980 1545 1031 1622 Et,
1106 1547 1113 1561 '

59 1637 192 1693 ‘tantas
211 1630 274 1692 iam
294 1651 381 1692 nunc
404 1628 566 1716 procellas,
588 1628 707 1715 proelia
731 1643 828 1716 atque
852 1631 934 1695 acies
957 1569 1114 1704 iactanilo,

60 1716 172 1778 ‘inter
187 1726 309 1801 togatos
327 1715 399 1791 ciet,
416 1713 495 1800 quid
515 1715 598 1779 inter
617 1729 768 1780 armatam
788 1717 986 1781 iuventutem
1006 1725 1127 1782 censes'

59 1801 254 1876 ‘facturum
271 1813 304 1864 et
323 1800 379 1865 ubi
394 1800 555 1887 extemplo
569 1801 664 1864 verba
683 1823 733 1865 res
753 1803 920 1889 sequitur?
964 1804 1069 1890 Atqui
1089 1803 1116 1867 si

59 1886 151 1962 ‘bic,
174 1885 263 1973 quod
283 1885 440 1950 facturum
464 1908 497 1949 se
520 1887 697 1963 denuntiat,
722 1889 883 1974 extemplo
906 1890 1114 1975 pugnaverit3

60 1981 145 2036 ‘aut
170 1994 229 2060 ego
254 1993 322 2035 rem
348 1971 527 2048 militarem,
553 1971 627 2036 belli
654 1971 715 2036 hoc
763 1996 852 2049 enus,
877 1973 999 2038 hostem
1029 1974 1116 2037 hunc

60 2059 210 2144 ‘ignora
226 2070 282 2121 aut
295 2056 432 2121 nobilior
445 2055 524 2120 alius
539 2056 726 2121 Trasimeno
741 1996 829 2121 locus
846 2058 960 2123 nostris
975 2059 1116 2123 cladibus

29 2153 73 2211 Β(
87 2143 158 2208 erit.
205 2141 277 2206 Nec
299 2141 455 2228 gloriandi
477 2155 602 2228 tempus
624 2141 773 2206 adversus
795 2165 896 2206 unum
918 2157 975 2221 est,
991 2156 1024 2208 ct
1045 2167 1117 2230 cg0,

60 2227 325 2293 ‘contemnendo
350 2227 466 2314 potius,
491 2249 587 2314 quam
613 2227 793 2313 appetendo
840 2227 961 2305 loriam,
986 2229 1116 2293 modum

60 2325 73 2356 ‘
86 2313 297 2389 excesserim
320 2312 376 2377 sed
391 2313 436 2377 ita
448 2335 498 2377 res
513 2311 626 2376 habet:
650 2335 716 2376 una
730 2312 810 2376 ratio
819 2251 900 2377 belli
914 2315 1046 2400 gerendi
1061 2314 1118 2379 sd-

60 2411 197 2465 ‘ver'sus
213 2397 428 2463 Hannibalem
443 2410 499 2475 est,
513 2421 577 2484 qua
590 2420 651 2484 ego
664 2399 755 2484 gessi.
788 2397 859 2464 Nec
875 2412 1007 2465 eventus
1021 2401 1117 2465 modo

59 2485 152 2550 ‘hoc
165 2485 269 2561 docet,
284 2482 468 2570 (stultorum
488 2483 548 2548 iste
568 2484 717 2571 magister
736 2483 799 2568 cat)
819 2485 875 2549 sed
895 2486 1007 2550 eadem
1027 2487 1116 2564 ratio,

60 2583 172 2659 ‘quae
187 2571 258 2647 fuit,
272 2570 322 2634 fut
402 2593 452 2642 ue,
468 2569 571 2634 donec
588 2592 638 2634 res
653 2569 784 2634 eaedem
803 2573 987 2649 manebunt,
1003 2573 1118 2637 immu-

61 2657 195 2722 ‘tabilis
219 2670 276 2720 est.
322 2593 482 2720 madia
509 2654 628 2719 bellurn
654 2656 801 2755 gerimus,
828 2657 862 2720 in
888 2658 963 2722 sede
989 2682 1026 2723 ac
1051 2659 1118 2724 solo

60 2755 75 2786 ⁶
87 2755 207 2808 nostro.
255 2741 374 2807 Omnia
403 2741 486 2806 circa
514 2740 609 2828 plena
638 2742 754 2806 civium
784 2764 821 2807 ac
851 2745 1007 2808 sociorum
1034 2759 1116 2810 sunt.
1220 2769 1223 2779 ·

60 2841 74 2870 ‘
89 2828 211 2904 Armis,
237 2827 321 2904 viris,
351 2827 452 2914 equis,
483 2827 710 2892 commeatibus
739 2829 858 2906 iuvant,
889 2831 1116 2916 iuvabuntquc.

61 2914 131 2980 ‘Id
149 2915 211 2978 iam
227 2912 303 2978 fidei
318 2913 545 2977 documentum
565 2913 599 2976 in
622 2913 761 2978 adversis
780 2915 873 2979 rebus
892 2917 1007 2980 nostris
1021 2915 1120 2980 dede·

62 3011 176 3064 ‘runt
222 2997 383 3075 Medores,
429 2998 636 3076 rudentiores,
659 3001 886 3065 constantiores
909 3024 968 3066 nos
994 3014 1120 3090 tempus

61 3085 224 3171 ‘diesque
247 3083 330 3149 facit.
412 3085 540 3149 annibal
563 3097 673 3150 contra
696 3085 730 3148 in
752 3085 864 3162 aliena,
887 3087 921 3149 in
943 3086 1049 3151 hostili
1072 3102 1119 3152 est

62 3184 185 3248 ‘terra
209 3171 293 3234 inter
318 3170 425 3234 omnia
450 3171 579 3234 inimica
604 3170 789 3256 infestaque,
813 3171 923 3257 procul
949 3173 988 3237 ab
1012 3173 1119 3249 domo,

62 3255 204 3345 ‘procul
217 3257 257 3322 ab
272 3256 381 3343 patria.
426 3254 545 3343 Neque
565 3255 612 3319 illi
632 3268 724 3333 terra,
743 3278 848 3342 neque
868 3257 948 3321 mari
967 3271 1015 3321 est
1034 3280 1116 3343 pax:

63 3355 77 3384 ‘
89 3341 199 3408 nullae
217 3363 291 3407 eum
311 3342 406 3406 urbes
424 3342 594 3428 accipiunt,
610 3340 698 3405 nulla
716 3341 860 3406 moenia:
884 3342 965 3405 nihil
986 3366 1119 3430 usquam

63 3441 76 3471 ‘
89 3429 143 3494 sui
158 3427 263 3493 ridet:
288 3427 323 3490 in
338 3427 425 3492 diem
439 3440 529 3514 rapto
543 3427 629 3491 vivit
675 3425 803 3490 Partem
818 3428 872 3490 vix
888 3428 1013 3492 tertiam
1028 3452 1120 3493 exer·

62 3515 174 3580 ‘citus
199 3513 268 3578 eius
289 3512 395 3590 habet,
419 3535 515 3600 quem
540 3511 669 3577 Iberum
695 3534 820 3576 amnem
847 3514 985 3578 traiecit:
1013 3514 1120 3601 plures

63 3600 201 3675 ‘fames
211 3621 308 3685 quam
323 3598 451 3676 sermm,
464 3599 654 3684 absumpsit:
679 3620 739 3662 nec
754 3599 803 3662 his
817 3600 927 3686 paucis
941 3599 1002 3664 iam
1018 3601 1120 3666 victus

63 3697 76 3727 ‘
89 3685 282 3771 suppeditat
326 3683 466 3749 Dubitas
480 3707 565 3770 ergo,
581 3685 660 3771 quin
675 3683 816 3760 sedendo
831 3687 1007 3772 superaturi
1022 3687 1119 3750 rimus

63 3783 178 3848 ‘eum‚
194 3770 249 3856 qui
269 3773 413 3835 senescat
433 3770 467 3833 in
487 3770 580 3835 dies?
601 3792 668 3834 non
687 3784 889 3849 commeatus,
906 3794 972 3836 non
991 3773 1119 3860 supple·

104 3960 118 4010 7
136 3947 231 3995 Omittit
250 3947 323 3994 etiam
342 3946 386 3992 tibi
405 3945 493 4004 causa]
512 3942 581 4000 Quia
614 3942 657 3991 viri
675 3943 740 3996 docti
760 3952 841 3992 utrum
857 3947 974 3994 Moerum
989 3963 1067 3995 naum
1087 3949 1120 3996 ad

62 4015 101 4061 dc
113 4009 237 4059 Flaminio
248 4008 358 4057 dicturus
372 4014 418 4066 ast,
429 4007 497 4055 cuius
513 4022 580 4056 men·
614 3996 762 4054 Flaminium
778 4023 809 4055 an
820 4009 851 4056 sd
864 4009 919 4057 Ter.
932 4009 1076 4068 Varronem,
1087 4025 1119 4058 an

63 4076 105 4126 tio
123 4073 234 4122 ominosa
245 4071 320 4120 rideri
337 4075 441 4133 poterat,
457 4069 533 4132 prius,
549 4085 579 4117 ex
613 4069 718 4132 denique
731 4071 763 4118 ad
781 4071 906 4130 Paullum,
923 4089 1028 4134 quocum
1045 4074 1119 4120 collo-

63 4135 186 4188 familiari
196 4135 535 4198 antiquiamors,infaustum
551 4133 579 4180 il·
613 4134 695 4194 quitur
711 4133 810 4194 Fabius,
827 4136 979 4184 referendum
998 4137 1036 4184 sit.
1070 4135 1119 4182 Ve-

64 4202 114 4252 lud
126 4215 200 4249 omen
212 4201 363 4261 deprecatur.
381 4199 462 4248 Cast.
612 4211 666 4244 rum
678 4197 792 4248 celeberr.
806 4197 961 4248 Burmannus
973 4199 1005 4246 ed
1017 4199 1119 4254 Quinct.
1176 4199 1186 4212 '

106 4267 122 4313 8
145 4266 270 4314 Adversus
291 4265 381 4324 unum]
416 4261 506 4310 Coram
531 4275 580 4309 uno
614 4261 913 4322 Declam.33o.advertns
921 4262 1120 4320 vanum,acilicet

63 4327 313 4380 consecraturus.
346 4325 482 4385 Ambigunt
498 4331 581 4373 mnan
614 4323 759 4382 Varronem,
771 4323 881 4372 coniecit.
918 4331 920 4339 '

888 4389 947 4448 112
