2888 4768
396 183 458 244 208
783 173 896 242 ΤΙΤΙ
926 173 1061 241 LIVII

239 317 273 368 U.
284 319 314 368 0·
330 320 384 382 ⁵³⁸·
394 313 581 378 ‘haberentt
605 333 733 378 omnem
747 332 780 376 ae
795 310 939 375 cumillis
951 311 1110 376 fortunam
1125 311 1288 376 subituroa’
1324 309 1391 374 Inter

238 384 268 432 Δ·
285 385 314 432 ⁰·
330 398 453 464 ²¹⁴·boc
475 398 668 484 colloquium
693 397 783 484 signa
807 397 1021 474 constiterant,
1045 398 1264 484 tenebaturque
1288 419 1389 482 agmen:

395 483 542 563 necdum,
569 506 650 572 quae
679 505 784 548 morae
813 505 906 548 causa
932 484 1022 560 foret,
1045 497 1227 570 pervenerat
1254 483 1290 547 ad
1310 481 1389 546 duces

393 571 567 658 Postquam
592 569 820 658 Hippocratem
845 582 940 656 atque
965 569 1046 656 Epic
1068 570 1141 635 dem
1166 570 1268 636 adesse
1288 568 1402 657 perraritt

392 679 508 735 rumor,
524 657 729 744 fremitusque
744 669 810 721 toto
824 655 949 743 agmine
964 669 1031 721 erat
1087 655 1131 721 ud
1145 657 1238 721 dubie
1253 655 1391 743 approban-

319 747 321 752 ’
394 745 473 809 tium
488 743 659 809 adventum
674 764 801 819 eorum;
824 742 984 828 extemplo
998 757 1155 829 praetores
1169 742 1267 808 citatis
1280 739 1391 828 equisad

392 832 495 918 prima
508 830 597 918 signa
611 840 827 916 perrexerunt,
844 837 853 867 ‘
867 828 933 904 Qui
948 851 1015 893 mos
1034 828 1096 906 ille,
1112 851 1193 916 quae
1207 829 1323 893 licentia
1336 826 1390 890 Cre

394 917 551 982 ‘tensium
573 916 674 992 esset’
696 915 875 1002 rogitantes,
892 913 1067 1001 ‘colloquia
1087 915 1212 980 serendi
1234 937 1300 980 cum
1318 913 1390 988 hoste,

394 1003 597 1089 ‘iniussuque
609 1015 787 1090 praetorum
802 1001 955 1066 miscendi
964 1023 1017 1066 eos
1032 1001 1149 1102 agmini
1164 1003 1252 1066 suol’
1273 999 1390 1085 Compre-

392 1088 491 1155 hendi
518 1089 668 1176 iniicique
690 1099 816 1153 catenas
837 1087 995 1152 iussertmt
1016 1087 1213 1176 Hippocrati.
1257 1086 1306 1150 Ad
1324 1106 1390 1172 quan

393 1197 502 1241 vocem
518 1189 623 1240 tantus
644 1173 804 1262 extemplo
826 1173 962 1261 primum
984 1197 1004 1239 a
1025 1172 1230 1240 Cretensibus
1250 1173 1391 1238 clamoren

393 1275 489 1339 ortus,
504 1261 619 1327 deinde
638 1275 790 1348 exceptus
804 1260 843 1325 ab
858 1259 935 1338 aliis,
951 1274 987 1325 ut
1000 1260 1100 1337 facile,
1114 1261 1141 1324 si
1156 1260 1240 1326 ultra
1252 1259 1391 1332 tenderent

393 1360 567 1437 appareret,
589 1348 628 1412 iis
648 1346 826 1412 timendum
846 1369 923 1411 csse.
970 1345 1102 1412 Solliciti
1127 1347 1299 1432 incertique
1317 1365 1391 1408 rerun

392 1457 518 1500 suarum
533 1434 591 1500 Me
698 1482 708 1512 ‚
723 1433 808 1499 unde
823 1432 954 1520 profecti
968 1446 1067 1510 erant,
1082 1433 1190 1498 referri
1206 1434 1293 1520 signa
1304 1431 1390 1502 iubent,

236 1521 384 1598 mamma
392 1522 505 1586 nuntio
544 1543 584 1586 ue
617 1519 898 1607 cstatupraesenti
911 1518 1079 1606 Syracusas
1087 1521 1228 1584 mittunt
1272 1515 1390 1582 Fraudeu

209 1607 212 1616 ¹
236 1593 348 1648 poenus,
392 1544 739 1695 quoqudHippocmtes
753 1605 851 1683 addit,
860 1605 1018 1670 inclinatis
1031 1605 1209 1671 adomnem
1220 1605 1391 1692 suspicionem

390 1693 521 1757 animis:
554 1705 596 1770 et,
625 1691 826 1758 Cretensium
851 1691 1039 1779 quibusdam
1062 1692 1104 1756 ad
1124 1692 1240 1757 itinera
1264 1686 1391 1755 insidenda

390 1779 501 1858 mitris,
516 1778 604 1843 velut
622 1779 811 1866 interceptas
825 1777 940 1856 literas,
956 1801 1033 1865 quas
1050 1779 1059 1841 i
1136 1789 1348 1866 composuerat,
1360 1795 1391 1836 re

391 1866 482 1930 citat:
508 1865 690 1930 ‘Praetores
701 1865 887 1952 Syracusani
898 1864 1019 1929 consuli
1120 1864 1202 1930 ello’
1247 1859 1402 1928 Secundum:

391 1953 533 2032 salutern,
546 1950 970 2039 utassoletscriptumerat:
995 1950 1231 2016 ‘Recteeuma
1267 1973 1303 2014 ue
1313 1947 1402 2014 ordinet

392 2039 529 2116 ‘fecisse,
541 2038 627 2125 quod
642 2037 676 2101 iu
691 2037 857 2103 Leontinis
870 2037 950 2102 nulli
960 2037 1158 2125 pepercisset.
1285 2032 1390 2100 omniun

392 2125 676 2190 ‘mercenariorum
687 2124 823 2188 militum
834 2123 967 2188 eandem
981 2145 1048 2188 esse
1062 2145 1196 2201 causam,
1212 2146 1273 2188 nec
1286 2137 1391 2206 unquam

391 2219 401 2249 ‘
414 2211 580 2300 Syracusas
594 2211 763 2298 quieturas,
776 2209 878 2275 donec
893 2211 1062 2297 quicquam
1077 2221 1280 2275 externorum
1293 2205 1390 2272 auxilia

391 2305 491 2376 ‘rum,
507 2299 609 2362 autin
625 2297 712 2374 urbe,
724 2310 780 2361 aut
793 2297 827 2360 in
841 2297 982 2360 exercitu
997 2319 1062 2374 sno,
1075 2309 1163 2362 esset.
1209 2295 1228 2360 I
1282 2318 1318 2360 ue
1330 2292 1390 2357 daret

392 2391 546 2471 ‘operam,
563 2397 599 2448 ut
613 2406 676 2460 eos,
692 2383 748 2471 qui
763 2405 836 2448 cum
853 2381 917 2446 suis
931 2382 1125 2470 praetoribus
1139 2309 1292 2448 castramdd
1312 2379 1391 2463 Mega·

310 2477 313 2484 '
392 2476 477 2532 ‘ram
495 2468 657 2546 baberent,
671 2471 706 2533 in
724 2491 812 2535 suam
826 2480 1015 2556 potestatem
1037 2491 1053 2532 r
1095 2469 1103 2482 '
1145 2481 1202 2547 ret,
1219 2493 1256 2534 ac
1273 2461 1391 2554 supplicio

391 2563 522 2620 ‘eornm
535 2554 682 2620 liberaret
701 2555 829 2620 tandem
846 2553 1032 2644 Syracusas!
1185 2577 1285 2643 quum
1297 2551 1391 2617 racina

390 2655 503 2718 essent,
519 2663 591 2706 cum
607 2655 693 2707 tanto
714 2642 848 2707 clamore
864 2641 905 2706 ad
919 2663 1005 2706 arma
1019 2641 1192 2706 discursum
1207 2654 1265 2719 est,
1281 2653 1314 2705 ut
1331 2655 1391 2724 prat

390 2739 472 2792 tores
486 2727 570 2792 inter
584 2727 754 2792 tumultum
769 2727 876 2815 pavidi
895 2726 1145 2815 abequitaverint
1162 2727 1331 2815 Syracusas
1366 2717 1402 2782 El*

389 2835 431 2878 ne
442 2813 657 2901 fugaquidem
672 2836 781 2878 eorum
793 2813 906 2878 seditio
920 2837 990 2878 com
1013 2835 1097 2878 ressa
1110 2826 1167 2890 est,
1178 2814 1360 2901 impetusque
1371 2805 1391 2867 in

391 2898 601 3000 Syracusanos
615 2899 730 2964 milites
744 2900 879 2965 fiebant:
904 2923 964 2964 nec
979 2837 1018 2964 ab
1033 2898 1097 2964 ullo
1113 2912 1317 3000 temperatum
1328 2897 1389 2962 foret,

389 3009 423 3051 nt
439 2985 597 3075 Epicydes
612 2999 707 3074 atque
723 2985 932 3087 Hippocrates
947 2987 1011 3051 irae
1026 2985 1237 3051 multitudinis
1248 2977 1390 3052 obviabit·

389 3085 478 3139 sent:
502 3096 567 3138 non
581 3096 601 3138 a
614 3072 826 3138 misericordia
839 3085 895 3137 aut
909 3072 1047 3137 humano
1062 3071 1200 3150 consilio,
1210 3071 1268 3138 sed
1281 3093 1318 3134 ne
1371 3083 1389 3125 111

389 3158 509 3224 reditus
523 3158 742 3247 praeciderent
758 3158 826 3236 sibi,
843 3171 875 3223 et
890 3181 989 3245 quum
1006 3159 1090 3246 ipsos
1104 3158 1197 3223 simul
1217 3087 1390 3222 mffioesqqoe

388 3243 551 3323 haberent,
566 3245 659 3311 simul
681 3244 823 3321 obsides3
847 3257 916 3308 tum
937 3257 1086 3333 cognatos
1105 3266 1233 3333 quoque
1251 3263 1348 3310 eontnt
1361 3251 1389 3331 εξ·

373 3381 374 3386 1
389 3353 451 3418 que
466 3331 582 3396 amicos
597 3345 686 3397 tanto
700 3333 813 3396 merito
827 3331 973 3418 primum,
989 3330 1065 3396 dein
1079 3331 1209 3418 pignore
1224 3331 1282 3396 sibi
1296 3321 1399 3393 concil-³

427 3559 436 3592 r
459 3547 591 3608 Postqtm
617 3545 791 3606 Istppomtsm
819 3549 891 3610 atque
924 3543 954 3592 ct
967 3542 1074 3594 Brisaon.
1084 3544 1115 3592 de
1126 3543 1235 3593 Formul.
1244 3543 1317 3593 itae
1330 3539 1371 3588 8η

387 3610 520 3671 amam
547 3609 628 3658 anm
655 3609 766 3670 masc
794 3608 889 3667 mm]
954 3609 1187 3671 ,requiam
1196 3607 1333 3670 mm]
1348 3597 1386 3649 At

388 3675 479 3722 Adesse
500 3687 530 3720 ex
554 3671 649 3721 emend.
672 3671 778 3721 Gronov.
800 3670 890 3719 delerit
921 3674 1070 3736 quittaverim
1078 3670 1333 3721 DrakenbctBelrket.
1348 3663 1386 3712 ΝΜ

389 3735 496 3785 Belrlrer.
507 3734 549 3797 qui
559 3751 646 3785 cernar
660 3751 741 3785 mom
754 3751 804 3785 aare
819 3734 889 3783 intel·
921 3743 985 3784 tram
1002 3735 1140 3792 lectionem,
1158 3751 1222 3797 quae
1239 3751 1255 3784 a
1272 3746 1338 3782 manu
1352 3725 1387 3775 Gr

389 3799 430 3860 ligi
441 3803 532 3848 monet.
835 3813 838 3820 ⁴
923 3799 980 3848 rier.
991 3799 1109 3862 provenit,
1119 3804 1215 3848 mentua
1225 3805 1261 3848 est
1271 3795 1349 3847 Stroth·

425 3864 888 3924 samantneme]
954 3849 1385 3926 summosam]

390 3925 450 3973 Post
465 3926 578 3986 alutem,
588 3931 616 3974 ut
631 3939 684 3974 mos
697 3931 742 3984 est,
755 3925 824 3974 initio
840 3928 890 3988 epi·
922 3929 1022 3986 Merito,
1032 3928 1097 3989 quod
1111 3927 1142 3975 iis
1156 3926 1273 3976 militibus
1286 3924 1348 3972 vitan
1358 3927 1386 3964 &t

388 3989 465 4038 stolae
476 3989 566 4038 datam.
923 3997 1028 4049 venena
1042 3990 1385 4054 ptffnoraquodeosdamtrffl

422 4053 525 4116 3Reota
538 4069 594 4103 eum
606 4059 678 4116 atque
694 4054 777 4102 ordina
786 4055 888 4114 seciam]
922 4055 1047 4114 haberent,
1064 4061 1180 4117 tanquam
1200 4054 1300 4104 totidem
1316 4049 1385 4120 pitpffl
1403 4073 1404 4101 1

389 4115 511 4168 sollennia
520 4117 633 4176 formula,
643 4127 692 4179 qua
702 4116 806 4166 Senatus
817 4117 846 4165 P.
858 4118 890 4166 R.
922 4118 1106 4168 &recolendae
1116 4133 1145 4168 ac
1156 4119 1213 4168 fidei
1226 4132 1313 4174 eorum,
1321 4119 1384 4176 quq

389 4187 445 4230 acta
471 4180 570 4239 civium,
591 4180 742 4242 potissimum
768 4179 890 4243 magistra·
921 4182 1035 4244 guntione
1060 4182 1116 4232 illos
1141 4181 1275 4232 amicitiam
1295 4179 1385 4242 Syram

388 4249 469 4304 tuum,
479 4245 636 4308 compmbars
646 4245 753 4303 solebat,
768 4244 807 4293 cui
817 4245 890 4293 adde
922 4245 1099 4309 contingebant.
1116 4246 1195 4296 Cara.

389 4309 461 4355 batur
486 4321 660 4369 nonnunquam
682 4315 704 4357 ct
724 4324 738 4356 e
758 4310 889 4371 republica.
