2874 4772
338 261 402 320 310
507 331 513 338 ,
724 248 1005 318 'r1r1s1v11

184 402 398 468 U.c.541.est.
442 387 568 474 Itaque,
606 387 660 451 uis
672 386 776 476 primo
791 408 864 452 vere
879 397 1024 452 moturus
1043 384 1221 450 exercitum
1238 383 1272 448 in
1286 383 1370 448 Grae·

184 469 424 595 sshifipggmiam
453 486 532 550 erat,
561 410 687 560 Illyrios
716 472 931 573 finitimasque
960 473 998 536 iis
1027 471 1121 572 urhes
1149 470 1273 569 alterno
1298 477 1382 567 memo

185 597 318 659 vieimpo
400 572 467 626 etas
493 573 531 624 ut
556 557 748 626 Macedonia
772 558 912 637 haberet,
935 581 977 624 ex
1054 571 1174 624 nonem
1200 557 1326 622 subitam
1344 577 1370 618 m

186 666 235 711 cat
406 647 550 712 cinorum
576 659 671 732 atque
693 644 946 732 Apolloniatium
988 667 1044 710 nes
1063 643 1156 710 fecit:
1190 661 1370 730 egressosque

346 732 576 821 Apolloniatas,
598 753 673 796 cum
695 753 811 818 magno
833 743 950 798 terrore
972 743 1069 818 atque
1090 752 1220 817 pavore,
1243 724 1369 813 compulit

345 819 430 886 intra
457 840 572 887 muros.
618 815 757 882 Vastatis
785 817 938 904 proximis
966 815 1097 904 Illyrici,
1123 816 1159 880 in
1189 813 1370 900 Pelagoniam

346 905 459 972 eadem
474 903 635 972 eeleritate
649 904 744 970 vertit
758 903 836 974 itera
860 902 936 968 inde
953 902 1181 968 Dardanorum
1196 901 1304 966 urbem
1317 897 1384 966 Sint

348 992 435 1070 tiam,
456 991 490 1056 in
510 989 736 1056 Macedoniam
755 989 922 1054 transitum
940 988 1100 1053 Dardanis
1119 987 1284 1062 facttrram,
1298 983 1370 1080 oepit

349 1076 412 1144 His
422 1077 536 1164 raptim
546 1075 633 1154 actis,
646 1098 768 1142 memor
782 1074 924 1140 Aetolici
937 1075 1103 1161 iunctique
1118 1096 1196 1138 cum
1208 1096 1248 1138 eo
1258 1071 1371 1136 Roman

347 1163 433 1242 belli,
490 1183 506 1226 r
520 1160 737 1250 Pelagoniam,
746 1172 780 1227 et
794 1160 953 1249 Lyncum,
964 1171 998 1226 et
1013 1159 1206 1236 Bottiaeam,
1218 1159 1254 1224 in
1263 1157 1373 1222 Thesa-

348 1249 424 1316 liam
461 1247 612 1314 escendit
657 1248 714 1312 Ad
727 1247 848 1313 bellum
862 1269 970 1314 secum
980 1246 1129 1313 adversus
1140 1245 1278 1310 Aetolos

349 1334 486 1402 sendum
499 1333 623 1400 incitari
638 1355 729 1421 posse
744 1333 888 1400 homines
903 1331 1069 1398 credebat:
1093 1345 1136 1410 et,
1147 1331 1263 1397 relicto
1276 1262 1374 1394 ciffi

349 1445 403 1487 ces
418 1419 600 1486 Themaliae
614 1419 732 1485 Perseo
742 1442 818 1485 cum
832 1431 983 1506 quattuor
996 1417 1135 1483 millibus
1149 1429 1335 1482 annatomm
1345 1409 1387 1476 adl

350 1507 504 1573 arcendos
518 1506 607 1572 aditu
622 1505 765 1583 Aetolos,
780 1506 858 1592 ipse,
873 1505 1057 1593 priusquam
1076 1504 1253 1570 maioribus
1266 1521 1375 1586 occupa·

350 1604 438 1660 retur
451 1592 555 1668 rebus,
571 1592 606 1656 in
620 1591 856 1670 Macedoniam,
871 1605 967 1678 atque
982 1590 1058 1656 inde
1073 1591 1107 1656 in
1122 1589 1295 1655 Thraciam
1307 1606 1375 1651 exer·

351 1679 451 1746 citum
461 1701 499 1742 ac
513 1676 649 1744 Maedos
657 1678 759 1744 duxit.
804 1677 970 1743 Incurrere
981 1699 1020 1741 ea
1029 1698 1108 1763 gens
1122 1676 1158 1742 in
1173 1672 1375 1742 Macedoniam

351 1763 445 1830 solita
465 1775 543 1841 erat,
566 1763 622 1828 ubi
646 1786 755 1852 regem
781 1776 970 1864 occupatum
992 1776 1125 1828 externo
1149 1761 1250 1841 bello,
1272 1783 1306 1826 sc
1326 1758 1375 1822 sine

351 1848 509 1938 praesidio
531 1871 599 1918 esse
625 1872 760 1936 regnum
784 1862 939 1916 sensisset
985 1849 1042 1914 Ad
1070 1847 1281 1935 Phragondss
1302 1845 1376 1932 igitur

351 1948 472 2002 vastare
500 1957 600 2022 agros,
631 1948 664 2002 et
692 1937 804 2002 urbem
833 1933 1079 2023 Iamphorinam,
1103 1947 1204 2022 caput
1233 1950 1376 2016 arcemque

195 2037 302 2112 amma
352 2019 531 2099 Maedicae,
556 2044 741 2109 oppugnare
767 2022 881 2109 coepit
928 2021 1055 2108 Scopas,
1081 2020 1137 2085 ubi
1161 2013 1376 2107 profectumin

194 2115 251 2212 ffi}
259 2100 320 2211 ᾖ
353 2107 522 2176 Thraeiam
542 2131 660 2195 regem,
685 2121 938 2195 occupatumque
957 2109 1003 2172 ibi
1024 2106 1108 2172 bello
1130 2106 1266 2184 audivit,
1284 2117 1376 2200 armato

194 2232 253 2275 runt
263 2227 338 2276 Aeto
352 2193 440 2261 omni
473 2195 639 2260 iuventute
669 2193 869 2272 Aetolorum,
899 2193 1019 2260 bellum
1053 2193 1169 2258 inferre
1203 2194 1376 2258 samanae

195 2291 222 2340 u
352 2295 450 2368 parat
495 2280 659 2346 Adversus
699 2280 765 2345 uod
785 2280 990 2348 Acarnanum
1004 2300 1082 2366 gens
1102 2290 1136 2344 et
1149 2278 1274 2345 viribus
1292 2277 1376 2361 impu,

194 2355 324 2465 „Ama
353 2380 387 2466 et
406 2367 470 2432 iam
493 2365 655 2466 Oeniadas
676 2303 866 2467 llasumque
888 2365 1001 2431 amissa
1021 2385 1163 2442 oernens,
1190 2365 1316 2430 Roman
1333 2377 1390 2460 ⁸aas

195 2479 291 2530 tunso.
354 2473 483 2539 msuper
505 2473 593 2518 arma
613 2473 770 2538 mgroere,
793 2473 841 2518 rra
861 2452 961 2539 magis
981 2451 1118 2528 instruit,
1140 2473 1243 2537 quam
1263 2473 1300 2516 co
1357 2467 1377 2518 0,

353 2537 482 2606 bellum.
530 2537 732 2624 Coniugibus
752 2537 843 2604 liberi
883 2561 923 2602 ue
944 2549 978 2602 et
998 2537 1174 2604 senioribus
1197 2559 1295 2624 supra
1312 2552 1378 2598 sexs-

354 2623 445 2710 ginta
465 2645 565 2688 annos
584 2625 619 2688 in
637 2623 849 2724 propinquam
902 2624 1007 2724 pirum
1026 2623 1138 2700 mimis,
1158 2625 1200 2690 ab
1220 2618 1378 2710 quindecim

355 2707 397 2774 ad
412 2708 576 2794 sexaginta
586 2731 686 2774 annos
697 2723 875 2787 comurant,
884 2711 945 2774 ursi
956 2710 1099 2786 victores,
1112 2731 1145 2774 se
1157 2731 1227 2774 non
1237 2708 1376 2774 rectiora

359 2793 427 2868 Qut
441 2794 543 2859 victus
557 2795 624 2860 acie
639 2795 831 2873 excessisset,
844 2818 918 2861 eum
932 2818 974 2861 ne
989 2796 1061 2882 quis
1074 2795 1163 2873 urbe,
1175 2806 1275 2873 tecto,
1286 2809 1377 2862 mens,

356 2879 421 2946 lane
432 2881 595 2968 reciperet,
608 2881 708 2948 diram
720 2882 968 2948 exsecrationem
980 2881 1016 2946 in
1029 2880 1208 2968 populares,
1221 2876 1378 2948 obtestatio

356 2989 431 3032 nem
447 2988 544 3054 quam
558 2968 785 3034 sanctimimam
801 2979 975 3055 potucnmt
989 2967 1138 3034 adversus
1154 2967 1306 3056 hospites,
1316 2982 1379 3028 oom-

356 3066 549 3202 posuerunt:
574 3054 757 3140 precatique
772 3053 867 3120 simul
882 3053 1028 3141 Epirotas
1042 3065 1126 3130 umt,
1141 3065 1186 3130 nt,
1203 3054 1262 3141 qui
1277 3065 1378 3118 suarna

369 3161 390 3203 n
414 3139 481 3204 acie
505 3139 702 3217 cecidissent,
724 3161 780 3205 eos
801 3163 867 3206 uno
889 3140 1011 3206 tumulo
1032 3152 1252 3226 contegerent,
1274 3135 1379 3204 adhibe*

356 3237 491 3311 rentque
512 3225 650 3293 humatis
667 3225 814 3292 titulum:
842 3247 898 3292 mc
915 3247 981 3292 srrr
1000 3245 1086 3292 suun
1108 3245 1316 3302 nemausa,
1329 3237 1378 3291 ott

356 3331 528 3376 museus
552 3333 616 3376 vm
638 3332 754 3383 araur
780 3333 939 3380 rammam
962 3333 1167 3378 annosorum
1192 3333 1259 3378 rao
1281 3323 1378 3400 narso

357 3417 565 3476 ruouau'rns,
591 3419 732 3464 uosrmr
761 3419 1011 3466 ocouuunnuus.
1068 3397 1133 3464 Per
1159 3399 1241 3464 haec
1269 3397 1378 3464 incitans

358 3483 480 3561 animis,
496 3497 597 3550 castra
611 3484 645 3548 in
658 3485 808 3551 extremis
818 3485 1008 3550 finibussuis
1021 3484 1115 3550 obvia
1125 3483 1209 3550 hosti
1220 3489 1377 3572 pomenml

358 3567 392 3634 N
394 3570 491 3636 untiis
502 3570 543 3634 ad
558 3569 743 3659 Philippum
755 3571 866 3648 missis,
879 3586 999 3658 quanto
1010 3593 1059 3636 res
1073 3570 1108 3635 in
1119 3567 1300 3637 discrimine
1310 3573 1377 3634 esset!

358 3656 504 3722 omittere
528 3653 715 3744 Philippum
736 3656 780 3734 id,
803 3657 891 3744 quod
912 3657 947 3722 in
965 3656 1111 3723 manibus
1131 3670 1209 3735 erat,
1231 3659 1378 3742 coegerim1

358 3737 488 3819 bellum,
512 3741 716 3830 Iamphorina
738 3765 796 3830 per
818 3743 1015 3810 deditionem
1038 3754 1176 3830 recepto,
1198 3755 1232 3808 et
1255 3753 1378 3830 prospero

390 3923 405 3972 6
424 3927 527 3976 Ammo
545 3931 623 3989 metu]
652 3931 773 4003 Alternus
789 3938 867 3981 mnu
899 3933 942 3980 sed
953 3927 1378 4006 (Jrsrieriosllterplsclalls‘llli,mima

358 3995 404 4046 est,
419 3996 557 4051 exponente
575 3993 708 4068 Gronquo,
726 3994 867 4058 Illyriorum
900 3995 1074 4071 expraefectis'
1086 3994 1213 4070 regiishre
1228 3989 1377 4066 multatus

358 4051 610 4176 “urlllfnliinllliiiii
623 4069 690 4118 pnur
701 4057 865 4132 Macedonum
899 4074 993 4171 pirpppe
1008 4059 1118 4172 Phrlpprpr
1136 4059 1202 4134 fihps
1213 4050 1376 4172 pudeppffi

358 4130 373 4162 ⁸
393 4151 866 4245 ,staminiimaaammm-
900 4139 959 4236 suni
967 4139 1044 4236 ils&
1052 4137 1211 4236 huihfm
1229 4137 1281 4185 'Pu

358 4239 444 4290 bonius
454 4256 498 4302 pro
508 4243 574 4353 vulg.
584 4245 656 4292 sitm
667 4247 695 4294 ta
702 4249 856 4298 Macedonia
929 4265 946 4313 9
962 4252 1073 4312 Amissa]
1088 4252 1186 4316 Oppido
1197 4249 1296 4309 seilicet,
1303 4252 1328 4295 πὶ
1335 4243 1377 4292 1³¹*

390 4303 526 4364 arnseo]
575 4321 669 4356 erseum
682 4309 793 4421 Phihppi
803 4313 866 4374 regis
898 4313 1074 4365 kenhmonot.

358 4365 436 4413 filium
458 4367 524 4415 hunc
546 4369 619 4418 luisse
641 4377 723 4420 censet
764 4373 865 4435 igonius,
