2874 4772
320 227 416 293 LIB.
441 225 570 294 xxvi
604 225 716 294 CAP.
740 234 792 294 28.
1023 231 1088 296 313

44 361 159 448 ‘pridie
179 383 256 428 eum
275 363 459 428 verberibus
477 364 666 450 castigatum
685 362 878 428 abdominis
897 361 1086 441 discam,
1098 379 1131 430 U.
1142 379 1173 431 ο.
1189 393 1246 446 54²·

45 455 53 484 ‘
101 449 210 512 riram
228 471 266 513 ac
282 448 442 514 levitatem
457 472 499 513 ex
513 473 547 514 re
567 449 697 514 fortuita
710 449 831 514 crimen
850 446 1127 514 commentum’ss
1144 446 1174 495 ⁰·
1190 459 1245 496 ²¹²

73 547 193 598 ererum
209 547 248 598 ut
260 557 367 599 coram
387 536 647 622 coarguebantur,
663 549 697 600 et
735 535 854 601 uaestio
874 557 915 600 ex
935 535 1087 600 ministris

43 617 184 684 facinoris
198 621 267 685 foro
282 621 388 686 medio
403 621 514 686 baberi
525 635 638 708 coepta
651 634 709 698 est,
786 621 928 698 iomues‚
941 635 973 686 at
997 645 1037 686 ue
1051 622 1087 685 in

43 703 184 770 dominos
214 729 383 793 servosque
413 708 555 772 conscios
583 707 836 772 animadversum
865 721 921 774 est.
1023 707 1088 773 dici

41 789 165 856 libertas
180 792 265 870 data,
282 807 316 858 et
328 794 443 881 viginti
457 793 557 858 millia
570 794 659 860 aeris.

85 875 219 942 Consuli
235 879 377 944 Laevino
394 878 540 966 Capuam
549 878 762 966 praetereunti
778 879 967 944 circumfusa
980 878 1088 944 multi·
1097 895 1219 959 Campani

42 961 117 1028 tudo
134 963 217 1030 Cam
282 988 371 1030 orum
393 978 450 1042 est,
466 966 697 1031 obsecrantium
716 987 790 1030 cum
810 964 956 1042 lacrimis,
976 979 1014 1030 ut
1028 961 1247 1034 sibiquerelude

43 1047 177 1114 Romam
192 987 393 1116 adi'enatum
407 1052 455 1116 ire
470 1051 589 1130 liceret,
605 1065 739 1128 oratum,
755 1051 781 1115 si
796 1073 861 1138 qua
874 1051 1088 1116 misericordia
1096 1022 1237 1136 fflffi*

42 1134 168 1201 tandem
190 1137 278 1203 flecti
299 1153 438 1224 possent,
460 1159 501 1202 ne
523 1160 557 1202 se
579 1137 621 1202 ad
642 1137 790 1202 ultimum
811 1137 973 1224 perditum
994 1137 1088 1214 irent,
1098 1149 1228 1200 Veterum

42 1241 221 1322 nomenque
237 1221 475 1311 Campanorum
486 1247 506 1288 a
519 1224 561 1299 Q
572 1222 686 1288 Flacco
697 1222 796 1288 deleri
808 1222 956 1289 sinerent.
998 1221 1089 1288 Flac-
1097 1214 1154 1265 ⁰⁰⁵

42 1328 103 1384 cus,
129 1309 211 1373 ‘srbi
240 1310 395 1396 privatam
420 1309 615 1376 simultatem
644 1332 718 1374 cum
744 1308 937 1396 Campanis,’
960 1331 1088 1397 negare,

43 1393 155 1458 ‘ullam
170 1417 258 1460 esse:
282 1394 424 1483 publicas
438 1396 620 1460 inimicitias
633 1413 667 1460 et
681 1395 811 1460 hostiles
825 1417 902 1472 esse,
913 1409 946 1460 et
955 1395 1088 1474 futuras,

43 1480 166 1564 ‘quoad
196 1504 237 1546 eo
266 1482 372 1546 animo
396 1503 463 1547 esse
489 1503 565 1568 erga
589 1481 743 1568 populum
774 1480 958 1546 Romanum
983 1481 1087 1547 sciret.

43 1564 190 1631 ‘Nullam
214 1567 301 1632 enim
324 1568 471 1632 interris
495 1580 625 1655 gentem
646 1589 723 1645 esse,
746 1567 870 1632 nullum
893 1568 1088 1633 infestiorem

44 1653 212 1738 ‘populum
225 1654 347 1718 nomini
363 1652 520 1719 Romano.
566 1653 645 1718 Ideo
659 1675 693 1718 se
708 1654 874 1718 moenibus
888 1654 1026 1720 inclusos
1040 1665 1089 1719 te-

21 1743 135 1802 2‘nere
150 1762 224 1804 eos:
249 1740 334 1826 quia,
350 1740 448 1826 siqui
463 1740 633 1805 evasissent
647 1739 762 1826 aliqua,
778 1739 866 1805 velut
879 1739 960 1805 feras
974 1739 1090 1806 bestias

43 1828 114 1909 ‘per
140 1848 234 1912 agros
263 1825 378 1914 vagari,
405 1839 440 1890 et
463 1825 591 1903 laniare,
618 1838 652 1890 et
681 1824 848 1902 trucidare,
872 1825 1089 1912 quodcunque

43 1910 186 1976 ‘obvium
198 1911 301 1977 detur.
347 1912 438 1976 Alios
449 1911 490 1976 ad
506 1910 720 1977 Hannibalem
732 1911 943 1998 transfirgime,
955 1911 1033 1976 alios
1047 1911 1090 1976 ad

44 2001 53 2031 ‘
63 1994 196 2063 Romam
213 1997 448 2062 incendendam
459 1998 625 2085 profectos.
670 1994 881 2061 Inventurum
892 1998 927 2060 in
938 1996 1089 2061 semiusto

44 2081 127 2148 ‘loro
156 2083 321 2150 consulem
350 2083 483 2170 vestigia
510 2082 636 2147 sceleris
667 2081 914 2168 Campanorum
970 2080 1088 2146 Vestae

45 2169 170 2234 ‘aedem
185 2171 330 2271 petitam,
343 2184 376 2234 et
390 2183 535 2235 aeternos
549 2169 649 2268 ignes,
665 2179 697 2232 et
709 2165 874 2232 conditum
888 2167 923 2230 in
933 2166 1089 2253 penetrali

22 2261 53 2316 3‘
60 2253 151 2322 fatale
190 2279 285 2344 rgnus
299 2255 423 2343 imperii
440 2255 588 2319 Romana
636 2252 677 2318 Se
692 2252 824 2317 minime
839 2273 966 2320 censere
983 2264 1089 2317 tutum

45 2348 138 2420 ‘esse‚
183 2365 234 2407 am
299 2342 327 2406 is
340 2353 528 2429 potestatem
541 2339 681 2404 intrandi
698 2338 845 2404 Romana
859 2338 987 2404 moenia
999 2337 1089 2404 fieri)

43 2425 201 2494 Laevinus
252 2450 411 2515 ampanos,
427 2426 631 2492 iureiurando
651 2448 671 2490 a
689 2425 803 2490 Flacco
822 2425 959 2502 adactos,
976 2425 1089 2512 quinto
1097 2441 1206 2492 Romam

43 2511 102 2590 die,
118 2537 217 2601 quam
231 2515 271 2580 ab
285 2527 398 2579 senatu
417 2535 603 2600 responsum
620 2512 824 2599 accepissent,
842 2510 988 2599 Capuam
1005 2511 1165 2576 redi-⁰³¹¹&

43 2611 136 2679 turos,
157 2602 250 2687 sequi
272 2624 305 2666 se
328 2600 466 2664 Romam
484 2599 581 2664 iussit.
628 2597 700 2664 Hac
721 2598 928 2664 circumimus
945 2597 1090 2663 multitu·

44 2683 125 2764 dine,
151 2687 248 2752 simul
279 2685 393 2751 Siculis
418 2685 544 2750 obviam
569 2687 700 2773 egressis
728 2683 925 2772 Aetolisque,
951 2683 1089 2750 Romam

43 2773 184 2856 praeivit,
210 2772 451 2838 clarissimarum
475 2773 602 2837 urbium
627 2771 753 2837 excidio
778 2771 990 2837 celeberrimis
1014 2771 1091 2835 viris

43 2857 139 2923 victos
152 2858 240 2923 bello
254 2872 449 2924 accusatores
463 2859 498 2922 in
515 2859 627 2924 urbem
642 2857 813 2922 adducens.
859 2857 912 2922 De
927 2856 1091 2942 republica

44 2956 147 3094 tempu
165 2945 305 3031 primum
319 2968 356 3010 ac
370 2944 411 3009 de
426 2945 596 3032 provinciis
616 2945 709 3008 ambo
724 2941 869 3008 consules
883 2942 925 3006 ad
944 2953 1088 3006 senatum

44 3043 109 3094 retu
123 3054 187 3096 ere.

86 3115 136 3182 Ibi
155 3116 326 3195 Laevinus,
347 3141 413 3204 quo
431 3128 515 3183 statu
535 3115 728 3182 Macedonia
749 3125 783 3180 et
804 3111 948 3191 Graecia,
970 3111 1089 3191 Aetoli,
1147 3117 1198 3178 28.
1241 3133 1243 3140 ’
1265 3187 1271 3195 ,

45 3202 228 3268 Acarnanes
253 3202 413 3291 Locrique
438 3215 552 3279 essem,
579 3223 721 3302 quasque
746 3199 791 3265 ibi
814 3221 864 3264 res
886 3199 952 3286 ipse
975 3199 1090 3285 egisset

45 3299 126 3354 terra
147 3290 301 3377 marique,
322 3313 362 3355 cx
406 3289 477 3353 suit.
524 3284 738 3373 ‘Philippum
759 3284 947 3350 inferentem
970 3284 1090 3351 bellum

46 3376 200 3454 ‘Aetolia
212 3376 247 3441 in
262 3313 487 3442 Maceddniem
501 3386 585 3438 retro
600 3373 639 3437 ab
654 3393 687 3436 se
702 3393 773 3436 com
796 3371 910 3449 ulsum,
923 3371 964 3435 ad
977 3371 1091 3436 intima

48 3463 194 3547 ‘penitus
219 3463 310 3562 regni
339 3462 450 3539 abisse,
477 3459 700 3548 legionemque
730 3457 764 3521 in
787 3480 805 3522 e
830 3457 947 3522 deduci
976 3479 1087 3545 posse:

26 3547 194 3614 4‘classem
208 3561 282 3613 sans
297 3571 363 3614 esse
378 3547 420 3613 ad
433 3545 606 3612 arcendum
620 3542 714 3609 Italia
726 3545 854 3631 regem’
898 3541 989 3608 Haec
1004 3542 1044 3607 de
1056 3566 1090 3608 se
1100 3561 1240 3612 Pmrinoia

47 3630 149 3720 deque
169 3633 341 3722 provincia,
357 3634 410 3698 cui
430 3633 616 3721 praefuerat.
665 3629 844 3696 Consulum
858 3628 899 3694 de
943 3626 1225 3702 rovinciisnmdivt

47 3722 221 3786 communis
235 3720 347 3786 relatio
365 3720 435 3785 fuit.
481 3719 660 3785 Decrevere
681 3716 803 3794 Patres,
820 3715 889 3782 ‘Ut
938 3716 995 3782 teri
1014 3705 1143 3781 con-⁸¹⁰·

78 3981 230 4038 neela...
244 3981 345 4043 owart]
372 3976 477 4028 Insolita
495 3993 551 4027 con·
583 3975 716 4042 legionario
729 3975 817 4038 milite,
827 3975 898 4026 sociis
908 3981 1004 4026 tantum
1018 3993 1092 4027 nare-

48 4043 153 4092 structio.
176 4043 206 4092 el'.
215 4058 280 4106 supr.
289 4043 321 4093 ir.
333 4057 356 4106 3.
366 4045 429 4104 et,ri
440 4057 551 4092 macr·
584 4042 649 4091 libus
665 4042 816 4090 instructam.
852 4041 916 4092 Socii
934 4041 1000 4090 enim
1018 4057 1092 4090 neve·

48 4105 99 4152 dem
109 4123 164 4168 opes
174 4109 269 4158 babere
584 4107 628 4165 leo,
643 4111 672 4155 ut
688 4105 844 4168 probavimus
857 4106 888 4154 ed
900 4105 949 4153 xxi.
962 4120 1001 4168 49.
1011 4120 1062 4153 non
1073 4103 1091 4152 ii

80 4171 197 4229 3Fotole
204 4173 309 4234 ρι’φιιιε]
329 4169 478 4228 Palladium,
486 4171 552 4232 quod
584 4171 663 4218 solum
685 4175 750 4228 sunt,
772 4169 813 4231 qui
835 4169 934 4218 nautica
958 4167 1093 4216 ministeria

48 4230 73 4278 ln
84 4235 144 4284 aede
155 4235 247 4284 Vestae
261 4237 292 4285 ab
308 4236 393 4284 Aenea
408 4235 433 4284 in
451 4234 552 4283 Italiam
584 4235 684 4292 obeunt,
691 4234 735 4282 sed
745 4239 770 4282 et
781 4233 872 4282 milites
883 4231 980 4282 tuendis
990 4229 1093 4282 navibus

49 4295 186 4360 advenum,
196 4299 312 4348 maerrmi
323 4299 473 4348 lectitabant.
584 4297 703 4348 attributi.
723 4298 804 4348 (lm.

80 4376 96 4419 4
111 4362 216 4414 Οῑωιοιπ
224 4365 286 4415 sotir
295 4365 358 4425 erre]
380 4363 490 4415 cruam
501 4361 553 4412 sine
