2878 4772
349 189 413 252 382
733 177 848 246 ΤΙΤΙ
878 177 1011 246 LIVII

187 335 267 450 rt:
283 319 478 470 nitu
489 327 635 466 nrt
646 399 685 467 0.
712 326 853 466 tm
864 313 1067 489 ..rtem
1100 313 1400 466 ...estre

390 490 485 580 pulus
496 488 691 554 mentionem
704 487 772 552 eius
782 487 829 552 rei
840 500 941 554 ortam
953 510 973 552 a
986 487 1137 552 Patribus
1149 501 1203 552 est
1214 503 1399 575 aspernans

384 599 444 642 nus
459 597 528 641 eam
543 597 611 640 rem
626 575 661 638 in
675 573 802 640 civitate
817 574 854 651 is,
869 573 923 638 cui
937 573 1140 640 deferebatur
1154 573 1280 650 honos,
1296 574 1400 638 abnue·

345 664 410 740 bat,
426 662 587 726 levitatem
605 660 741 725 civitatis
755 682 914 726 accusans.
961 659 1146 725 ‘Sordidati
1163 660 1216 724 rei
1238 683 1310 724 non
1323 661 1399 722 misr·

347 749 453 825 ‘ritus
469 746 638 812 candidam
654 759 759 832 togam
772 746 872 811 invito
886 747 1017 811 offerre:
1042 746 1162 811 eodem
1178 745 1328 811 honores
1339 768 1399 832 pue

347 844 490 921 ‘nosque
510 833 647 919 congeri.
697 831 732 898 Si
751 834 871 898 bonurn
886 833 990 897 virum
1005 832 1176 910 ducerent,
1194 832 1285 932 quid
1299 833 1345 896 ita
1355 853 1398 917 pru

347 921 452 986 ‘malo
467 943 504 985 ac
519 920 617 984 noxio
628 918 853 984 damnassent?
876 917 911 982 Si
923 919 1055 983 noxium
1070 933 1326 1005 compenaeent,
1337 915 1397 1003 quil

347 1009 422 1085 ‘ita
446 1006 527 1070 male
553 1005 675 1070 credito
701 1004 805 1092 priore
832 1004 1007 1082 consulatu,
1030 1003 1171 1069 alterum
1200 1002 1399 1070 crederent?

347 1092 438 1158 Haec
456 1091 594 1178 telisque
610 1102 796 1178 arguentem
810 1104 844 1154 et
858 1104 1045 1177 querentem
1065 1112 1119 1154 cas
1135 1089 1143 1104 '
1192 1091 1281 1155 bant
1295 1090 1397 1163 Patres

348 1188 400 1244 ‘et
426 1177 473 1243 M.
485 1177 637 1253 Furium,’
663 1189 884 1253 memorantes,
910 1185 1110 1241 ‘revocatum
1161 1199 1183 1240 e
1208 1177 1340 1254 exsilio,
1358 1198 1399 1262 pe

348 1274 359 1304 ⁴
370 1266 462 1330 triam
473 1263 597 1352 pulsam
608 1262 684 1328 sede
696 1285 754 1327 sua
767 1263 948 1328 restituisse.
988 1261 1036 1326 Ut
1046 1275 1228 1348 parentum
1239 1263 1399 1328 saevitiam.

349 1352 414 1416 ‘sic
429 1351 559 1438 patriae,
573 1347 725 1436 patiendo
740 1371 777 1414 ac
795 1348 928 1414 serendo
947 1347 1131 1412 leniendam
1152 1351 1254 1414 esse?
1302 1349 1400 1414 annisi

348 1459 468 1514 omnes,
484 1457 556 1502 cum
575 1434 614 1500 C.
630 1434 769 1500 Claudio
784 1433 831 1500 M.
846 1433 975 1500 Livium
989 1433 1156 1500 consulem
1172 1435 1341 1500 fecerrmt.

280 1571 289 1590 .
391 1522 470 1587 Post
491 1521 577 1585 diem
600 1521 729 1586 tertium
752 1521 821 1586 eius
842 1519 908 1585 diei
927 1535 1108 1609 praetorum
1131 1520 1279 1586 comitia
1300 1521 1399 1586 habita

349 1609 514 1673 Praetores
529 1607 626 1671 creati
644 1605 683 1672 L.
696 1607 828 1672 Porcius
847 1605 991 1684 Licinus,
1008 1605 1047 1671 C.
1061 1605 1252 1684 Mamilius,
1270 1609 1315 1672 A.
1328 1623 1358 1672 ct
1370 1605 1399 1670 C.

350 1693 482 1758 Hostilii
502 1691 650 1758 Catones.
698 1691 847 1758 Comitiis
864 1692 1022 1780 perfectis,
1042 1692 1199 1778 ludisque
1223 1694 1334 1772 factis,
1350 1693 1401 1757 dic·

350 1791 432 1846 tator
445 1791 479 1844 et
493 1779 642 1879 magister
656 1779 801 1880 equitnm
817 1779 1001 1865 magistratu
1020 1778 1179 1843 abierunt.
1234 1779 1282 1844 C.
1295 1781 1402 1846 Teren·

349 1867 412 1931 tius
430 1864 529 1930 Varro
543 1887 578 1928 ιιι
595 1863 755 1930 Etruriam
769 1877 954 1952 propraetor
970 1865 1091 1941 missus,
1107 1877 1146 1928 ut
1164 1887 1214 1929 ex
1231 1889 1277 1931 ea
1291 1866 1402 1954 provin
1432 1891 1433 1918 ι

349 1953 399 2018 cia
422 1951 461 2017 C.
476 1949 634 2016 Hostilius
656 1949 833 2016 Tarentum
855 1949 896 2015 ad
917 1972 991 2015 eum
1014 1950 1198 2015 exercitum
1223 1951 1305 2029 iret,
1323 1973 1415 2039 quen:

349 2039 389 2103 T.
405 2037 578 2113 Quinctius
597 2035 709 2102 consul
728 2037 891 2102 habuerat.
938 2035 982 2101 Et
1002 2035 1041 2100 L.
1055 2035 1209 2102 Manlius
1224 2051 1321 2103 trans
1334 2059 1415 2109 ment

348 2123 361 2189 l
436 2147 472 2188 us
484 2124 553 2200 iret,
563 2122 752 2209 viseretque,
762 2145 844 2210 quae
854 2145 904 2188 res
915 2123 960 2188 ibi
970 2135 1178 2209 gererentur:
1206 2122 1401 2211 sianqnod

351 2209 521 2298 Oympiae
539 2208 698 2274 ludicrum
713 2231 752 2273 ea
770 2221 888 2274 aestate
902 2209 1045 2274 futurum
1059 2221 1138 2286 erat,
1153 2210 1257 2294 quod
1279 2209 1415 2277 maxim
1432 2225 1433 2254 ι

349 2309 444 2362 coetu
462 2295 615 2361 Graeciae
630 2294 852 2372 celebraretur,
868 2307 913 2372 ut,
928 2295 955 2360 si
971 2307 1041 2360 tuto
1051 2316 1116 2444 per
1137 2293 1281 2360 hostem
1304 2312 1400 2384 poeet
1432 2267 1433 2351 l

350 2382 453 2447 adiret
475 2381 509 2446 id
530 2380 720 2446 concilium:
746 2392 791 2457 ut,
809 2381 866 2468 qui
886 2379 986 2447 Siculi
1011 2381 1050 2445 be
1074 2403 1095 2447 o
1118 2381 1166 2444 ibi
1223 2383 1346 2470 rofirgi
1362 2399 1400 2445 eu

351 2467 520 2532 Tarentini
539 2467 624 2532 cives
643 2467 774 2554 relegati
794 2467 834 2532 ab
851 2465 1033 2532 Hannibale
1051 2479 1168 2542 essent,
1188 2404 1315 2534 domos
1336 2467 1401 2532 red

350 2567 432 2630 rent,
448 2553 639 2640 scirentque,
654 2575 713 2618 sua
731 2553 848 2630 omnia,
864 2575 946 2640 quae
968 2567 1043 2618 ante
1064 2551 1192 2618 bellum
1214 2553 1400 2627 habuissent,
1431 2591 1432 2645 ι

351 2639 489 2703 reddere
504 2639 659 2725 populum
675 2639 867 2704 Romanum.

397 2723 485 2800 Quia
498 2724 779 2812 periculosissimus
799 2747 902 2790 annus
920 2725 1086 2790 imminere
1101 2723 1297 2804 videbatur,
1313 2747 1400 2812 neque
1430 2781 1431 2784 ,

352 2809 497 2876 consules
518 2809 552 2874 in
571 2811 735 2910 republica
753 2825 854 2888 erent,
869 2812 904 2876 in
924 2810 1069 2876 consules
1090 2810 1290 2898 designatos
1308 2833 1399 2878 omnes

351 2897 444 2976 versi,
460 2918 556 2998 quarn
574 2918 713 2983 primum
734 2919 788 2962 eos
808 2897 912 2998 sortiri
931 2897 1118 2984 provincias,
1135 2909 1169 2960 et
1184 2900 1410 2984 praesciscere

193 3087 315 3164 (ιιι
351 3006 509 3134 libid..
564 3005 607 3133 ¹¹2
628 2981 1396 3166 ttt.1t.ttt⁰.⁰¹2trr⁰⁰ffl.lt⁸.‘ttl⁴l¹‡
1429 3103 1430 3120 ι

193 3157 327 3214 effutire
352 3167 429 3222 natu
449 3167 556 3222 aetum
573 3168 631 3232 eet,
652 3155 808 3242 principio
830 3154 913 3219 facto
928 3177 948 3218 a
965 3155 1006 3230 Q„
1020 3091 1118 3219 labio
1133 3153 1303 3221 Maximo.
1346 3155 1408 3220 1n÷

193 3215 324 3264 conciliau-

193 3283 241 3331 tur.

385 3344 399 3379 a
416 3332 493 3390 Quem
506 3333 532 3380 T.
544 3332 674 3390 Quinctiae
686 3333 772 3382 musal
783 3331 859 3380 baba·
891 3329 1001 3394 reposuit
1012 3331 1119 3382 Bekker.

351 3395 418 3455 erat]
438 3395 676 3457 Haecrerbaquae
689 3393 734 3442 ribi
750 3396 819 3444 rrnllo
834 3394 859 3443 in
923 3397 1084 3458 401ympr'oe
1102 3395 1229 3444 ludim
1251 3413 1286 3448 se
1307 3394 1395 3453 ΜΞ

351 3459 442 3521 scripto
458 3459 530 3506 obvia
545 3457 619 3506 farisse
632 3457 772 3507 Gronovius
787 3463 859 3507 testa-
893 3457 934 3507 Ex
942 3459 1065 3508 Dodrrelli
1073 3458 1206 3516 sententia.
1214 3460 1247 3508 de
1257 3462 1391 3524 cytisos

351 3525 400 3583 tur,
416 3537 461 3571 nos
479 3521 505 3572 in
524 3521 651 3570 Victorino
670 3521 755 3570 codice
771 3521 859 3584 reperi-
892 3521 958 3572 Dies.
975 3537 1000 3572 x.
1017 3523 1082 3584 ἐμ.
1096 3529 1120 3571 et
1135 3535 1175 3584 45.
1195 3524 1335 3587 Olympias
1347 3523 1396 3572 beli

351 3601 415 3645 mue,
431 3585 477 3634 nisi
493 3587 559 3647 quod
577 3590 700 3634 mutatum
718 3585 753 3633 ibi
769 3600 859 3634 nomen
892 3601 960 3634 orum
982 3601 1032 3634 ιιοιι
1054 3588 1080 3634 in
1101 3586 1168 3634 huno
1189 3601 1304 3648 annum,
1320 3589 1360 3636 ssd
1378 3587 1395 3632 ir

352 3649 459 3698 consulis
480 3655 526 3708 est,
547 3649 684 3712 legiturque
703 3651 729 3698 T.
744 3651 860 3698 Manlius
892 3651 1080 3712 praecedentem
1099 3649 1226 3699 Marcello
1247 3659 1277 3700 et
1297 3651 1395 3714 (trapa
1427 3709 1428 3714 ¹

351 3715 451 3762 amad.-
471 3713 538 3762 facili
555 3727 643 3770 errore,
658 3713 724 3774 quod
743 3714 769 3761 T.
783 3715 859 3762 Mea·
892 3713 1034 3762 consulibus
1059 3713 1238 3762 eonferendum
1260 3721 1312 3774 est,
1332 3729 1398 3774 aseer
1427 3719 1428 3756 1

351 3777 400 3825 lias
427 3775 452 3824 in
479 3775 590 3838 sequenti
618 3791 687 3826 versu
713 3777 859 3826 nominetur.
892 3778 924 3826 ab
942 3777 990 3826 hec
1006 3777 1127 3826 sententia
1142 3777 1255 3827 alienum
1275 3779 1351 3828 fidu
1364 3779 1397 3826 Pe
1427 3761 1428 3819 l

352 3839 409 3888 Nec
428 3854 485 3888 vero
506 3840 651 3889 assentimur
669 3839 805 3900 Gronorio,
820 3856 860 3890 ea
892 3840 986 3889 tarium
996 3846 1100 3903 apparet
1107 3855 1138 3890 ex
1150 3841 1318 3892 librosuode
1327 3845 1397 3893 Dee.

352 3901 409 3949 dem
429 3902 491 3951 haec
507 3905 581 3952 rerba
597 3903 695 3954 inutilia
710 3919 769 3954 esse.
802 3904 860 3953 Sine
892 3903 1026 3967 Templa
1039 3917 1077 3967 53.
1094 3904 1167 3954 Dux.
1426 3911 1427 3918 ’

351 3963 382 4012 iis
402 3963 468 4012 euim
491 3965 564 4016 nimis
586 3968 691 4030 abrupta
711 3975 737 4018 et
758 3969 861 4018 obscura
925 3969 1136 4030 5Proeser'sesrs]
1164 3969 1256 4019 Altera
1267 3971 1396 4020 for-nra

352 4027 422 4076 fleret
433 4029 518 4078 oratio.
535 4030 617 4079 caer.
892 4031 917 4080 bi
929 4035 1106 4095 estprnssdrs.
1128 4033 1372 4097 etrepaxxrtu

385 4092 584 4154 aLManlt'us]
604 4094 810 4144 T.Man'1tnshic
826 4097 859 4145 le
923 4094 1105 4146 dlutmtettr'ss
1121 4104 1205 4145 autem
1228 4101 1328 4148 nobiles
1346 4105 1395 4144 terr·

351 4155 458 4217 gendum
469 4161 554 4203 monet
561 4156 667 4206 Crevier.
684 4172 761 4219 quum
771 4159 797 4208 in
809 4175 860 4208 om·
892 4175 932 4209 sos
939 4161 1023 4218 mat]
1033 4157 1109 4208 Ortee
1117 4173 1148 4208 ex
1156 4175 1195 4218 eo,
1202 4162 1275 4222 quod
1285 4161 1312 4211 in
1322 4161 1391 4210 iudici·

351 4217 424 4266 nibus
434 4218 646 4269 coddsuisl'ttru
662 4219 756 4282 legitur.
791 4225 861 4272 Titus
892 4223 945 4282 illo,
959 4222 985 4272 iu
1001 4237 1051 4284 quo
1065 4222 1149 4273 Livius
1165 4223 1309 4276 &maetas
1325 4228 1395 4275 fest
1425 4255 1426 4288 ι

1416 4479 1425 4714 ι
