2878 4772
327 210 392 274 434
713 199 827 266 ΤΙΤῙ
858 198 994 266 LIVII
1416 14 1434 390 Ι

174 353 209 404 υ.
220 353 250 404 c.
267 347 341 417 546!
353 341 543 428 imperatore
558 357 653 424 aegro
668 337 768 404 serius
782 347 985 402 numeratum
1000 335 1077 401 satis
1091 334 1196 422 digna
1210 357 1310 400 cansa
1322 335 1379 403 suit.

198 453 204 466 ·
222 417 252 468 ⁰·
268 415 411 492 ²⁰⁶·‘eur
430 425 550 513 patriae
571 423 754 490 indiceretis
767 423 911 488 bellum?
933 445 990 487 cur
1004 422 1046 488 ad
1062 421 1224 510 Ilergetes
1239 421 1381 487 descisce-
1430 401 1434 522 i

333 514 430 578 ‘retis
455 535 476 577 a
499 511 618 598 populo
645 509 816 576 Romano?
838 532 896 574 cur
920 508 1001 573 nibil
1027 507 1216 574 divinarum
1240 507 1381 574 humana-
1432 555 1434 634 p

334 607 465 666 ‘rumve
479 621 586 664 rerum
600 596 787 662 inviolatum
799 595 890 662 vobis
904 596 1008 660 emet?
1052 593 1228 662 Insanistis
1243 595 1379 682 profectu,

335 685 490 750 ‘militesz
514 707 575 750 nec
597 683 698 748 maior
718 682 754 748 in
775 705 813 748 co
853 705 890 746 us
911 703 1018 747 meum
1034 682 1081 746 vis
1104 681 1227 758 morbi,
1244 704 1338 769 quam
1354 682 1379 744 iu
1433 729 1434 750 ,

335 779 346 810 ‘
355 783 474 838 vestras
488 782 621 846 mentes,
637 769 760 836 invasit.
843 781 928 834 orret
941 768 1065 832 enimus
1079 768 1216 846 referre,
1233 768 1316 856 quid
1327 791 1381 832 ere·

336 856 497 922 ‘diderint
511 857 666 933 homines,
682 855 762 942 quid
776 853 979 942 speraverint,
995 853 1073 942 quid
1090 855 1293 941 optaverint
1325 853 1382 918 Au·

335 943 438 1010 ‘ferat
456 943 565 1008 omnia
583 941 671 1008 irrita
689 941 817 1019 oblivio,
834 941 861 1006 si
881 951 1001 1028 potest:
1025 941 1151 1018 sinon,
1168 954 1338 1028 utcunque
1350 943 1383 1004 si-

337 1030 493 1096 ‘lentium
508 1040 602 1129 teget
641 1027 719 1094 Non
733 1027 925 1115 negaverim,
941 1027 1061 1092 tristem
1076 1039 1296 1115 atrocemque
1310 1028 1381 1092 robe

337 1116 456 1182 ‘visam
471 1128 646 1181 orat1onem
662 1135 784 1190 meam3
808 1125 929 1201 quanto
946 1113 1074 1178 creditis
1088 1113 1179 1178 facta
1193 1127 1304 1180 vestra
1314 1127 1383 1178 atro·

337 1203 445 1268 ‘ciora
463 1225 541 1280 esse,
557 1223 653 1288 quam
673 1200 760 1266 dicta
779 1201 873 1265 mea?
895 1211 928 1274 et
948 1223 998 1265 mc
1014 1223 1061 1277 ea,
1076 1223 1165 1286 quae
1183 1199 1317 1278 fecistis,
1330 1200 1381 1300 peti

338 1297 496 1376 ‘aequum
511 1289 664 1354 censetis:
687 1309 744 1352 vos
758 1309 799 1352 ne
814 1285 878 1351 dici
892 1285 1023 1373 quidem
1038 1285 1151 1350 omnia
1167 1311 1280 1374 aequo
1294 1310 1383 1352 ammo

337 1375 503 1440 ‘ferretisi
548 1373 613 1440 Sed
635 1395 676 1440 ne
699 1373 888 1460 ecquidem
910 1373 978 1460 ipsa
999 1372 1082 1437 ultra
1099 1374 1381 1460 exprobrabantur.

339 1460 494 1526 ‘Utinam
519 1473 583 1526 tam
609 1459 700 1525 facile
724 1482 779 1525 vos
802 1459 1031 1524 obliviscamini
1057 1481 1185 1536 eorum,
1211 1483 1314 1548 quam
1336 1483 1384 1546 ep>

339 1546 533 1612 ‘obliviscar
566 1545 690 1633 Itaque,
702 1545 790 1633 quod
800 1545 843 1610 ud
853 1545 1079 1610 voauniversos
1094 1546 1231 1624 attinet,
1244 1549 1275 1612 si
1288 1546 1383 1612 errem

339 1642 350 1672 ‘
360 1633 513 1719 poenitet,
534 1633 608 1698 satis
628 1655 785 1720 superque
805 1654 980 1719 poenarum
1000 1631 1111 1696 habeo.
1161 1632 1290 1698 Albius
1305 1633 1385 1698 Cale-

339 1727 430 1795 ‘uus‚
445 1730 479 1782 et
494 1719 606 1784 Atrius
622 1719 755 1796 Umber,
772 1732 806 1783 et
818 1718 917 1783 ceteri
936 1717 1072 1784 nefariae
1093 1717 1274 1785 seditionis
1292 1736 1386 1786 enoc

339 1814 420 1882 ‘res,
444 1804 598 1892 sanguine
623 1804 724 1882 luent,
748 1803 836 1890 quod
861 1804 1066 1870 admiserumt.
1112 1803 1223 1870 Vobis
1251 1807 1385 1894 supplicii

340 1901 471 1957 ‘eorum
493 1891 708 1992 spectaculum
730 1913 796 1956 non
815 1890 912 1956 modo
932 1913 997 1956 non
1017 1891 1183 1969 acerbum,
1199 1893 1263 1957 sed
1282 1894 1383 1958 laetum

340 1977 466 2056 ‘eticm,
487 2000 514 2042 su
535 1999 612 2042 sana
634 1999 725 2042 mens
747 1975 852 2054 rediit,
873 1977 969 2042 debet
987 1999 1064 2042 esse.
1110 1977 1167 2042 De
1184 1979 1290 2044 nullis
1303 1981 1383 2052 enim

340 2075 457 2152 ‘quarn
472 2063 513 2128 de
527 2064 627 2141 vobis,
642 2063 787 2129 infestius
801 2075 857 2128 aut
870 2063 1029 2128 inimicius
1043 2063 1305 2131 consuluerunt’
1332 2065 1383 2128 Vu

338 2150 436 2216 finem
452 2149 580 2216 dicendi
595 2149 722 2228 fecerat,
738 2172 839 2250 quum
859 2171 901 2216 ex
922 2172 996 2238 prae
1129 2150 1235 2216 simul
1255 2153 1383 2218 omniun

339 2259 445 2302 rerum
461 2249 561 2302 terror
575 2235 675 2303 oculis
692 2237 883 2323 aunbusqne
898 2249 980 2302 esto
1042 2259 1086 2302 us
1136 2235 1328 2316 Exercitum,
1340 2239 1383 2325 qui

339 2345 456 2390 corona
470 2323 656 2388 concionem
676 2323 939 2400 circumdederat,
953 2321 1067 2422 gladiis
1087 2322 1131 2387 ad
1150 2339 1250 2390 scuta
1271 2348 1384 2392 conor⁴

339 2411 426 2510 puitr
455 2409 619 2510 praeconis
645 2409 755 2510 audita
776 2431 848 2510 vox·
861 2409 988 2475 citantrs
1009 2409 1141 2474 nomina
1168 2409 1382 2478 matorum

182 2592 313 2668 use
339 2494 1385 2683 ttttttptsdutptsttttmtttdbttttt‘tt
1432 2571 1433 2626 ³

182 2657 281 2705 ΜΝ
339 2666 417 2744 lum,
433 2667 592 2754 virgisque
616 2691 709 2746 caesi,
723 2677 765 2732 'ct
787 2669 891 2734 securi
912 2667 1063 2756 percussi,
1085 2668 1170 2734 adeo
1196 2673 1384 2760 torpentrbrs

182 2735 274 2834 &2⁸⁸
339 2765 438 2830 metu,
463 2754 521 2839 qui
545 2753 687 2832 ederant,
713 2768 841 2820 utnon
871 2754 968 2819 modo
991 2754 1127 2820 ferocior
1150 2778 1221 2820 vox
1249 2759 1385 2824 adverus

339 2839 535 2906 atrocitatem
617 2863 688 2917 nae,
709 2840 766 2906 sed
789 2863 830 2905 ne
853 2840 990 2928 gemitus
1009 2840 1152 2929 quidem,
1176 2845 1384 2910 exaudirem.
1431 2893 1432 2908 t

340 2925 450 2992 Tracti
464 2925 539 2991 inde
578 2927 719 2992 emedio
734 2948 854 3003 omnes,
892 2940 1067 3014 urgatoque
1082 2927 1154 2992 loco
1171 2929 1270 2996 citati
1285 2931 1400 2996 milites

339 3013 528 3078 nominatim
551 3012 638 3100 apud
661 3013 805 3078 tribunos
888 3013 967 3078 ‘tum
990 3013 1026 3077 in
1048 3012 1148 3078 verba
1172 3013 1214 3080 P.
1240 3016 1386 3105 Scipioni*

339 3098 492 3176 iurarunt,
508 3098 766 3186 stipendiumque
782 3097 824 3164 sd
838 3121 956 3165 nomen
970 3097 1102 3186 singulis
1116 3101 1328 3186 persolutum
1341 3121 1384 3168 est

340 3182 440 3250 Hunc
459 3185 558 3250 finem
571 3185 767 3285 'exitumque
791 3184 906 3250 seditio
928 3184 1067 3252 militum
1088 3199 1211 3273 coepta
1233 3191 1327 3278 apud
1341 3189 1389 3254 Su-

229 3359 282 3420 30.
339 3270 697 3446 mpgpripplqmtqmpm
714 3357 756 3422 ed
771 3357 896 3424 Baetim
915 3359 1047 3424 fluvium
1063 3356 1201 3440 Hanno,
1217 3365 1388 3450 praefectus

184 3440 292 3555 Ηὲιιὲιοιέι
341 3439 500 3530 Magonis,
522 3443 635 3544 missus
658 3467 678 3509 a
703 3443 858 3545 Gadibus,
883 3467 956 3510 cum
981 3466 1078 3533 parva
1102 3467 1207 3549 mapq
1232 3450 1388 3523 Afrorum

183 3519 326 3683 et
341 3529 486 3681 rtet
502 3527 663 3681 basa
677 3529 937 3682 w
957 3531 1231 3684 castret⁸
1245 3557 1390 3636 uu

183 3710 231 3746 ⁸¹¹⁸·
264 3647 279 3683 ο
383 3715 430 3766 rte
456 3663 593 3766 militum
618 3703 702 3767 inter
725 3702 896 3768 tumultum
919 3716 1084 3790 captorum
1106 3643 1392 3797 trastridi-nmmisselpiiia

363 3787 474 3852 usdam
493 3787 590 3853 etiam
612 3788 647 3852 in
665 3787 741 3876 fuga
761 3788 891 3866 amissis,
907 3789 1027 3877 palatos
1039 3807 1263 3878 persequente
1281 3797 1392 3884 equits

340 3875 414 3937 c‘um
428 3873 538 3960 paucis
551 3874 618 3960 ipse
634 3873 754 3960 effugit.

383 3957 473 4022 Dum
487 3959 566 4024 haec
581 3959 623 4024 ed
637 3957 763 4024 Baetim
777 3960 909 4027 fluvium
923 3973 1087 4049 geruntur,
1104 3961 1241 4030 laelius
1257 3967 1390 4033 interint
1428 3977 1429 3994 ¹

339 4042 421 4108 freto
446 4044 480 4107 in
508 4043 673 4110 Oceanum
702 4059 839 4124 evectus,
866 4046 907 4112 ad
935 4045 1098 4113 Carteiam
1123 4048 1227 4115 classe
1256 4054 1389 4118 accessit.

340 4127 426 4194 Urbs
440 4151 480 4193 ea
492 4129 527 4192 in
542 4151 597 4194 ora
613 4129 736 4196 Oceani
751 4132 812 4197 sita
825 4146 884 4210 est,
899 4133 955 4199 ubi
976 4133 1115 4221 primum
1135 4157 1154 4200 e
1173 4135 1333 4205 faucibus
1345 4161 1391 4202 au-

370 4291 386 4347 9
403 4279 625 4350 Deffldtoomrter]
639 4277 732 4327 Eorum
743 4280 844 4341 scilicet,
877 4284 908 4332 cf.
921 4283 1009 4345 Polyb.
1021 4283 1055 4334 xi.
1065 4285 1105 4334 28.
1119 4285 1163 4334 ubi
1174 4301 1217 4338 res
1229 4289 1339 4341 totidem
1351 4291 1390 4338 es

338 4351 380 4398 qur
396 4353 472 4387 secun
491 4354 597 4400 percussu
615 4341 719 4400 nenne,
736 4357 844 4405 corpora
879 4345 1086 4398 verbisnuratur.
