<?xml version="1.0" encoding="UTF-8"?>
<!DOCTYPE html PUBLIC "-//W3C//DTD XHTML 1.0 Transitional//EN"
    "http://www.w3.org/TR/xhtml1/DTD/xhtml1-transitional.dtd">
<html xmlns="http://www.w3.org/1999/xhtml" xml:lang="en" lang="en">
 <head>
  <title>
</title>
<meta http-equiv="Content-Type" content="text/html;charset=utf-8" />
  <meta name='ocr-system' content='tesseract 3.04.00' />
  <meta name='ocr-capabilities' content='ocr_page ocr_carea ocr_par ocr_line ocrx_word'/>
</head>
<body>
  <div class='ocr_page' id='page_1' title='image "./tliviipatavinih00kreygoog_0300.png"; bbox 0 0 2874 4772; ppageno 0'>
   <div class='ocr_carea' id='block_1_1' title="bbox 331 211 1070 280">
    <p class='ocr_par' dir='ltr' id='par_1_1' title="bbox 331 211 1070 280">
     <span class='ocr_line' id='line_1_1' title="bbox 331 211 1070 280; baseline 0.003 -4"><span class='ocrx_word' id='word_1_1' title='bbox 331 213 425 277; x_wconf 91' lang='lat' dir='ltr'><strong>LIB.</strong></span> <span class='ocrx_word' id='word_1_2' title='bbox 450 211 578 278; x_wconf 88' lang='lat' dir='ltr'>XXVL</span> <span class='ocrx_word' id='word_1_3' title='bbox 609 213 718 278; x_wconf 89' lang='lat' dir='ltr'><strong>CAP.</strong></span> <span class='ocrx_word' id='word_1_4' title='bbox 744 219 772 280; x_wconf 89' lang='grc'><strong>7.</strong></span> <span class='ocrx_word' id='word_1_5' title='bbox 1007 217 1070 278; x_wconf 82' lang='grc'><strong>289</strong></span> 
     </span>
    </p>
   </div>
   <div class='ocr_carea' id='block_1_2' title="bbox 28 319 1069 620">
    <p class='ocr_par' dir='ltr' id='par_1_2' title="bbox 28 319 1069 620">
     <span class='ocr_line' id='line_1_2' title="bbox 50 319 1069 435; baseline 0.006 -29"><span class='ocrx_word' id='word_1_6' title='bbox 50 366 109 408; x_wconf 88' lang='lat' dir='ltr'><strong>mus</strong></span> <span class='ocrx_word' id='word_1_7' title='bbox 136 346 326 432; x_wconf 79' lang='lat' dir='ltr'><strong>magistratus</strong></span> <span class='ocrx_word' id='word_1_8' title='bbox 356 347 440 435; x_wconf 89' lang='lat' dir='ltr'><strong>apud</strong></span> <span class='ocrx_word' id='word_1_9' title='bbox 466 345 645 435; x_wconf 88' lang='lat' dir='ltr'><strong>Campanos</strong></span> <span class='ocrx_word' id='word_1_10' title='bbox 671 319 730 425; x_wconf 82' lang='lat' dir='ltr'><strong>est,</strong></span> <span class='ocrx_word' id='word_1_11' title='bbox 753 371 791 413; x_wconf 91' lang='lat' dir='ltr'><strong>eo</strong></span> <span class='ocrx_word' id='word_1_12' title='bbox 819 370 903 412; x_wconf 90' lang='lat' dir='ltr'><strong>anno</strong></span> <span class='ocrx_word' id='word_1_13' title='bbox 935 347 1069 435; x_wconf 82' lang='lat' dir='ltr'>Seppius</span> 
     </span>
     <span class='ocr_line' id='line_1_3' title="bbox 49 429 1067 521; baseline 0.004 -27"><span class='ocrx_word' id='word_1_14' title='bbox 49 429 147 496; x_wconf 90' lang='lat' dir='ltr'><strong>Lesius</strong></span> <span class='ocrx_word' id='word_1_15' title='bbox 160 447 234 510; x_wconf 87' lang='lat' dir='ltr'><strong>erat,</strong></span> <span class='ocrx_word' id='word_1_16' title='bbox 250 433 319 498; x_wconf 93' lang='lat' dir='ltr'><strong>loco</strong></span> <span class='ocrx_word' id='word_1_17' title='bbox 336 436 469 499; x_wconf 88' lang='lat' dir='ltr'><strong>obscuro</strong></span> <span class='ocrx_word' id='word_1_18' title='bbox 484 434 635 521; x_wconf 84' lang='lat' dir='ltr'><strong>tenuique</strong></span> <span class='ocrx_word' id='word_1_19' title='bbox 650 434 776 499; x_wconf 89' lang='lat' dir='ltr'><strong>fortuna</strong></span> <span class='ocrx_word' id='word_1_20' title='bbox 790 447 884 500; x_wconf 88' lang='lat' dir='ltr'><strong>ortus.</strong></span> <span class='ocrx_word' id='word_1_21' title='bbox 930 433 1067 500; x_wconf 87' lang='lat' dir='ltr'><strong>Matrem</strong></span> 
     </span>
     <span class='ocr_line' id='line_1_4' title="bbox 28 517 1068 620; baseline 0 -36"><span class='ocrx_word' id='word_1_22' title='bbox 28 517 105 584; x_wconf 75' lang='lat' dir='ltr'><strong>seius</strong></span> <span class='ocrx_word' id='word_1_23' title='bbox 118 519 281 606; x_wconf 90' lang='lat' dir='ltr'><strong>quondam,</strong></span> <span class='ocrx_word' id='word_1_24' title='bbox 297 542 355 608; x_wconf 93' lang='lat' dir='ltr'><strong>pro</strong></span> <span class='ocrx_word' id='word_1_25' title='bbox 369 521 490 620; x_wconf 92' lang='lat' dir='ltr'><strong>pupillo</strong></span> <span class='ocrx_word' id='word_1_26' title='bbox 504 544 543 586; x_wconf 87' lang='lat' dir='ltr'><strong>eo</strong></span> <span class='ocrx_word' id='word_1_27' title='bbox 560 534 781 608; x_wconf 83' lang='lat' dir='ltr'>procurantem</span> <span class='ocrx_word' id='word_1_28' title='bbox 795 521 947 586; x_wconf 80' lang='lat' dir='ltr'><strong>familiare</strong></span> <span class='ocrx_word' id='word_1_29' title='bbox 962 535 1068 586; x_wconf 90' lang='lat' dir='ltr'><strong>osten-</strong></span> 
     </span>
    </p>
   </div>
   <div class='ocr_carea' id='block_1_3' title="bbox 1076 359 1225 603">
    <p class='ocr_par' dir='ltr' id='par_1_3' title="bbox 1076 359 1225 550">
     <span class='ocr_line' id='line_1_5' title="bbox 1079 359 1225 424; baseline 0.007 -14"><span class='ocrx_word' id='word_1_30' title='bbox 1079 359 1112 410; x_wconf 90' lang='lat' dir='ltr'><strong>U.</strong></span> <span class='ocrx_word' id='word_1_31' title='bbox 1124 362 1153 410; x_wconf 86' lang='lat' dir='ltr'><strong>C.</strong></span> <span class='ocrx_word' id='word_1_32' title='bbox 1170 375 1225 424; x_wconf 80' lang='lat'><strong>541.</strong></span> 
     </span>
     <span class='ocr_line' id='line_1_6' title="bbox 1077 425 1225 475; baseline 0.014 -3"><span class='ocrx_word' id='word_1_33' title='bbox 1077 425 1107 473; x_wconf 77' lang='lat' dir='ltr'><strong>t.</strong></span> <span class='ocrx_word' id='word_1_34' title='bbox 1125 426 1157 474; x_wconf 89' lang='lat' dir='ltr'><strong>C.</strong></span> <span class='ocrx_word' id='word_1_35' title='bbox 1170 439 1225 475; x_wconf 78' lang='lat' dir='ltr'><strong>arr.</strong></span> 
     </span>
     <span class='ocr_line' id='line_1_7' title="bbox 1076 488 1181 550; baseline 0.019 -14"><span class='ocrx_word' id='word_1_36' title='bbox 1076 488 1181 550; x_wconf 81' lang='lat' dir='ltr'><strong>Seppius</strong></span> 
     </span>
    </p>

    <p class='ocr_par' dir='ltr' id='par_1_4' title="bbox 1076 551 1223 603">
     <span class='ocr_line' id='line_1_8' title="bbox 1076 551 1223 603; baseline 0.02 -3"><span class='ocrx_word' id='word_1_37' title='bbox 1076 551 1161 602; x_wconf 82' lang='lat' dir='ltr'><strong>Lesiua</strong></span> <span class='ocrx_word' id='word_1_38' title='bbox 1170 555 1223 603; x_wconf 85' lang='lat' dir='ltr'><strong>Me·</strong></span> 
     </span>
    </p>
   </div>
   <div class='ocr_carea' id='block_1_4' title="bbox 47 607 1207 704">
    <p class='ocr_par' dir='ltr' id='par_1_5' title="bbox 47 607 1207 704">
     <span class='ocr_line' id='line_1_9' title="bbox 47 607 1207 704; baseline 0.005 -38"><span class='ocrx_word' id='word_1_39' title='bbox 47 616 113 704; x_wconf 81' lang='lat' dir='ltr'><strong>tum,</strong></span> <span class='ocrx_word' id='word_1_40' title='bbox 128 629 222 692; x_wconf 91' lang='lat' dir='ltr'><strong>quum</strong></span> <span class='ocrx_word' id='word_1_41' title='bbox 236 608 447 694; x_wconf 87' lang='lat' dir='ltr'><strong>respondrsset</strong></span> <span class='ocrx_word' id='word_1_42' title='bbox 460 607 626 694; x_wconf 75' lang='lat' dir='ltr'>haruspex,</span> <span class='ocrx_word' id='word_1_43' title='bbox 639 629 795 672; x_wconf 90' lang='lat' dir='ltr'><strong>summum</strong></span> <span class='ocrx_word' id='word_1_44' title='bbox 811 607 899 695; x_wconf 92' lang='lat' dir='ltr'><strong>quod</strong></span> <span class='ocrx_word' id='word_1_45' title='bbox 913 620 993 672; x_wconf 89' lang='lat' dir='ltr'><strong>esset</strong></span> <span class='ocrx_word' id='word_1_46' title='bbox 1007 608 1067 672; x_wconf 90' lang='lat' dir='ltr'><strong>im·</strong></span> <span class='ocrx_word' id='word_1_47' title='bbox 1074 616 1207 666; x_wconf 78' lang='lat' dir='ltr'><strong>dixtuticus</strong></span> 
     </span>
    </p>
   </div>
   <div class='ocr_carea' id='block_1_5' title="bbox 25 692 1066 1475">
    <p class='ocr_par' dir='ltr' id='par_1_6' title="bbox 25 692 1066 1475">
     <span class='ocr_line' id='line_1_10' title="bbox 29 692 1066 780; baseline 0.008 -30"><span class='ocrx_word' id='word_1_48' title='bbox 29 712 154 776; x_wconf 80' lang='lat' dir='ltr'><strong>rpenum</strong></span> <span class='ocrx_word' id='word_1_49' title='bbox 178 692 317 780; x_wconf 79' lang='lat' dir='ltr'><strong>Capuae,</strong></span> <span class='ocrx_word' id='word_1_50' title='bbox 341 709 565 780; x_wconf 89' lang='lat' dir='ltr'><strong>perventurum</strong></span> <span class='ocrx_word' id='word_1_51' title='bbox 589 695 630 758; x_wconf 89' lang='lat' dir='ltr'><strong>ad</strong></span> <span class='ocrx_word' id='word_1_52' title='bbox 653 717 726 759; x_wconf 91' lang='lat' dir='ltr'><strong>eum</strong></span> <span class='ocrx_word' id='word_1_53' title='bbox 775 717 896 772; x_wconf 88' lang='lat' dir='ltr'><strong>uerum,</strong></span> <span class='ocrx_word' id='word_1_54' title='bbox 922 694 1003 759; x_wconf 91' lang='lat' dir='ltr'><strong>nihil</strong></span> <span class='ocrx_word' id='word_1_55' title='bbox 1025 695 1066 758; x_wconf 89' lang='lat' dir='ltr'><strong>ad</strong></span> 
     </span>
     <span class='ocr_line' id='line_1_11' title="bbox 45 718 1066 868; baseline 0.007 -30"><span class='ocrx_word' id='word_1_56' title='bbox 45 799 103 840; x_wconf 87' lang='lat' dir='ltr'><strong>eam</strong></span> <span class='ocrx_word' id='word_1_57' title='bbox 118 801 200 864; x_wconf 91' lang='lat' dir='ltr'><strong>spem</strong></span> <span class='ocrx_word' id='word_1_58' title='bbox 210 794 442 868; x_wconf 73' lang='lat' dir='ltr'>agnoscentem,</span> <span class='ocrx_word' id='word_1_59' title='bbox 454 780 570 844; x_wconf 82' lang='lat' dir='ltr'><strong>dixisse</strong></span> <span class='ocrx_word' id='word_1_60' title='bbox 582 781 696 858; x_wconf 88' lang='lat' dir='ltr'><strong>ferunt,</strong></span> <span class='ocrx_word' id='word_1_61' title='bbox 710 718 800 845; x_wconf 63' lang='lat' dir='ltr'><strong>‘riae</strong></span> <span class='ocrx_word' id='word_1_62' title='bbox 816 795 850 845; x_wconf 92' lang='lat' dir='ltr'><strong>tu</strong></span> <span class='ocrx_word' id='word_1_63' title='bbox 906 781 1003 845; x_wconf 92' lang='lat' dir='ltr'><strong>rditas</strong></span> <span class='ocrx_word' id='word_1_64' title='bbox 1017 803 1066 846; x_wconf 78' lang='lat' dir='ltr'><strong>rea</strong></span> 
     </span>
     <span class='ocr_line' id='line_1_12' title="bbox 45 861 1066 952; baseline 0.006 -26"><span class='ocrx_word' id='word_1_65' title='bbox 45 861 284 952; x_wconf 78' lang='lat' dir='ltr'><strong>‘Campanorum</strong></span> <span class='ocrx_word' id='word_1_66' title='bbox 304 889 419 944; x_wconf 91' lang='lat' dir='ltr'><strong>narras,</strong></span> <span class='ocrx_word' id='word_1_67' title='bbox 435 867 489 931; x_wconf 91' lang='lat' dir='ltr'><strong>ubi</strong></span> <span class='ocrx_word' id='word_1_68' title='bbox 508 889 648 932; x_wconf 91' lang='lat' dir='ltr'><strong>summus</strong></span> <span class='ocrx_word' id='word_1_69' title='bbox 665 866 765 931; x_wconf 84' lang='lat' dir='ltr'><strong>honos</strong></span> <span class='ocrx_word' id='word_1_70' title='bbox 782 867 822 931; x_wconf 90' lang='lat' dir='ltr'><strong>ad</strong></span> <span class='ocrx_word' id='word_1_71' title='bbox 840 867 940 930; x_wconf 82' lang='lat' dir='ltr'><strong>flium</strong></span> <span class='ocrx_word' id='word_1_72' title='bbox 959 889 1066 932; x_wconf 91' lang='lat' dir='ltr'><strong>meum</strong></span> 
     </span>
     <span class='ocr_line' id='line_1_13' title="bbox 25 952 1063 1040; baseline 0.004 -26"><span class='ocrx_word' id='word_1_73' title='bbox 25 957 52 1014; x_wconf 74' lang='lat'><strong>2‘</strong></span> <span class='ocrx_word' id='word_1_74' title='bbox 95 953 240 1018; x_wconf 86' lang='lat' dir='ltr'><strong>rtenietl’</strong></span> <span class='ocrx_word' id='word_1_75' title='bbox 270 952 319 1018; x_wconf 88' lang='lat' dir='ltr'><strong>Ea</strong></span> <span class='ocrx_word' id='word_1_76' title='bbox 340 953 512 1018; x_wconf 90' lang='lat' dir='ltr'><strong>ludificatio</strong></span> <span class='ocrx_word' id='word_1_77' title='bbox 535 954 602 1018; x_wconf 86' lang='lat' dir='ltr'><strong>veri</strong></span> <span class='ocrx_word' id='word_1_78' title='bbox 625 969 659 1018; x_wconf 90' lang='lat' dir='ltr'><strong>et</strong></span> <span class='ocrx_word' id='word_1_79' title='bbox 680 955 747 1040; x_wconf 88' lang='lat' dir='ltr'><strong>ipsa</strong></span> <span class='ocrx_word' id='word_1_80' title='bbox 769 954 803 1017; x_wconf 93' lang='lat' dir='ltr'><strong>in</strong></span> <span class='ocrx_word' id='word_1_81' title='bbox 828 975 937 1018; x_wconf 85' lang='lat' dir='ltr'><strong>verum</strong></span> <span class='ocrx_word' id='word_1_82' title='bbox 960 955 1063 1018; x_wconf 82' lang='lat' dir='ltr'><strong>vertit</strong></span> 
     </span>
     <span class='ocr_line' id='line_1_14' title="bbox 44 973 1065 1139; baseline 0.005 -40"><span class='ocrx_word' id='word_1_83' title='bbox 44 973 118 1100; x_wconf 68' lang='lat' dir='ltr'><strong>llio</strong></span> <span class='ocrx_word' id='word_1_84' title='bbox 132 1061 228 1139; x_wconf 76' lang='lat' dir='ltr'><strong>quum</strong></span> <span class='ocrx_word' id='word_1_85' title='bbox 242 1040 324 1104; x_wconf 90' lang='lat' dir='ltr'><strong>fame</strong></span> <span class='ocrx_word' id='word_1_86' title='bbox 342 1039 487 1128; x_wconf 88' lang='lat' dir='ltr'><strong>ferroque</strong></span> <span class='ocrx_word' id='word_1_87' title='bbox 508 1054 703 1128; x_wconf 89' lang='lat' dir='ltr'><strong>urgerentur,</strong></span> <span class='ocrx_word' id='word_1_88' title='bbox 718 1063 778 1104; x_wconf 92' lang='lat' dir='ltr'><strong>nec</strong></span> <span class='ocrx_word' id='word_1_89' title='bbox 793 1063 863 1128; x_wconf 90' lang='lat' dir='ltr'><strong>spes</strong></span> <span class='ocrx_word' id='word_1_90' title='bbox 878 1035 942 1104; x_wconf 89' lang='lat' dir='ltr'><strong>ulla</strong></span> <span class='ocrx_word' id='word_1_91' title='bbox 956 1061 1065 1126; x_wconf 90' lang='lat' dir='ltr'><strong>super·</strong></span> 
     </span>
     <span class='ocr_line' id='line_1_15' title="bbox 42 1125 1065 1214; baseline 0.006 -29"><span class='ocrx_word' id='word_1_92' title='bbox 42 1137 120 1200; x_wconf 88' lang='lat' dir='ltr'><strong>esset,</strong></span> <span class='ocrx_word' id='word_1_93' title='bbox 136 1125 181 1203; x_wconf 83' lang='lat' dir='ltr'><strong>irs,</strong></span> <span class='ocrx_word' id='word_1_94' title='bbox 218 1126 252 1190; x_wconf 93' lang='lat' dir='ltr'><strong>ui</strong></span> <span class='ocrx_word' id='word_1_95' title='bbox 271 1126 336 1191; x_wconf 90' lang='lat' dir='ltr'><strong>nati</strong></span> <span class='ocrx_word' id='word_1_96' title='bbox 351 1125 385 1190; x_wconf 90' lang='lat' dir='ltr'><strong>in</strong></span> <span class='ocrx_word' id='word_1_97' title='bbox 400 1149 488 1214; x_wconf 90' lang='lat' dir='ltr'><strong>spem</strong></span> <span class='ocrx_word' id='word_1_98' title='bbox 508 1126 664 1192; x_wconf 92' lang='lat' dir='ltr'><strong>honorum</strong></span> <span class='ocrx_word' id='word_1_99' title='bbox 679 1139 778 1203; x_wconf 90' lang='lat' dir='ltr'><strong>erant,</strong></span> <span class='ocrx_word' id='word_1_100' title='bbox 793 1127 929 1192; x_wconf 87' lang='lat' dir='ltr'><strong>honores</strong></span> <span class='ocrx_word' id='word_1_101' title='bbox 942 1125 1065 1191; x_wconf 88' lang='lat' dir='ltr'><strong>detrec-</strong></span> 
     </span>
     <span class='ocr_line' id='line_1_16' title="bbox 42 1211 1065 1301; baseline 0.006 -29"><span class='ocrx_word' id='word_1_102' title='bbox 42 1211 183 1288; x_wconf 86' lang='lat' dir='ltr'><strong>tantibus3</strong></span> <span class='ocrx_word' id='word_1_103' title='bbox 255 1214 329 1291; x_wconf 90' lang='lat' dir='ltr'><strong>sius,</strong></span> <span class='ocrx_word' id='word_1_104' title='bbox 344 1213 507 1300; x_wconf 88' lang='lat' dir='ltr'><strong>querendo</strong></span> <span class='ocrx_word' id='word_1_105' title='bbox 521 1213 677 1278; x_wconf 74' lang='lat' dir='ltr'><strong>desertam</strong></span> <span class='ocrx_word' id='word_1_106' title='bbox 694 1236 731 1277; x_wconf 88' lang='lat' dir='ltr'><strong>ac</strong></span> <span class='ocrx_word' id='word_1_107' title='bbox 745 1213 900 1301; x_wconf 77' lang='lat' dir='ltr'><strong>proditam</strong></span> <span class='ocrx_word' id='word_1_108' title='bbox 915 1237 934 1277; x_wconf 89' lang='lat' dir='ltr'><strong>a</strong></span> <span class='ocrx_word' id='word_1_109' title='bbox 948 1214 1065 1300; x_wconf 90' lang='lat' dir='ltr'><strong>primo-</strong></span> 
     </span>
     <span class='ocr_line' id='line_1_17' title="bbox 41 1295 1063 1387; baseline 0.005 -28"><span class='ocrx_word' id='word_1_110' title='bbox 41 1295 115 1361; x_wconf 87' lang='lat' dir='ltr'><strong>ribus</strong></span> <span class='ocrx_word' id='word_1_111' title='bbox 144 1298 297 1387; x_wconf 81' lang='lat' dir='ltr'><strong>Capuam,</strong></span> <span class='ocrx_word' id='word_1_112' title='bbox 327 1322 485 1364; x_wconf 89' lang='lat' dir='ltr'><strong>summum</strong></span> <span class='ocrx_word' id='word_1_113' title='bbox 518 1300 734 1387; x_wconf 87' lang='lat' dir='ltr'><strong>magistratum</strong></span> <span class='ocrx_word' id='word_1_114' title='bbox 762 1299 892 1365; x_wconf 87' lang='lat' dir='ltr'><strong>ultimus</strong></span> <span class='ocrx_word' id='word_1_115' title='bbox 921 1301 1063 1365; x_wconf 90' lang='lat' dir='ltr'><strong>omnium</strong></span> 
     </span>
     <span class='ocr_line' id='line_1_18' title="bbox 42 1381 371 1475; baseline 0.021 -31"><span class='ocrx_word' id='word_1_116' title='bbox 42 1381 264 1472; x_wconf 81' lang='lat' dir='ltr'><strong>Campanorum</strong></span> <span class='ocrx_word' id='word_1_117' title='bbox 278 1388 371 1475; x_wconf 72' lang='lat' dir='ltr'><strong>cepit„</strong></span> 
     </span>
    </p>
   </div>
   <div class='ocr_carea' id='block_1_6' title="bbox 1075 681 1183 744">
    <p class='ocr_par' dir='ltr' id='par_1_7' title="bbox 1075 681 1183 744">
     <span class='ocr_line' id='line_1_19' title="bbox 1075 681 1183 744; baseline 0.028 -15"><span class='ocrx_word' id='word_1_118' title='bbox 1075 681 1183 744; x_wconf 82' lang='lat' dir='ltr'><strong>Capuae.</strong></span> 
     </span>
    </p>
   </div>
   <div class='ocr_carea' id='block_1_7' title="bbox 78 1469 1158 1563">
    <p class='ocr_par' dir='ltr' id='par_1_8' title="bbox 78 1469 1158 1563">
     <span class='ocr_line' id='line_1_20' title="bbox 78 1469 1158 1563; baseline 0.008 -28"><span class='ocrx_word' id='word_1_119' title='bbox 78 1469 222 1537; x_wconf 89' lang='lat' dir='ltr'><strong>Ceterum</strong></span> <span class='ocrx_word' id='word_1_120' title='bbox 235 1472 406 1550; x_wconf 86' lang='lat' dir='ltr'><strong>Hannibal,</strong></span> <span class='ocrx_word' id='word_1_121' title='bbox 417 1487 452 1538; x_wconf 94' lang='lat' dir='ltr'><strong>ut</strong></span> <span class='ocrx_word' id='word_1_122' title='bbox 460 1497 520 1538; x_wconf 90' lang='lat' dir='ltr'><strong>nec</strong></span> <span class='ocrx_word' id='word_1_123' title='bbox 531 1474 636 1539; x_wconf 87' lang='lat' dir='ltr'><strong>hostes</strong></span> <span class='ocrx_word' id='word_1_124' title='bbox 645 1473 715 1539; x_wconf 91' lang='lat' dir='ltr'><strong>elici</strong></span> <span class='ocrx_word' id='word_1_125' title='bbox 727 1473 860 1561; x_wconf 89' lang='lat' dir='ltr'><strong>amplius</strong></span> <span class='ocrx_word' id='word_1_126' title='bbox 870 1475 912 1538; x_wconf 88' lang='lat' dir='ltr'><strong>ad</strong></span> <span class='ocrx_word' id='word_1_127' title='bbox 922 1497 1062 1563; x_wconf 90' lang='lat' dir='ltr'><strong>pugnam</strong></span> <span class='ocrx_word' id='word_1_128' title='bbox 1150 1528 1158 1544; x_wconf 93' lang='lat'><strong>.</strong></span> 
     </span>
    </p>
   </div>
   <div class='ocr_carea' id='block_1_8' title="bbox 31 1555 1064 3296">
    <p class='ocr_par' dir='ltr' id='par_1_9' title="bbox 31 1555 1064 3296">
     <span class='ocr_line' id='line_1_21' title="bbox 39 1555 1061 1661; baseline 0.007 -42"><span class='ocrx_word' id='word_1_129' title='bbox 39 1555 117 1635; x_wconf 86' lang='lat' dir='ltr'><strong>vidit,</strong></span> <span class='ocrx_word' id='word_1_130' title='bbox 131 1581 188 1624; x_wconf 86' lang='lat' dir='ltr'><strong>nec</strong></span> <span class='ocrx_word' id='word_1_131' title='bbox 202 1583 261 1648; x_wconf 88' lang='lat' dir='ltr'><strong>per</strong></span> <span class='ocrx_word' id='word_1_132' title='bbox 277 1573 377 1625; x_wconf 80' lang='lat' dir='ltr'><strong>castra</strong></span> <span class='ocrx_word' id='word_1_133' title='bbox 390 1583 500 1624; x_wconf 87' lang='lat' dir='ltr'><strong>eorum</strong></span> <span class='ocrx_word' id='word_1_134' title='bbox 514 1561 675 1649; x_wconf 90' lang='lat' dir='ltr'><strong>perrumpi</strong></span> <span class='ocrx_word' id='word_1_135' title='bbox 688 1560 730 1625; x_wconf 88' lang='lat' dir='ltr'><strong>ad</strong></span> <span class='ocrx_word' id='word_1_136' title='bbox 746 1560 889 1661; x_wconf 88' lang='lat' dir='ltr'><strong>Capuam</strong></span> <span class='ocrx_word' id='word_1_137' title='bbox 904 1583 1005 1649; x_wconf 89' lang='lat' dir='ltr'><strong>posse,</strong></span> <span class='ocrx_word' id='word_1_138' title='bbox 1020 1584 1061 1626; x_wconf 92' lang='lat' dir='ltr'><strong>ne</strong></span> 
     </span>
     <span class='ocr_line' id='line_1_22' title="bbox 39 1647 1063 1734; baseline 0.007 -29"><span class='ocrx_word' id='word_1_139' title='bbox 39 1663 102 1707; x_wconf 89' lang='lat' dir='ltr'><strong>suos</strong></span> <span class='ocrx_word' id='word_1_140' title='bbox 115 1668 239 1734; x_wconf 93' lang='lat' dir='ltr'><strong>quoque</strong></span> <span class='ocrx_word' id='word_1_141' title='bbox 255 1663 446 1712; x_wconf 83' lang='lat' dir='ltr'><strong>commeatus</strong></span> <span class='ocrx_word' id='word_1_142' title='bbox 465 1647 711 1712; x_wconf 80' lang='lat' dir='ltr'><strong>intercluderent</strong></span> <span class='ocrx_word' id='word_1_143' title='bbox 730 1669 804 1712; x_wconf 86' lang='lat' dir='ltr'><strong>novr</strong></span> <span class='ocrx_word' id='word_1_144' title='bbox 822 1647 974 1725; x_wconf 87' lang='lat' dir='ltr'><strong>consules,</strong></span> <span class='ocrx_word' id='word_1_145' title='bbox 993 1650 1063 1713; x_wconf 89' lang='lat' dir='ltr'><strong>abs·</strong></span> 
     </span>
     <span class='ocr_line' id='line_1_23' title="bbox 39 1730 1060 1821; baseline 0.007 -30"><span class='ocrx_word' id='word_1_146' title='bbox 39 1730 138 1796; x_wconf 88' lang='lat' dir='ltr'><strong>cadere</strong></span> <span class='ocrx_word' id='word_1_147' title='bbox 166 1734 255 1798; x_wconf 85' lang='lat' dir='ltr'><strong>irrito</strong></span> <span class='ocrx_word' id='word_1_148' title='bbox 284 1735 419 1820; x_wconf 92' lang='lat' dir='ltr'><strong>incepto,</strong></span> <span class='ocrx_word' id='word_1_149' title='bbox 442 1745 475 1798; x_wconf 91' lang='lat' dir='ltr'><strong>et</strong></span> <span class='ocrx_word' id='word_1_150' title='bbox 496 1757 621 1799; x_wconf 89' lang='lat' dir='ltr'><strong>movere</strong></span> <span class='ocrx_word' id='word_1_151' title='bbox 647 1756 667 1798; x_wconf 91' lang='lat' dir='ltr'><strong>a</strong></span> <span class='ocrx_word' id='word_1_152' title='bbox 690 1732 802 1821; x_wconf 86' lang='lat' dir='ltr'><strong>Capua</strong></span> <span class='ocrx_word' id='word_1_153' title='bbox 823 1735 933 1800; x_wconf 87' lang='lat' dir='ltr'><strong>statuit</strong></span> <span class='ocrx_word' id='word_1_154' title='bbox 953 1746 1060 1799; x_wconf 88' lang='lat' dir='ltr'><strong>castra.</strong></span> 
     </span>
     <span class='ocr_line' id='line_1_24' title="bbox 39 1814 1064 1920; baseline 0.006 -42"><span class='ocrx_word' id='word_1_155' title='bbox 39 1814 133 1883; x_wconf 88' lang='lat' dir='ltr'><strong>Multa</strong></span> <span class='ocrx_word' id='word_1_156' title='bbox 154 1843 271 1897; x_wconf 88' lang='lat' dir='ltr'><strong>seeum,</strong></span> <span class='ocrx_word' id='word_1_157' title='bbox 296 1842 434 1907; x_wconf 89' lang='lat' dir='ltr'><strong>quonam</strong></span> <span class='ocrx_word' id='word_1_158' title='bbox 459 1819 535 1884; x_wconf 92' lang='lat' dir='ltr'><strong>inde</strong></span> <span class='ocrx_word' id='word_1_159' title='bbox 557 1821 602 1884; x_wconf 92' lang='lat' dir='ltr'><strong>ire</strong></span> <span class='ocrx_word' id='word_1_160' title='bbox 625 1834 780 1920; x_wconf 84' lang='lat' dir='ltr'><strong>pergeret,</strong></span> <span class='ocrx_word' id='word_1_161' title='bbox 804 1820 941 1885; x_wconf 85' lang='lat' dir='ltr'><strong>volventi</strong></span> <span class='ocrx_word' id='word_1_162' title='bbox 967 1817 1064 1886; x_wconf 90' lang='lat' dir='ltr'><strong>subiit</strong></span> 
     </span>
     <span class='ocr_line' id='line_1_25' title="bbox 37 1904 1063 1994; baseline 0.005 -28"><span class='ocrx_word' id='word_1_163' title='bbox 37 1904 164 1970; x_wconf 91' lang='lat' dir='ltr'><strong>animum</strong></span> <span class='ocrx_word' id='word_1_164' title='bbox 179 1908 325 1994; x_wconf 91' lang='lat' dir='ltr'><strong>impetus,</strong></span> <span class='ocrx_word' id='word_1_165' title='bbox 339 1919 433 1994; x_wconf 91' lang='lat' dir='ltr'><strong>caput</strong></span> <span class='ocrx_word' id='word_1_166' title='bbox 447 1907 550 1993; x_wconf 90' lang='lat' dir='ltr'><strong>ipsum</strong></span> <span class='ocrx_word' id='word_1_167' title='bbox 564 1906 639 1971; x_wconf 92' lang='lat' dir='ltr'><strong>belh</strong></span> <span class='ocrx_word' id='word_1_168' title='bbox 654 1906 790 1971; x_wconf 88' lang='lat' dir='ltr'><strong>Romam</strong></span> <span class='ocrx_word' id='word_1_169' title='bbox 804 1907 948 1994; x_wconf 86' lang='lat' dir='ltr'><strong>petendi:</strong></span> <span class='ocrx_word' id='word_1_170' title='bbox 972 1908 1063 1971; x_wconf 89' lang='lat' dir='ltr'><strong>cuius</strong></span> 
     </span>
     <span class='ocr_line' id='line_1_26' title="bbox 36 1989 1063 2082; baseline 0.004 -30"><span class='ocrx_word' id='word_1_171' title='bbox 36 1989 76 2052; x_wconf 90' lang='lat' dir='ltr'><strong>rei</strong></span> <span class='ocrx_word' id='word_1_172' title='bbox 88 2015 209 2082; x_wconf 88' lang='lat' dir='ltr'><strong>semper</strong></span> <span class='ocrx_word' id='word_1_173' title='bbox 223 1993 346 2081; x_wconf 87' lang='lat' dir='ltr'><strong>cupitae</strong></span> <span class='ocrx_word' id='word_1_174' title='bbox 358 1993 607 2080; x_wconf 88' lang='lat' dir='ltr'><strong>praetermissam</strong></span> <span class='ocrx_word' id='word_1_175' title='bbox 618 1993 813 2058; x_wconf 87' lang='lat' dir='ltr'><strong>occasionem</strong></span> <span class='ocrx_word' id='word_1_176' title='bbox 828 2006 900 2080; x_wconf 88' lang='lat' dir='ltr'><strong>post</strong></span> <span class='ocrx_word' id='word_1_177' title='bbox 912 1993 1063 2057; x_wconf 91' lang='lat' dir='ltr'><strong>Cannen-</strong></span> 
     </span>
     <span class='ocr_line' id='line_1_27' title="bbox 35 2078 1063 2167; baseline 0.003 -27"><span class='ocrx_word' id='word_1_178' title='bbox 35 2097 93 2142; x_wconf 86' lang='lat' dir='ltr'><strong>sem</strong></span> <span class='ocrx_word' id='word_1_179' title='bbox 107 2103 147 2167; x_wconf 92' lang='lat' dir='ltr'><strong>pu</strong></span> <span class='ocrx_word' id='word_1_180' title='bbox 192 2103 244 2145; x_wconf 89' lang='lat' dir='ltr'><strong>am</strong></span> <span class='ocrx_word' id='word_1_181' title='bbox 259 2093 292 2145; x_wconf 92' lang='lat' dir='ltr'><strong>et</strong></span> <span class='ocrx_word' id='word_1_182' title='bbox 306 2079 359 2144; x_wconf 89' lang='lat' dir='ltr'><strong>alii</strong></span> <span class='ocrx_word' id='word_1_183' title='bbox 372 2079 467 2166; x_wconf 80' lang='lat' dir='ltr'><strong>vulgo</strong></span> <span class='ocrx_word' id='word_1_184' title='bbox 480 2079 664 2156; x_wconf 88' lang='lat' dir='ltr'><strong>fremebant,</strong></span> <span class='ocrx_word' id='word_1_185' title='bbox 680 2093 713 2143; x_wconf 93' lang='lat' dir='ltr'><strong>et</strong></span> <span class='ocrx_word' id='word_1_186' title='bbox 726 2079 793 2166; x_wconf 90' lang='lat' dir='ltr'><strong>ipse</strong></span> <span class='ocrx_word' id='word_1_187' title='bbox 808 2102 872 2144; x_wconf 91' lang='lat' dir='ltr'><strong>non</strong></span> <span class='ocrx_word' id='word_1_188' title='bbox 887 2078 1063 2143; x_wconf 89' lang='lat' dir='ltr'><strong>dissimula-</strong></span> 
     </span>
     <span class='ocr_line' id='line_1_28' title="bbox 36 2161 1064 2254; baseline 0.005 -29"><span class='ocrx_word' id='word_1_189' title='bbox 36 2161 89 2229; x_wconf 83' lang='lat' dir='ltr'><strong>bat</strong></span> <span class='ocrx_word' id='word_1_190' title='bbox 133 2176 143 2206; x_wconf 86' lang='lat'>‘</span> <span class='ocrx_word' id='word_1_191' title='bbox 188 2167 354 2254; x_wconf 88' lang='lat' dir='ltr'><strong>ecopiuato</strong></span> <span class='ocrx_word' id='word_1_192' title='bbox 374 2189 489 2254; x_wconf 91' lang='lat' dir='ltr'><strong>pavore</strong></span> <span class='ocrx_word' id='word_1_193' title='bbox 508 2187 544 2230; x_wconf 92' lang='lat' dir='ltr'><strong>ac</strong></span> <span class='ocrx_word' id='word_1_194' title='bbox 565 2165 713 2242; x_wconf 91' lang='lat' dir='ltr'><strong>tumultu,</strong></span> <span class='ocrx_word' id='word_1_195' title='bbox 728 2189 792 2230; x_wconf 92' lang='lat' dir='ltr'><strong>non</strong></span> <span class='ocrx_word' id='word_1_196' title='bbox 812 2187 879 2230; x_wconf 88' lang='lat' dir='ltr'><strong>esse</strong></span> <span class='ocrx_word' id='word_1_197' title='bbox 894 2166 1064 2252; x_wconf 88' lang='lat' dir='ltr'><strong>desperan-</strong></span> 
     </span>
     <span class='ocr_line' id='line_1_29' title="bbox 36 2251 1063 2341; baseline 0.003 -27"><span class='ocrx_word' id='word_1_198' title='bbox 36 2251 131 2332; x_wconf 89' lang='lat' dir='ltr'><strong>‘dum,</strong></span> <span class='ocrx_word' id='word_1_199' title='bbox 145 2254 283 2341; x_wconf 87' lang='lat' dir='ltr'><strong>aliquam</strong></span> <span class='ocrx_word' id='word_1_200' title='bbox 295 2268 416 2341; x_wconf 89' lang='lat' dir='ltr'><strong>partem</strong></span> <span class='ocrx_word' id='word_1_201' title='bbox 426 2253 513 2317; x_wconf 89' lang='lat' dir='ltr'><strong>urbis</strong></span> <span class='ocrx_word' id='word_1_202' title='bbox 523 2252 670 2339; x_wconf 89' lang='lat' dir='ltr'><strong>occupari</strong></span> <span class='ocrx_word' id='word_1_203' title='bbox 684 2273 792 2338; x_wconf 83' lang='lat' dir='ltr'><strong>posse3</strong></span> <span class='ocrx_word' id='word_1_204' title='bbox 816 2267 858 2329; x_wconf 93' lang='lat' dir='ltr'><strong>ct,</strong></span> <span class='ocrx_word' id='word_1_205' title='bbox 870 2253 897 2316; x_wconf 89' lang='lat' dir='ltr'><strong>si</strong></span> <span class='ocrx_word' id='word_1_206' title='bbox 911 2251 1015 2316; x_wconf 90' lang='lat' dir='ltr'><strong>Roma</strong></span> <span class='ocrx_word' id='word_1_207' title='bbox 1028 2251 1063 2317; x_wconf 90' lang='lat' dir='ltr'><strong>in</strong></span> 
     </span>
     <span class='ocr_line' id='line_1_30' title="bbox 36 2337 1061 2427; baseline 0.003 -25"><span class='ocrx_word' id='word_1_208' title='bbox 36 2337 226 2405; x_wconf 86' lang='lat' dir='ltr'><strong>‘discrimine</strong></span> <span class='ocrx_word' id='word_1_209' title='bbox 249 2352 340 2417; x_wconf 90' lang='lat' dir='ltr'><strong>esset,</strong></span> <span class='ocrx_word' id='word_1_210' title='bbox 363 2339 508 2427; x_wconf 88' lang='lat' dir='ltr'><strong>Capuam</strong></span> <span class='ocrx_word' id='word_1_211' title='bbox 529 2337 689 2426; x_wconf 87' lang='lat' dir='ltr'><strong>extemplo</strong></span> <span class='ocrx_word' id='word_1_212' title='bbox 709 2339 874 2404; x_wconf 86' lang='lat' dir='ltr'><strong>omissuros</strong></span> <span class='ocrx_word' id='word_1_213' title='bbox 893 2351 949 2403; x_wconf 87' lang='lat' dir='ltr'><strong>aut</strong></span> <span class='ocrx_word' id='word_1_214' title='bbox 968 2339 1061 2405; x_wconf 93' lang='lat' dir='ltr'><strong>ambo</strong></span> 
     </span>
     <span class='ocr_line' id='line_1_31' title="bbox 35 2425 1061 2514; baseline 0.003 -26"><span class='ocrx_word' id='word_1_215' title='bbox 35 2425 247 2514; x_wconf 90' lang='lat' dir='ltr'><strong>‘imperatores</strong></span> <span class='ocrx_word' id='word_1_216' title='bbox 262 2426 432 2504; x_wconf 87' lang='lat' dir='ltr'><strong>Romanos,</strong></span> <span class='ocrx_word' id='word_1_217' title='bbox 445 2439 500 2491; x_wconf 90' lang='lat' dir='ltr'><strong>aut</strong></span> <span class='ocrx_word' id='word_1_218' title='bbox 512 2425 646 2490; x_wconf 86' lang='lat' dir='ltr'><strong>alterum</strong></span> <span class='ocrx_word' id='word_1_219' title='bbox 661 2425 768 2490; x_wconf 88' lang='lat' dir='ltr'><strong>exiis:</strong></span> <span class='ocrx_word' id='word_1_220' title='bbox 792 2439 834 2502; x_wconf 92' lang='lat' dir='ltr'><strong>et,</strong></span> <span class='ocrx_word' id='word_1_221' title='bbox 846 2425 872 2490; x_wconf 90' lang='lat' dir='ltr'><strong>si</strong></span> <span class='ocrx_word' id='word_1_222' title='bbox 884 2425 1061 2492; x_wconf 86' lang='lat' dir='ltr'><strong>divisissent</strong></span> 
     </span>
     <span class='ocr_line' id='line_1_32' title="bbox 34 2511 1061 2600; baseline 0.002 -24"><span class='ocrx_word' id='word_1_223' title='bbox 34 2515 159 2600; x_wconf 68' lang='lat' dir='ltr'><strong>‘copias</strong></span> <span class='ocrx_word' id='word_1_224' title='bbox 175 2527 346 2600; x_wconf 88' lang='lat' dir='ltr'><strong>utrumque</strong></span> <span class='ocrx_word' id='word_1_225' title='bbox 367 2513 570 2578; x_wconf 91' lang='lat' dir='ltr'><strong>infirmiorem</strong></span> <span class='ocrx_word' id='word_1_226' title='bbox 589 2512 707 2576; x_wconf 89' lang='lat' dir='ltr'><strong>facturn</strong></span> <span class='ocrx_word' id='word_1_227' title='bbox 729 2525 784 2577; x_wconf 88' lang='lat' dir='ltr'><strong>aut</strong></span> <span class='ocrx_word' id='word_1_228' title='bbox 803 2512 872 2589; x_wconf 90' lang='lat' dir='ltr'><strong>sibi,</strong></span> <span class='ocrx_word' id='word_1_229' title='bbox 888 2525 943 2576; x_wconf 89' lang='lat' dir='ltr'><strong>aut</strong></span> <span class='ocrx_word' id='word_1_230' title='bbox 965 2511 1061 2578; x_wconf 87' lang='lat' dir='ltr'><strong>Cam-</strong></span> 
     </span>
     <span class='ocr_line' id='line_1_33' title="bbox 35 2598 1062 2687; baseline 0.002 -24"><span class='ocrx_word' id='word_1_231' title='bbox 35 2601 145 2685; x_wconf 87' lang='lat' dir='ltr'><strong>‘panis,</strong></span> <span class='ocrx_word' id='word_1_232' title='bbox 160 2602 243 2667; x_wconf 89' lang='lat' dir='ltr'><strong>bene</strong></span> <span class='ocrx_word' id='word_1_233' title='bbox 258 2599 413 2687; x_wconf 82' lang='lat' dir='ltr'><strong>gerendae</strong></span> <span class='ocrx_word' id='word_1_234' title='bbox 428 2600 474 2664; x_wconf 89' lang='lat' dir='ltr'><strong>rei</strong></span> <span class='ocrx_word' id='word_1_235' title='bbox 491 2600 646 2664; x_wconf 91' lang='lat' dir='ltr'><strong>fortunam</strong></span> <span class='ocrx_word' id='word_1_236' title='bbox 663 2598 790 2663; x_wconf 88' lang='lat' dir='ltr'><strong>daturos</strong></span> <span class='ocrx_word' id='word_1_237' title='bbox 804 2600 891 2664; x_wconf 64' lang='lat' dir='ltr'><strong>esse?</strong></span> <span class='ocrx_word' id='word_1_238' title='bbox 935 2598 1010 2664; x_wconf 90' lang='lat' dir='ltr'><strong>Una</strong></span> <span class='ocrx_word' id='word_1_239' title='bbox 1024 2624 1062 2665; x_wconf 86' lang='lat' dir='ltr'><strong>aa</strong></span> 
     </span>
     <span class='ocr_line' id='line_1_34' title="bbox 32 2685 1063 2790; baseline 0.004 -41"><span class='ocrx_word' id='word_1_240' title='bbox 32 2707 101 2751; x_wconf 88' lang='lat' dir='ltr'><strong>cura</strong></span> <span class='ocrx_word' id='word_1_241' title='bbox 127 2688 272 2790; x_wconf 88' lang='lat' dir='ltr'><strong>angebat,</strong></span> <span class='ocrx_word' id='word_1_242' title='bbox 299 2710 349 2765; x_wconf 89' lang='lat' dir='ltr'><strong>ne,</strong></span> <span class='ocrx_word' id='word_1_243' title='bbox 375 2687 429 2752; x_wconf 93' lang='lat' dir='ltr'><strong>ubi</strong></span> <span class='ocrx_word' id='word_1_244' title='bbox 454 2686 659 2764; x_wconf 89' lang='lat' dir='ltr'><strong>abscessisset,</strong></span> <span class='ocrx_word' id='word_1_245' title='bbox 683 2686 841 2773; x_wconf 84' lang='lat' dir='ltr'><strong>extemplo</strong></span> <span class='ocrx_word' id='word_1_246' title='bbox 870 2685 1063 2753; x_wconf 89' lang='lat' dir='ltr'><strong>dederentur</strong></span> 
     </span>
     <span class='ocr_line' id='line_1_35' title="bbox 34 2769 1062 2862; baseline 0.004 -28"><span class='ocrx_word' id='word_1_247' title='bbox 34 2769 192 2862; x_wconf 83' lang='lat' dir='ltr'><strong>Campam.</strong></span> <span class='ocrx_word' id='word_1_248' title='bbox 239 2773 413 2838; x_wconf 87' lang='lat' dir='ltr'><strong>Numidam</strong></span> <span class='ocrx_word' id='word_1_249' title='bbox 432 2786 612 2861; x_wconf 89' lang='lat' dir='ltr'><strong>promptum</strong></span> <span class='ocrx_word' id='word_1_250' title='bbox 630 2773 671 2836; x_wconf 89' lang='lat' dir='ltr'><strong>ad</strong></span> <span class='ocrx_word' id='word_1_251' title='bbox 686 2773 792 2837; x_wconf 91' lang='lat' dir='ltr'><strong>omnia</strong></span> <span class='ocrx_word' id='word_1_252' title='bbox 806 2772 952 2838; x_wconf 90' lang='lat' dir='ltr'><strong>audenda</strong></span> <span class='ocrx_word' id='word_1_253' title='bbox 970 2773 1062 2838; x_wconf 93' lang='lat' dir='ltr'><strong>donis</strong></span> 
     </span>
     <span class='ocr_line' id='line_1_36' title="bbox 31 2859 1062 2948; baseline 0.002 -26"><span class='ocrx_word' id='word_1_254' title='bbox 31 2859 152 2944; x_wconf 90' lang='lat' dir='ltr'><strong>pellicit,</strong></span> <span class='ocrx_word' id='word_1_255' title='bbox 163 2876 211 2939; x_wconf 81' lang='lat' dir='ltr'><strong>nt,</strong></span> <span class='ocrx_word' id='word_1_256' title='bbox 227 2859 324 2925; x_wconf 88' lang='lat' dir='ltr'><strong>literis</strong></span> <span class='ocrx_word' id='word_1_257' title='bbox 338 2861 483 2948; x_wconf 89' lang='lat' dir='ltr'><strong>acceptis,</strong></span> <span class='ocrx_word' id='word_1_258' title='bbox 495 2861 598 2948; x_wconf 88' lang='lat' dir='ltr'><strong>specie</strong></span> <span class='ocrx_word' id='word_1_259' title='bbox 614 2859 790 2946; x_wconf 86' lang='lat' dir='ltr'><strong>transfugae</strong></span> <span class='ocrx_word' id='word_1_260' title='bbox 802 2872 902 2924; x_wconf 91' lang='lat' dir='ltr'><strong>castra</strong></span> <span class='ocrx_word' id='word_1_261' title='bbox 917 2859 1062 2924; x_wconf 90' lang='lat' dir='ltr'><strong>Romana</strong></span> 
     </span>
     <span class='ocr_line' id='line_1_37' title="bbox 31 2945 1061 3035; baseline 0.004 -29"><span class='ocrx_word' id='word_1_262' title='bbox 31 2945 191 3034; x_wconf 90' lang='lat' dir='ltr'><strong>ingressus,</strong></span> <span class='ocrx_word' id='word_1_263' title='bbox 215 2947 312 3013; x_wconf 88' lang='lat' dir='ltr'><strong>altera</strong></span> <span class='ocrx_word' id='word_1_264' title='bbox 336 2961 423 3035; x_wconf 86' lang='lat' dir='ltr'><strong>parte</strong></span> <span class='ocrx_word' id='word_1_265' title='bbox 452 2945 596 3033; x_wconf 88' lang='lat' dir='ltr'><strong>Capuam</strong></span> <span class='ocrx_word' id='word_1_266' title='bbox 621 2945 704 3009; x_wconf 86' lang='lat' dir='ltr'><strong>clam</strong></span> <span class='ocrx_word' id='word_1_267' title='bbox 730 2945 888 3032; x_wconf 76' lang='lat' dir='ltr'><strong>pervadat.</strong></span> <span class='ocrx_word' id='word_1_268' title='bbox 934 2945 1061 3010; x_wconf 89' lang='lat' dir='ltr'><strong>Literae</strong></span> 
     </span>
     <span class='ocr_line' id='line_1_38' title="bbox 31 3031 1060 3120; baseline 0.001 -25"><span class='ocrx_word' id='word_1_269' title='bbox 31 3053 130 3100; x_wconf 89' lang='lat' dir='ltr'><strong>autem</strong></span> <span class='ocrx_word' id='word_1_270' title='bbox 155 3049 248 3101; x_wconf 88' lang='lat' dir='ltr'><strong>erant</strong></span> <span class='ocrx_word' id='word_1_271' title='bbox 271 3033 490 3098; x_wconf 86' lang='lat' dir='ltr'><strong>adhortatione</strong></span> <span class='ocrx_word' id='word_1_272' title='bbox 519 3033 640 3120; x_wconf 89' lang='lat' dir='ltr'><strong>plenae.</strong></span> <span class='ocrx_word' id='word_1_273' title='bbox 687 3031 937 3095; x_wconf 86' lang='lat' dir='ltr'><strong>‘Profectionem</strong></span> <span class='ocrx_word' id='word_1_274' title='bbox 962 3053 1060 3106; x_wconf 90' lang='lat' dir='ltr'><strong>suam,</strong></span> 
     </span>
     <span class='ocr_line' id='line_1_39' title="bbox 32 3117 1062 3196; baseline -0.004 -12"><span class='ocrx_word' id='word_1_275' title='bbox 32 3126 40 3154; x_wconf 93' lang='lat'>‘</span> <span class='ocrx_word' id='word_1_276' title='bbox 71 3145 127 3186; x_wconf 89' lang='lat' dir='ltr'><strong>uae</strong></span> <span class='ocrx_word' id='word_1_277' title='bbox 153 3121 297 3187; x_wconf 72' lang='lat' dir='ltr'><strong>eduam</strong></span> <span class='ocrx_word' id='word_1_278' title='bbox 324 3120 385 3184; x_wconf 88' lang='lat' dir='ltr'><strong>illis</strong></span> <span class='ocrx_word' id='word_1_279' title='bbox 410 3119 500 3196; x_wconf 87' lang='lat' dir='ltr'><strong>foret,</strong></span> <span class='ocrx_word' id='word_1_280' title='bbox 522 3120 745 3182; x_wconf 89' lang='lat' dir='ltr'><strong>abstracturam</strong></span> <span class='ocrx_word' id='word_1_281' title='bbox 767 3117 809 3180; x_wconf 88' lang='lat' dir='ltr'><strong>ad</strong></span> <span class='ocrx_word' id='word_1_282' title='bbox 830 3117 1062 3181; x_wconf 84' lang='lat' dir='ltr'><strong>defendendam</strong></span> 
     </span>
     <span class='ocr_line' id='line_1_40' title="bbox 31 3143 1062 3296; baseline -0.002 -26"><span class='ocrx_word' id='word_1_283' title='bbox 31 3143 184 3274; x_wconf 79' lang='lat' dir='ltr'><strong>‘llomam</strong></span> <span class='ocrx_word' id='word_1_284' title='bbox 210 3209 249 3272; x_wconf 89' lang='lat' dir='ltr'><strong>ab</strong></span> <span class='ocrx_word' id='word_1_285' title='bbox 278 3205 491 3296; x_wconf 85' lang='lat' dir='ltr'><strong>oppugnanda</strong></span> <span class='ocrx_word' id='word_1_286' title='bbox 517 3204 630 3291; x_wconf 85' lang='lat' dir='ltr'><strong>Capua</strong></span> <span class='ocrx_word' id='word_1_287' title='bbox 657 3203 755 3268; x_wconf 89' lang='lat' dir='ltr'><strong>duces</strong></span> <span class='ocrx_word' id='word_1_288' title='bbox 782 3215 876 3288; x_wconf 88' lang='lat' dir='ltr'><strong>atque</strong></span> <span class='ocrx_word' id='word_1_289' title='bbox 906 3203 1062 3268; x_wconf 88' lang='lat' dir='ltr'><strong>exereitus</strong></span> 
     </span>
    </p>
   </div>
   <div class='ocr_carea' id='block_1_9' title="bbox 32 3289 1062 3440">
    <p class='ocr_par' dir='ltr' id='par_1_10' title="bbox 32 3289 1062 3440">
     <span class='ocr_line' id='line_1_41' title="bbox 32 3289 1062 3440; baseline -0.002 -84"><span class='ocrx_word' id='word_1_290' title='bbox 32 3293 218 3360; x_wconf 79' lang='lat' dir='ltr'><strong>‘Romanos</strong></span> <span class='ocrx_word' id='word_1_291' title='bbox 265 3293 316 3358; x_wconf 93' lang='lat' dir='ltr'><strong>Ne</strong></span> <span class='ocrx_word' id='word_1_292' title='bbox 339 3291 572 3381; x_wconf 89' lang='lat' dir='ltr'><strong>desponderent</strong></span> <span class='ocrx_word' id='word_1_293' title='bbox 593 3290 731 3354; x_wconf 88' lang='lat' dir='ltr'><strong>animos:</strong></span> <span class='ocrx_word' id='word_1_294' title='bbox 762 3289 924 3354; x_wconf 88' lang='lat' dir='ltr'><strong>tolerando</strong></span> <span class='ocrx_word' id='word_1_295' title='bbox 930 3311 1062 3440; x_wconf 83' lang='lat' dir='ltr'><strong>fipaucos</strong></span> 
     </span>
    </p>
   </div>
   <div class='ocr_carea' id='block_1_10' title="bbox 30 3375 1062 3554">
    <p class='ocr_par' dir='ltr' id='par_1_11' title="bbox 30 3375 1062 3554">
     <span class='ocr_line' id='line_1_42' title="bbox 32 3375 1061 3448; baseline -0.002 -5"><span class='ocrx_word' id='word_1_296' title='bbox 32 3379 114 3446; x_wconf 91' lang='lat' dir='ltr'><strong>‘dies</strong></span> <span class='ocrx_word' id='word_1_297' title='bbox 134 3394 232 3448; x_wconf 89' lang='lat' dir='ltr'><strong>totam</strong></span> <span class='ocrx_word' id='word_1_298' title='bbox 246 3380 402 3445; x_wconf 88' lang='lat' dir='ltr'><strong>soluturos</strong></span> <span class='ocrx_word' id='word_1_299' title='bbox 417 3377 632 3444; x_wconf 65' lang='lat' dir='ltr'><strong>obsidionem?</strong></span> <span class='ocrx_word' id='word_1_300' title='bbox 675 3375 755 3440; x_wconf 90' lang='lat' dir='ltr'><strong>Inde</strong></span> <span class='ocrx_word' id='word_1_301' title='bbox 771 3397 865 3440; x_wconf 86' lang='lat' dir='ltr'><strong>naves</strong></span> <span class='ocrx_word' id='word_1_302' title='bbox 882 3376 916 3440; x_wconf 91' lang='lat' dir='ltr'><strong>in</strong></span> <span class='ocrx_word' id='word_1_303' title='bbox 954 3377 1061 3441; x_wconf 91' lang='lat' dir='ltr'><strong>umine</strong></span> 
     </span>
     <span class='ocr_line' id='line_1_43' title="bbox 30 3462 1062 3554; baseline 0.002 -28"><span class='ocrx_word' id='word_1_304' title='bbox 30 3463 187 3533; x_wconf 90' lang='lat' dir='ltr'><strong>Vulturno</strong></span> <span class='ocrx_word' id='word_1_305' title='bbox 206 3467 445 3554; x_wconf 89' lang='lat' dir='ltr'><strong>comprehensas</strong></span> <span class='ocrx_word' id='word_1_306' title='bbox 463 3464 567 3552; x_wconf 87' lang='lat' dir='ltr'><strong>subigi</strong></span> <span class='ocrx_word' id='word_1_307' title='bbox 582 3463 681 3539; x_wconf 87' lang='lat' dir='ltr'><strong>adid,</strong></span> <span class='ocrx_word' id='word_1_308' title='bbox 719 3462 783 3528; x_wconf 92' lang='lat' dir='ltr'><strong>uod</strong></span> <span class='ocrx_word' id='word_1_309' title='bbox 799 3463 862 3527; x_wconf 89' lang='lat' dir='ltr'><strong>iam</strong></span> <span class='ocrx_word' id='word_1_310' title='bbox 880 3477 994 3550; x_wconf 85' lang='lat' dir='ltr'><strong>antep</strong></span> <span class='ocrx_word' id='word_1_311' title='bbox 1047 3499 1062 3512; x_wconf 95' lang='lat'>·</span> 
     </span>
    </p>
   </div>
   <div class='ocr_carea' id='block_1_11' title="bbox 1071 2188 1211 2379">
    <p class='ocr_par' dir='ltr' id='par_1_12' title="bbox 1071 2188 1211 2379">
     <span class='ocr_line' id='line_1_44' title="bbox 1072 2188 1197 2237; baseline 0.008 -1"><span class='ocrx_word' id='word_1_312' title='bbox 1072 2188 1197 2237; x_wconf 83' lang='lat' dir='ltr'><strong>Hannibal</strong></span> 
     </span>
     <span class='ocr_line' id='line_1_45' title="bbox 1071 2253 1177 2302; baseline 0.009 -1"><span class='ocrx_word' id='word_1_313' title='bbox 1071 2253 1177 2302; x_wconf 84' lang='lat' dir='ltr'><strong>Romam</strong></span> 
     </span>
     <span class='ocr_line' id='line_1_46' title="bbox 1072 2323 1211 2379; baseline 0.007 -14"><span class='ocrx_word' id='word_1_314' title='bbox 1072 2323 1153 2379; x_wconf 86' lang='lat' dir='ltr'><strong>patere</strong></span> <span class='ocrx_word' id='word_1_315' title='bbox 1164 2323 1211 2366; x_wconf 86' lang='lat' dir='ltr'><strong>sta-</strong></span> 
     </span>
    </p>
   </div>
   <div class='ocr_carea' id='block_1_12' title="bbox 1068 2381 1123 2432">
    <p class='ocr_par' dir='ltr' id='par_1_13' title="bbox 1068 2381 1123 2432">
     <span class='ocr_line' id='line_1_47' title="bbox 1068 2381 1123 2432; baseline 0.036 -2"><span class='ocrx_word' id='word_1_316' title='bbox 1068 2381 1123 2432; x_wconf 77' lang='lat' dir='ltr'><strong>tuit</strong></span> 
     </span>
    </p>
   </div>
   <div class='ocr_carea' id='block_1_13' title="bbox 30 3549 1155 3641">
    <p class='ocr_par' dir='ltr' id='par_1_14' title="bbox 30 3549 1155 3641">
     <span class='ocr_line' id='line_1_48' title="bbox 30 3549 1155 3641; baseline -0.001 -28"><span class='ocrx_word' id='word_1_317' title='bbox 30 3553 99 3616; x_wconf 90' lang='lat' dir='ltr'><strong>sidii</strong></span> <span class='ocrx_word' id='word_1_318' title='bbox 119 3577 213 3620; x_wconf 89' lang='lat' dir='ltr'><strong>causa</strong></span> <span class='ocrx_word' id='word_1_319' title='bbox 233 3555 359 3630; x_wconf 87' lang='lat' dir='ltr'><strong>fecerat,</strong></span> <span class='ocrx_word' id='word_1_320' title='bbox 378 3551 539 3618; x_wconf 87' lang='lat' dir='ltr'><strong>castellum</strong></span> <span class='ocrx_word' id='word_1_321' title='bbox 558 3550 655 3614; x_wconf 86' lang='lat' dir='ltr'><strong>lussit.</strong></span> <span class='ocrx_word' id='word_1_322' title='bbox 738 3571 846 3613; x_wconf 89' lang='lat' dir='ltr'><strong>uarum</strong></span> <span class='ocrx_word' id='word_1_323' title='bbox 868 3549 922 3612; x_wconf 90' lang='lat' dir='ltr'><strong>nbi</strong></span> <span class='ocrx_word' id='word_1_324' title='bbox 942 3563 1062 3614; x_wconf 89' lang='lat' dir='ltr'><strong>tantam</strong></span> <span class='ocrx_word' id='word_1_325' title='bbox 1154 3637 1155 3641; x_wconf 6' lang='grc' dir='ltr'><strong>Ἰ</strong></span> 
     </span>
    </p>
   </div>
   <div class='ocr_carea' id='block_1_14' title="bbox 26 3785 1063 4429">
    <p class='ocr_par' dir='ltr' id='par_1_15' title="bbox 28 3785 1062 4039">
     <span class='ocr_line' id='line_1_49' title="bbox 62 3785 1060 3851; baseline -0.002 -15"><span class='ocrx_word' id='word_1_326' title='bbox 62 3791 271 3851; x_wconf 76' lang='lat' dir='ltr'><strong>oProearaatem</strong></span> <span class='ocrx_word' id='word_1_327' title='bbox 298 3789 427 3849; x_wconf 78' lang='lat' dir='ltr'><strong>familiare</strong></span> <span class='ocrx_word' id='word_1_328' title='bbox 452 3795 527 3837; x_wconf 70' lang='lat' dir='ltr'><strong>atea-</strong></span> <span class='ocrx_word' id='word_1_329' title='bbox 561 3801 616 3835; x_wconf 83' lang='lat' dir='ltr'><strong>men</strong></span> <span class='ocrx_word' id='word_1_330' title='bbox 627 3801 708 3834; x_wconf 79' lang='lat' dir='ltr'><strong>aarum</strong></span> <span class='ocrx_word' id='word_1_331' title='bbox 720 3790 808 3834; x_wconf 83' lang='lat' dir='ltr'><strong>ereata</strong></span> <span class='ocrx_word' id='word_1_332' title='bbox 819 3785 1002 3846; x_wconf 86' lang='lat' dir='ltr'><strong>comprobatum</strong></span> <span class='ocrx_word' id='word_1_333' title='bbox 1013 3791 1060 3834; x_wconf 85' lang='lat' dir='ltr'><strong>est:</strong></span> 
     </span>
     <span class='ocr_line' id='line_1_50' title="bbox 28 3848 1061 3914; baseline 0 -16"><span class='ocrx_word' id='word_1_334' title='bbox 28 3855 90 3912; x_wconf 85' lang='lat' dir='ltr'><strong>tam]</strong></span> <span class='ocrx_word' id='word_1_335' title='bbox 110 3853 178 3901; x_wconf 89' lang='lat' dir='ltr'><strong>Dum</strong></span> <span class='ocrx_word' id='word_1_336' title='bbox 188 3868 283 3902; x_wconf 64' lang='lat' dir='ltr'><strong>samum</strong></span> <span class='ocrx_word' id='word_1_337' title='bbox 294 3851 353 3902; x_wconf 81' lang='lat' dir='ltr'><strong>facit</strong></span> <span class='ocrx_word' id='word_1_338' title='bbox 362 3851 477 3914; x_wconf 82' lang='lat' dir='ltr'><strong>expiandi</strong></span> <span class='ocrx_word' id='word_1_339' title='bbox 485 3850 528 3899; x_wconf 85' lang='lat' dir='ltr'><strong>ali·</strong></span> <span class='ocrx_word' id='word_1_340' title='bbox 560 3851 579 3899; x_wconf 85' lang='lat' dir='ltr'><strong>si</strong></span> <span class='ocrx_word' id='word_1_341' title='bbox 591 3851 688 3912; x_wconf 89' lang='lat' dir='ltr'><strong>quidem</strong></span> <span class='ocrx_word' id='word_1_342' title='bbox 702 3849 787 3899; x_wconf 79' lang='lat' dir='ltr'><strong>Lasine</strong></span> <span class='ocrx_word' id='word_1_343' title='bbox 796 3863 918 3897; x_wconf 84' lang='lat' dir='ltr'><strong>summurn</strong></span> <span class='ocrx_word' id='word_1_344' title='bbox 933 3848 966 3897; x_wconf 91' lang='lat' dir='ltr'><strong>im</strong></span> <span class='ocrx_word' id='word_1_345' title='bbox 999 3849 1061 3898; x_wconf 90' lang='lat' dir='ltr'><strong>rium</strong></span> 
     </span>
     <span class='ocr_line' id='line_1_51' title="bbox 29 3912 1062 3979; baseline 0 -16"><span class='ocrx_word' id='word_1_346' title='bbox 29 3915 96 3965; x_wconf 81' lang='lat' dir='ltr'><strong>cuim</strong></span> <span class='ocrx_word' id='word_1_347' title='bbox 105 3917 194 3966; x_wconf 81' lang='lat' dir='ltr'><strong>ostenti</strong></span> <span class='ocrx_word' id='word_1_348' title='bbox 205 3932 285 3975; x_wconf 82' lang='lat' dir='ltr'><strong>cama,</strong></span> <span class='ocrx_word' id='word_1_349' title='bbox 295 3917 360 3979; x_wconf 87' lang='lat' dir='ltr'><strong>quod</strong></span> <span class='ocrx_word' id='word_1_350' title='bbox 377 3931 452 3978; x_wconf 83' lang='lat' dir='ltr'><strong>puero</strong></span> <span class='ocrx_word' id='word_1_351' title='bbox 463 3913 528 3964; x_wconf 89' lang='lat' dir='ltr'><strong>domi</strong></span> <span class='ocrx_word' id='word_1_352' title='bbox 561 3915 662 3976; x_wconf 87' lang='lat' dir='ltr'><strong>Capuae</strong></span> <span class='ocrx_word' id='word_1_353' title='bbox 673 3913 758 3964; x_wconf 79' lang='lat' dir='ltr'><strong>tentdt.</strong></span> <span class='ocrx_word' id='word_1_354' title='bbox 788 3913 837 3963; x_wconf 83' lang='lat' dir='ltr'><strong>Sed</strong></span> <span class='ocrx_word' id='word_1_355' title='bbox 847 3917 872 3961; x_wconf 83' lang='lat' dir='ltr'><strong>et</strong></span> <span class='ocrx_word' id='word_1_356' title='bbox 883 3913 936 3976; x_wconf 86' lang='lat' dir='ltr'><strong>ipsa</strong></span> <span class='ocrx_word' id='word_1_357' title='bbox 945 3912 963 3961; x_wconf 92' lang='lat' dir='ltr'><strong>il</strong></span> <span class='ocrx_word' id='word_1_358' title='bbox 974 3927 990 3961; x_wconf 88' lang='lat' dir='ltr'><strong>a</strong></span> <span class='ocrx_word' id='word_1_359' title='bbox 1000 3913 1062 3963; x_wconf 90' lang='lat' dir='ltr'><strong>ludi-</strong></span> 
     </span>
     <span class='ocr_line' id='line_1_52' title="bbox 28 3976 1062 4039; baseline -0.001 -12"><span class='ocrx_word' id='word_1_360' title='bbox 28 3981 138 4028; x_wconf 87' lang='lat' dir='ltr'><strong>oblatum</strong></span> <span class='ocrx_word' id='word_1_361' title='bbox 148 3981 233 4030; x_wconf 80' lang='lat' dir='ltr'><strong>firerat.</strong></span> <span class='ocrx_word' id='word_1_362' title='bbox 251 3981 331 4030; x_wconf 79' lang='lat' dir='ltr'><strong>Cant.</strong></span> <span class='ocrx_word' id='word_1_363' title='bbox 562 3977 642 4027; x_wconf 86' lang='lat' dir='ltr'><strong>ficatio</strong></span> <span class='ocrx_word' id='word_1_364' title='bbox 653 3979 702 4026; x_wconf 84' lang='lat' dir='ltr'><strong>reri</strong></span> <span class='ocrx_word' id='word_1_365' title='bbox 714 3977 820 4027; x_wconf 78' lang='lat' dir='ltr'><strong>mticinii</strong></span> <span class='ocrx_word' id='word_1_366' title='bbox 834 3976 860 4025; x_wconf 93' lang='lat' dir='ltr'><strong>in</strong></span> <span class='ocrx_word' id='word_1_367' title='bbox 873 3992 956 4026; x_wconf 82' lang='lat' dir='ltr'><strong>rerum</strong></span> <span class='ocrx_word' id='word_1_368' title='bbox 966 3991 1062 4039; x_wconf 87' lang='lat' dir='ltr'><strong>quoque</strong></span> 
     </span>
    </p>

    <p class='ocr_par' dir='ltr' id='par_1_16' title="bbox 27 4041 1063 4232">
     <span class='ocr_line' id='line_1_53' title="bbox 61 4041 1062 4107; baseline -0.001 -16"><span class='ocrx_word' id='word_1_369' title='bbox 61 4046 350 4107; x_wconf 72' lang='lat' dir='ltr'><strong>rNtattaaeamapoa]</strong></span> <span class='ocrx_word' id='word_1_370' title='bbox 366 4043 438 4093; x_wconf 87' lang='lat' dir='ltr'><strong>Nihil</strong></span> <span class='ocrx_word' id='word_1_371' title='bbox 449 4041 474 4090; x_wconf 91' lang='lat' dir='ltr'><strong>in</strong></span> <span class='ocrx_word' id='word_1_372' title='bbox 485 4058 529 4092; x_wconf 85' lang='lat' dir='ltr'><strong>sua</strong></span> <span class='ocrx_word' id='word_1_373' title='bbox 562 4042 640 4091; x_wconf 76' lang='lat' dir='ltr'><strong>vertit.</strong></span> <span class='ocrx_word' id='word_1_374' title='bbox 672 4042 738 4090; x_wconf 88' lang='lat' dir='ltr'><strong>Tum</strong></span> <span class='ocrx_word' id='word_1_375' title='bbox 755 4041 820 4091; x_wconf 88' lang='lat' dir='ltr'><strong>enim</strong></span> <span class='ocrx_word' id='word_1_376' title='bbox 840 4042 925 4091; x_wconf 75' lang='lat' dir='ltr'><strong>Lasine</strong></span> <span class='ocrx_word' id='word_1_377' title='bbox 945 4041 977 4090; x_wconf 84' lang='lat' dir='ltr'><strong>sd</strong></span> <span class='ocrx_word' id='word_1_378' title='bbox 998 4057 1062 4091; x_wconf 78' lang='lat' dir='ltr'><strong>snm·</strong></span> 
     </span>
     <span class='ocr_line' id='line_1_54' title="bbox 27 4105 1063 4171; baseline -0.001 -16"><span class='ocrx_word' id='word_1_379' title='bbox 27 4115 70 4155; x_wconf 79' lang='lat' dir='ltr'><strong>aut</strong></span> <span class='ocrx_word' id='word_1_380' title='bbox 90 4108 135 4156; x_wconf 86' lang='lat' dir='ltr'><strong>filii</strong></span> <span class='ocrx_word' id='word_1_381' title='bbox 151 4115 224 4169; x_wconf 81' lang='lat' dir='ltr'><strong>sorte,</strong></span> <span class='ocrx_word' id='word_1_382' title='bbox 239 4109 305 4171; x_wconf 88' lang='lat' dir='ltr'><strong>qnod</strong></span> <span class='ocrx_word' id='word_1_383' title='bbox 320 4109 352 4156; x_wconf 84' lang='lat' dir='ltr'><strong>ad</strong></span> <span class='ocrx_word' id='word_1_384' title='bbox 368 4107 443 4156; x_wconf 85' lang='lat' dir='ltr'><strong>talem</strong></span> <span class='ocrx_word' id='word_1_385' title='bbox 460 4121 528 4168; x_wconf 81' lang='lat' dir='ltr'><strong>apem</strong></span> <span class='ocrx_word' id='word_1_386' title='bbox 561 4120 629 4154; x_wconf 86' lang='lat' dir='ltr'><strong>mum</strong></span> <span class='ocrx_word' id='word_1_387' title='bbox 650 4107 751 4168; x_wconf 84' lang='lat' dir='ltr'><strong>Capuae</strong></span> <span class='ocrx_word' id='word_1_388' title='bbox 775 4105 941 4168; x_wconf 80' lang='lat' dir='ltr'><strong>magistratum</strong></span> <span class='ocrx_word' id='word_1_389' title='bbox 965 4113 1063 4154; x_wconf 81' lang='lat' dir='ltr'><strong>avectus</strong></span> 
     </span>
     <span class='ocr_line' id='line_1_55' title="bbox 27 4170 1063 4232; baseline -0.004 -12"><span class='ocrx_word' id='word_1_390' title='bbox 27 4171 156 4232; x_wconf 85' lang='lat' dir='ltr'><strong>pertineat.</strong></span> <span class='ocrx_word' id='word_1_391' title='bbox 561 4177 606 4229; x_wconf 81' lang='lat' dir='ltr'><strong>eet,</strong></span> <span class='ocrx_word' id='word_1_392' title='bbox 616 4185 692 4232; x_wconf 88' lang='lat' dir='ltr'><strong>quum</strong></span> <span class='ocrx_word' id='word_1_393' title='bbox 709 4170 817 4232; x_wconf 80' lang='lat' dir='ltr'><strong>perditae</strong></span> <span class='ocrx_word' id='word_1_394' title='bbox 830 4174 855 4217; x_wconf 87' lang='lat' dir='ltr'><strong>et</strong></span> <span class='ocrx_word' id='word_1_395' title='bbox 869 4170 1011 4231; x_wconf 83' lang='lat' dir='ltr'><strong>deploratae</strong></span> <span class='ocrx_word' id='word_1_396' title='bbox 1025 4184 1063 4216; x_wconf 80' lang='lat' dir='ltr'><strong>rer</strong></span> 
     </span>
    </p>

    <p class='ocr_par' dir='ltr' id='par_1_17' title="bbox 26 4233 1061 4429">
     <span class='ocr_line' id='line_1_56' title="bbox 62 4233 924 4300; baseline -0.002 -17"><span class='ocrx_word' id='word_1_397' title='bbox 62 4237 439 4300; x_wconf 77' lang='lat' dir='ltr'><strong>aEaladificatiooerietipsa</strong></span> <span class='ocrx_word' id='word_1_398' title='bbox 452 4237 528 4284; x_wconf 81' lang='lat' dir='ltr'><strong>inae·</strong></span> <span class='ocrx_word' id='word_1_399' title='bbox 560 4234 741 4295; x_wconf 84' lang='lat' dir='ltr'><strong>Campanorum</strong></span> <span class='ocrx_word' id='word_1_400' title='bbox 752 4239 827 4282; x_wconf 84' lang='lat' dir='ltr'><strong>erant.</strong></span> <span class='ocrx_word' id='word_1_401' title='bbox 844 4233 924 4282; x_wconf 73' lang='lat' dir='ltr'><strong>cmv.</strong></span> 
     </span>
     <span class='ocr_line' id='line_1_57' title="bbox 26 4294 1061 4363; baseline -0.007 -15"><span class='ocrx_word' id='word_1_402' title='bbox 26 4315 81 4348; x_wconf 81' lang='lat' dir='ltr'><strong>rum</strong></span> <span class='ocrx_word' id='word_1_403' title='bbox 98 4304 184 4363; x_wconf 75' lang='lat' dir='ltr'><strong>vertit]</strong></span> <span class='ocrx_word' id='word_1_404' title='bbox 214 4301 350 4350; x_wconf 87' lang='lat' dir='ltr'><strong>Lndifioata</strong></span> <span class='ocrx_word' id='word_1_405' title='bbox 366 4301 445 4348; x_wconf 84' lang='lat' dir='ltr'><strong>fuerat</strong></span> <span class='ocrx_word' id='word_1_406' title='bbox 463 4298 529 4348; x_wconf 80' lang='lat' dir='ltr'><strong>Lesii</strong></span> <span class='ocrx_word' id='word_1_407' title='bbox 592 4299 709 4359; x_wconf 65' lang='lat' dir='ltr'><strong>gsattpt</strong></span> <span class='ocrx_word' id='word_1_408' title='bbox 729 4300 763 4345; x_wconf 80' lang='lat' dir='ltr'><strong>od</strong></span> <span class='ocrx_word' id='word_1_409' title='bbox 782 4299 820 4356; x_wconf 80' lang='lat' dir='ltr'><strong>at]</strong></span> <span class='ocrx_word' id='word_1_410' title='bbox 848 4311 881 4344; x_wconf 85' lang='lat' dir='ltr'><strong>sc.</strong></span> <span class='ocrx_word' id='word_1_411' title='bbox 896 4294 1061 4356; x_wconf 81' lang='lat' dir='ltr'><strong>Remigiorum</strong></span> 
     </span>
     <span class='ocr_line' id='line_1_58' title="bbox 26 4359 865 4429; baseline -0.008 -17"><span class='ocrx_word' id='word_1_412' title='bbox 26 4369 106 4412; x_wconf 83' lang='lat' dir='ltr'><strong>mater</strong></span> <span class='ocrx_word' id='word_1_413' title='bbox 116 4378 256 4429; x_wconf 82' lang='lat' dir='ltr'><strong>responsum</strong></span> <span class='ocrx_word' id='word_1_414' title='bbox 266 4363 408 4427; x_wconf 83' lang='lat' dir='ltr'><strong>haruspicis,</strong></span> <span class='ocrx_word' id='word_1_415' title='bbox 418 4364 483 4426; x_wconf 87' lang='lat' dir='ltr'><strong>qnod</strong></span> <span class='ocrx_word' id='word_1_416' title='bbox 493 4368 528 4411; x_wconf 81' lang='lat' dir='ltr'><strong>ta-</strong></span> <span class='ocrx_word' id='word_1_417' title='bbox 561 4377 617 4423; x_wconf 85' lang='lat' dir='ltr'><strong>opa,</strong></span> <span class='ocrx_word' id='word_1_418' title='bbox 627 4366 656 4408; x_wconf 88' lang='lat' dir='ltr'><strong>at</strong></span> <span class='ocrx_word' id='word_1_419' title='bbox 664 4365 749 4409; x_wconf 80' lang='lat' dir='ltr'><strong>monet</strong></span> <span class='ocrx_word' id='word_1_420' title='bbox 759 4359 865 4408; x_wconf 81' lang='lat' dir='ltr'><strong>Gronov.</strong></span> 
     </span>
    </p>
   </div>
   <div class='ocr_carea' id='block_1_15' title="bbox 67 4441 881 4494">
    <p class='ocr_par' dir='ltr' id='par_1_18' title="bbox 67 4441 881 4494">
     <span class='ocr_line' id='line_1_59' title="bbox 67 4441 881 4494; baseline 0.001 -3"><span class='ocrx_word' id='word_1_421' title='bbox 67 4447 146 4492; x_wconf 78' lang='lat' dir='ltr'><strong>VOL.</strong></span> <span class='ocrx_word' id='word_1_422' title='bbox 162 4449 196 4494; x_wconf 87' lang='lat'><strong>11.</strong></span> <span class='ocrx_word' id='word_1_423' title='bbox 645 4463 650 4492; x_wconf 85' lang='lat' dir='ltr'><strong>t</strong></span> <span class='ocrx_word' id='word_1_424' title='bbox 859 4441 881 4484; x_wconf 80' lang='lat' dir='ltr'>U</span> 
     </span>
    </p>
   </div>
   <div class='ocr_carea' id='block_1_16' title="bbox 0 0 1442 4772">
    <p class='ocr_par' dir='ltr' id='par_1_19' title="bbox 0 0 1442 4772">
     <span class='ocr_line' id='line_1_60' title="bbox 0 0 1442 4772; baseline 0 3"><span class='ocrx_word' id='word_1_425' title='bbox 0 0 1442 4772; x_wconf 95' lang='lat' dir='ltr'><strong> </strong></span> 
     </span>
    </p>
   </div>
  </div>
 </body>
</html>
