2888 4768
357 205 421 266 226
739 199 851 264 ΤΙΤΙ
878 197 1011 262 LIVII

207 345 241 396 U.
251 346 282 395 c.
299 357 353 409 539·
362 333 442 422 Arpi
458 335 525 400 sine
539 335 629 400 clade
644 334 747 412 ullius,
760 348 978 423 praeterquam
990 335 1084 399 unius
1094 335 1209 399 veteris
1222 334 1418 422 proditoria

206 411 236 458 A.
253 411 435 487 0·213·n0vi
457 421 618 522 perdigne,
640 423 777 488 restituti
802 423 842 487 ad
869 421 1039 486 Romanos.
1064 417 1146 522 ‘His
1187 423 1237 522 nis
1263 419 1420 509 duplicia&

360 509 675 757 pplggliplidcqnuqqspgp
698 531 855 597 operaque
875 531 985 574 eorum
1000 509 1074 574 forn
1090 531 1127 572 ac
1165 507 1230 572 delr
1251 531 1401 634 persaepe

441 705 518 746 uum
540 680 649 746 consul
671 682 750 747 alter
772 682 806 746 iu
830 681 957 770 Apulia,
980 680 1059 746 alter
1080 681 1114 744 in
1137 679 1279 745 Lucanis
1302 695 1400 759 esset3

204 773 326 848 &emi
363 770 485 856 equites
508 781 636 834 centum
660 768 828 833 duodecim
851 768 973 833 nobiles
996 767 1162 854 Campani,
1184 789 1243 855 per
1265 769 1403 855 speciem

206 845 304 951 ffl‘ffi
386 855 536 920 raedandi
565 879 606 920 ex
636 855 774 920 hostium
879 904 888 933 ,
915 855 1069 943 permissu
1098 854 1340 940 magistratuum
1365 856 1402 919 ab

206 937 286 1016 caira
362 876 477 1030 llapua
497 941 638 1030 profecti,
657 942 698 1006 ad
719 953 819 1006 castra
866 963 989 1018 omaus,
1004 963 1085 1028 quae
1107 963 1202 1028 super
1223 940 1402 1006 Suemulam

207 1032 281 1106 aum.
293 1047 331 1080 va
362 1042 461 1105 erant,
482 1041 646 1094 venerunt
694 1026 828 1093 Stationi
849 1027 995 1104 militum,
1017 1028 1208 1115 quiessent,
1232 1027 1401 1102 dixenmt3

206 1103 285 1145 ''¹¹¹⁰'‘
363 1115 499 1202 colloqui
533 1138 599 1180 sese
633 1137 706 1179 cum
735 1129 878 1202 praetore
909 1113 998 1180 velle.
1045 1113 1107 1178 Cn.
1136 1113 1267 1178 Fulvius
1299 1116 1403 1179 eastris

362 1217 524 1302 praeerat:
555 1202 607 1267 cui
632 1201 688 1266 ubi
713 1202 894 1266 nuntiatum
920 1214 976 1278 est,
1003 1201 1114 1266 decem
1139 1223 1180 1264 ex
1205 1223 1246 1265 eo
1272 1224 1404 1266 numero

362 1289 452 1354 russis
472 1289 646 1352 inermibus
667 1287 783 1353 deduci
805 1287 845 1352 ad
867 1311 910 1365 se,
929 1288 996 1365 ubi,
1016 1311 1098 1375 quae
1120 1287 1329 1374 postularent,
1352 1311 1403 1353 au·

362 1375 451 1454 divit,
466 1375 562 1462 (nihil
576 1387 681 1439 autem
697 1375 783 1439 aliud
797 1375 957 1464 petebant,
969 1396 1063 1460 quam
1079 1387 1124 1451 ut,
1139 1371 1253 1461 Capua
1268 1390 1402 1462 recepta,

206 1473 325 1522 tamum
363 1463 446 1528 bona
466 1461 525 1526 sibi
545 1460 799 1547 restituerentur)
818 1462 852 1525 in
871 1460 968 1525 fidem
991 1483 1100 1525 omues
1121 1462 1253 1548 accepti.
1304 1460 1348 1527 Et
1369 1463 1403 1526 ab

206 1543 315 1600 eaprum.
364 1548 462 1613 altero
490 1561 633 1635 praetore
661 1547 847 1648 Sempronio
872 1545 1035 1612 Tuditano
1064 1546 1218 1634 oppidum
1244 1547 1403 1613 Aternum

364 1647 588 1722 expugnatum
637 1633 784 1722 Amphus
804 1647 925 1734 septem
948 1633 1046 1698 millia
1065 1634 1232 1698 homiuum
1255 1649 1362 1722 capta,
1376 1652 1404 1699 et

208 1729 303 1806 Romae
314 1729 347 1779 in·
363 1721 443 1786 aeris
465 1722 649 1808 argentique
672 1721 786 1809 signati
807 1721 1012 1808 ahquantum.
1059 1719 1180 1785 Romae
1202 1721 1339 1786 foedum
1361 1723 1405 1786 in-

206 1795 328 1846 ⁰⁰¹¹d¹¹¹¹¹¹·
363 1807 511 1872 cendium
541 1829 599 1894 per
627 1808 706 1872 duas
736 1819 845 1872 noctes
873 1830 910 1872 ac
935 1807 1020 1872 diem
1050 1829 1149 1871 unum
1179 1808 1308 1872 tenuit:
1343 1809 1406 1873 solo

362 1907 496 1982 aequata
515 1895 621 1959 omnia
639 1895 724 1959 inter
740 1893 860 1960 Salinas
880 1913 916 1959 ac
934 1907 1057 1981 portam
1073 1891 1315 1959 Carmentalem
1337 1917 1405 1960 cum

363 1980 584 2069 Aequimaelio
615 1979 804 2068 Iugarioque
832 1981 910 2045 vico.
957 1980 997 2045 In
1027 1979 1152 2068 templis
1178 1980 1343 2046 Fortunae
1373 2003 1443 2062 aer

363 2069 470 2133 matris
494 2063 637 2133 Matutae
663 2081 696 2132 et
724 2066 799 2155 Spei
825 2081 914 2132 extra
938 2079 1060 2155 portam
1085 2066 1147 2132 late
1168 2080 1305 2154 vagatus
1327 2070 1424 2156 igniat
1442 2103 1443 2136 ;

362 2177 450 2220 sacra
485 2155 655 2242 rosanaque
671 2153 771 2219 multa
784 2154 965 2242 absumpsit.
1442 2231 1443 2240 ἵ

254 2233 333 2329 418χ
407 2177 530 2306 Eodem
553 2265 636 2306 anno
655 2239 692 2305 P.
709 2252 742 2305 et
763 2239 824 2305 Cn.
844 2238 995 2319 Cornelii,
1011 2261 1108 2327 quum
1129 2240 1162 2304 in
1179 2237 1343 2329 Hispania
1362 2265 1406 2307 res
1442 2283 1443 2294 ἢ

207 2318 355 2392 sauna
363 2349 529 2415 prosperae
544 2341 657 2404 esseut,
673 2326 852 2416 multosque
866 2341 899 2392 et
913 2339 1035 2392 veteres
1052 2327 1230 2414 reciperent
1246 2329 1362 2406 socios,
1378 2343 1406 2394 et

206 2397 341 2495 ἕηκε*
362 2435 460 2478 novos
485 2413 667 2492 adiicerent,
693 2414 728 2478 in
751 2415 891 2480 Africam
914 2437 978 2501 quo
1001 2436 1041 2477 ue
1067 2436 1155 2501 spem
1180 2415 1405 2480 extenderunt

208 2509 336 2572 Legatiad
364 2499 494 2588 Syphax
525 2513 592 2565 erat
621 2523 677 2564 rex
708 2499 930 2577 Numidarum,
957 2437 1059 2565 srilrito
1090 2499 1408 2588 Carthaginiensibm
1442 2511 1443 2588 l

207 2574 460 2686 Slplmsffiloatis
475 2586 582 2651 factus.
628 2587 683 2651 Ad
703 2610 777 2651 eum
796 2587 997 2652 centiniones
1016 2599 1078 2651 tres
1099 2586 1219 2673 legatos
1242 2589 1407 2665 miserunt,
1442 2591 1443 2614 ³

207 2653 326 2764 {imm
364 2672 512 2759 quicum
533 2695 571 2737 eo
589 2673 758 2737 amicitiam
778 2675 1024 2762 societatemque
1039 2673 1197 2750 facereut;
1222 2687 1256 2738 et
1278 2675 1408 2762 pollice·

363 2770 481 2836 rentur,
494 2759 521 2823 si
558 2773 745 2824 erseveraret
759 2781 870 2848 urgere
886 2760 969 2826 bello
986 2759 1274 2847 CarthaginienseS‚
1286 2777 1408 2850 gratam
1442 2841 1443 2850 ἶ

363 2867 433 2910 eam
448 2867 515 2911 rem
528 2781 594 2910 lire
614 2847 737 2910 senatui
758 2847 940 2935 populoque
955 2848 1110 2924 Romano,
1127 2859 1159 2911 et
1179 2848 1362 2926 anunm-os,
1378 2863 1409 2913 ut
1442 2905 1443 2938 ἶ

362 2931 397 2996 iu
419 2945 569 3020 tempore,
591 2946 623 2997 et
644 2933 725 2997 bene
747 2933 938 2998 cumulatam
959 2935 1091 3020 gratiam
1112 2933 1260 2998 referant
1311 2935 1410 3001 Grata
1442 2943 1443 3006 l

363 3041 402 3083 ea
431 3019 546 3106 legatio
577 3019 708 3084 barbaro
737 3019 816 3084 filit:
851 3020 1023 3086 collocutus
1046 3042 1086 3084 ue
1118 3043 1190 3084 curn
1221 3019 1340 3108 legatis
1372 3024 1408 3086 de
1442 3029 1443 3094 l

363 3106 484 3171 ratione
506 3105 581 3171 belli
603 3105 748 3194 gerundi,
772 3119 809 3170 ut
831 3120 973 3172 veterum
997 3043 1132 3170 militum
1155 3107 1253 3171 verba
1276 3109 1407 3184 audiuit,
1442 3129 1443 3192 ξ

363 3215 459 3279 quam
474 3192 642 3257 multarum
658 3214 763 3257 rerum
783 3193 849 3280 ipse
867 3195 993 3280 ignarus
1007 3204 1098 3271 esset,
1115 3215 1154 3257 ex
1169 3199 1407 3282 comparatione
1442 3263 1443 3276 ¹

363 3291 426 3343 tam
440 3279 600 3344 ordinatae
613 3279 806 3367 disciplinae,
818 3280 959 3344 animum
973 3279 1115 3345 advertit
1154 3279 1252 3358 Tum,
1268 3283 1425 3369 primuml

364 3377 401 3430 ut
413 3388 471 3452 pro
485 3365 576 3431 bonis
593 3389 629 3430 ac
643 3365 790 3432 fidelibus
809 3366 899 3430 sociis
913 3366 1062 3443 facerent,
1077 3367 1185 3443 oravit,
1209 3375 1270 3432 ‘ut
1285 3369 1407 3434 duale
1442 3365 1443 3444 ξ

365 3453 543 3540 ‘gationem
559 3453 711 3518 referrent
731 3453 771 3517 ad
791 3453 993 3540 imperatores
1012 3475 1104 3530 suos3
1127 3475 1210 3517 unus
1230 3457 1325 3543 apud
1347 3479 1407 3522 we
1442 3461 1443 3506 l

397 3662 411 3709 5
427 3647 542 3696 Restituit
558 3648 592 3694 ad
602 3647 733 3706 Ronmnot]
752 3647 783 3695 of.
795 3645 866 3707 Supr.
899 3646 1080 3696 Carmentalem
1096 3651 1173 3705 eraut,
1189 3647 1243 3694 sola
1262 3647 1327 3710 Spei
1345 3657 1406 3697 amn
1442 3641 1443 3662 ¹

364 3710 389 3760 ii.
400 3725 436 3773 13.
445 3717 470 3758 et
478 3725 516 3774 49.
527 3710 569 3758 ubi
580 3710 691 3759 similiter
700 3713 800 3759 residuo
811 3723 867 3758 cum
899 3715 1001 3772 portam.
1015 3709 1044 3758 cf.
1056 3709 1110 3760 infr.
1117 3725 1173 3759 xxv.
1183 3722 1204 3772 7.
1228 3711 1318 3761 Aedes
1326 3713 1407 3761 Matris

363 3775 502 3823 accusativo
514 3789 571 3822 casu
582 3773 695 3837 iungitur.
899 3775 1020 3832 Matutae,
1031 3775 1066 3822 ita
1076 3774 1140 3822 enirn
1151 3774 1207 3834 Ino,
1215 3775 1332 3826 &melas
1340 3791 1407 3828 aoros

397 3836 547 3900 onapaota
557 3839 662 3900 σίὀανία]
684 3838 810 3888 Uaitatum
820 3838 867 3887 suit
899 3839 965 3900 apud
977 3839 1055 3887 Italos
1066 3840 1203 3898 vocabatur,
1217 3853 1235 3887 a
1252 3841 1342 3890 Servio
1353 3841 1406 3889 Tul·

365 3903 433 3962 apud
452 3903 576 3951 Romanoa
593 3901 640 3949 hoe
662 3903 735 3950 modo
755 3903 868 3951 virtutem
900 3902 1406 3966 napumodedicaueraapoataarefem

367 3965 497 4013 militarem
521 3979 682 4024 remunerare,
702 3965 768 4013 uude
789 3967 868 4029 dupli·-
900 3972 926 4014 et
944 3981 959 4014 a
977 3967 1084 4016 Camillo
1101 3967 1220 4015 dedicata
1241 3983 1313 4031 supr.
1331 3987 1353 4018 r.
1373 3981 1405 4016 ar.

366 4030 428 4078 aaut
444 4029 595 4088 dicebantur,
605 4029 646 4091 qui
656 4029 749 4091 duplex
764 4030 869 4078 trumen-
900 4032 982 4079 Aedes
988 4045 1084 4093 quoque
1092 4031 1215 4080 Fortunae
1225 4048 1243 4080 a
1254 4033 1343 4082 Servio
1352 4033 1404 4082 Tul-

366 4100 419 4142 tum
431 4094 462 4140 ob
473 4093 586 4142 urtutem
597 4093 743 4156 acciperent.
763 4095 793 4143 cf.
804 4109 868 4157 supr.
901 4095 935 4143 lio
946 4095 1058 4144 dedicata
1069 4101 1127 4144 erat.
1144 4110 1208 4158 supr.
1220 4111 1246 4145 x.
1259 4097 1302 4158 46.

365 4158 442 4222 51:59.
931 4161 1079 4223 9Aaimum
1089 4161 1206 4219 aduertit]
1226 4161 1270 4210 Sic
1281 4177 1404 4226 saepem

400 4234 414 4284 7
429 4223 607 4285 Aequimaelio]
626 4222 656 4271 cf.
668 4221 739 4284 Supr.
750 4223 781 4271 iv.
796 4221 832 4272 16.
899 4222 970 4284 tiqui,
981 4225 1045 4284 quod
1062 4230 1146 4285 postea
1162 4239 1206 4286 per
1220 4225 1352 4276 elisionem
1365 4228 1404 4274 tre

398 4287 567 4348 sapsam
577 4288 686 4349 portam]
712 4287 869 4335 Fortuuaaet
901 4288 1015 4346 quentiae
1035 4289 1216 4350 pronuntiatum
1238 4297 1277 4339 est
1298 4293 1404 4340 minod-

367 4348 455 4398 Matris
472 4349 584 4400 Matutae
600 4351 673 4398 aedes
689 4350 751 4399 intra
769 4352 868 4398 Portam
901 4353 980 4401 vertit.
998 4352 1077 4401 Casu.
