2878 4772
359 153 645 222 LIB.XXVI1L
680 155 793 222 CAP.
820 161 869 222 11.
933 139 938 148 '
1069 163 1133 222 413

55 297 197 372 gatum
221 287 256 352 in
282 311 402 352 annum
424 291 593 378 imperium
617 303 673 356 est
720 290 767 356 M.
784 289 933 357 Valerius
977 291 1220 370 inconsultae.
1236 300 1296 366 546,

58 373 134 459 qui
153 373 298 439 tuendae
319 375 402 440 circa
424 374 562 440 Siciliam
584 377 758 441 maritimae
781 399 855 442 orae
876 312 1063 463 praellrerat,
1079 367 1175 442 tri-A·
1192 367 1222 417 ⁰·
1237 365 1293 416 ²⁰⁶·

58 461 174 546 ginta
189 460 323 524 navibus
339 462 376 526 C.
393 461 526 527 Servilio
540 462 699 548 praebitis,
714 485 788 527 cum
805 475 910 527 cetera
929 463 1018 526 omni
1036 462 1134 528 classe

60 545 189 609 redire
206 545 247 609 ad
262 548 372 611 urbem
387 547 498 611 iussus.

118 630 168 694 In
185 630 314 696 civitate
330 645 418 697 tanto
433 632 614 697 discrimine
629 633 704 698 belli
719 633 860 711 sollicita,
876 656 976 720 quum
991 637 1134 699 omnium
1194 637 1243 696 ll.

63 717 300 782 secundorum
314 717 516 783 adversorum
540 742 580 783 ue
595 741 704 783 causas
719 719 753 782 in
767 719 844 783 deos
854 733 1022 798 verterent,
1034 721 1135 786 multa

64 802 233 952 ffdigia
261 804 506 880 nuntiabantur;
565 805 724 868 arracinae
754 803 838 869 Iovis
866 805 989 882 aedem,
1021 805 1135 871 Satrici

118 888 204 952 atris
218 888 364 954 Matutae
384 890 425 954 de
445 890 534 954 coelo
550 901 673 954 tactam
722 889 900 956 Satricanos
922 891 1007 956 haud
1029 892 1135 956 minus

66 975 249 1040 terrebant
263 975 296 1038 in
311 974 424 1039 aedem
438 974 522 1040 Iovis
536 975 655 1040 foribus
675 976 750 1062 ipsis
769 975 834 1040 duo
853 976 990 1064 perlapsi
1004 1000 1132 1064 angues

68 1060 135 1124 Ab
154 1059 260 1124 Antio
280 1061 461 1125 nuntiatum
482 1073 538 1138 est,
557 1075 703 1126 cruentas
724 1063 825 1148 spicas
847 1063 1039 1126 metentibus
1053 1063 1135 1127 visas
1223 1080 1229 1091 ·

69 1167 161 1210 esse.
213 1144 315 1210 Caere
373 1169 445 1211 rcus
459 1147 576 1234 biceps,
592 1163 625 1212 et
639 1170 739 1234 agnus
760 1170 826 1212 mas
846 1147 995 1233 idemque
1015 1148 1135 1212 femina

70 1243 178 1295 natus
194 1244 270 1296 erat
348 1244 361 1295 t
376 1231 479 1297 Albae
498 1233 563 1298 duo
583 1233 663 1298 soles
677 1234 759 1298 visos
774 1234 968 1298 referebant:
993 1245 1025 1298 et
1039 1247 1133 1298 nocte

71 1317 238 1404 Fregellis
253 1317 358 1382 lucem
373 1319 524 1383 obortam.
571 1317 615 1382 Et
629 1319 686 1383 bos
700 1320 735 1382 in
750 1341 824 1419 agro
837 1319 984 1384 Romano
998 1319 1133 1395 locutus,

72 1415 111 1467 et
128 1426 187 1468 ara
202 1403 349 1491 Neptuni
364 1403 465 1467 multo
480 1404 594 1468 sudore
609 1427 751 1469 manasse
765 1426 800 1468 1n
815 1405 898 1470 circo
914 1403 1071 1469 Flaminio
1085 1404 1135 1468 di·

72 1491 234 1554 cebatur:
258 1502 292 1554 et
306 1488 400 1554 aedes
418 1488 553 1567 Ueratia,
572 1489 697 1567 Salutis,
716 1489 844 1566 Quirini
860 1491 901 1555 de
916 1490 1005 1554 coelo
1020 1503 1131 1554 tactae.

73 1574 238 1661 Prodigia
252 1575 396 1639 consules
414 1575 524 1640 hostiis
543 1577 713 1641 maioribus
750 1598 894 1642 rocurare
909 1576 996 1652 iussi,
1012 1589 1045 1640 et
1059 1598 1134 1662 sup·

73 1659 289 1747 plicationem
314 1683 413 1725 unum
437 1661 524 1726 diem
548 1663 674 1726 habere.
721 1599 771 1726 Ea
793 1685 835 1726 ex
861 1661 1134 1726 senatusconsulto

74 1745 174 1810 facta.
221 1746 299 1810 Plus
319 1747 465 1812 omnibus
485 1761 540 1812 aut
558 1748 714 1812 nuntiatis
730 1769 872 1834 peregre,
888 1760 944 1812 aut
958 1747 1032 1812 visis
1046 1746 1211 1820 dominns
1222 1757 1248 1806 in

76 1831 247 1918 prodigiis,
274 1832 386 1897 terruit
409 1833 530 1897 animos
554 1833 720 1898 hominum
747 1833 829 1919 ignis
851 1834 886 1897 in
911 1832 990 1896 aede
1014 1833 1132 1898 Vestae
1142 1823 1264 1933 fflve·

78 1919 277 1982 exstinctus:
310 1940 463 2004 caesaque
493 1919 591 2006 flagro
620 1931 668 1984 est
693 1918 841 1994 Vestalis,
870 1918 961 1982 cuius
990 1917 1134 1982 custodia
1142 1901 1253 2000 ,fincffi

77 2004 188 2068 noctis
212 2005 281 2069 eius
305 2004 417 2080 fuerat,
444 2004 531 2068 iussu
556 2003 593 2068 P.
610 2002 728 2068 Licinii
753 2003 920 2090 pontificis.
967 2000 1006 2066 Id
1031 2024 1134 2088 quan·

79 2111 191 2176 quam,
207 2089 289 2154 nihil
309 2089 573 2177 portendentibus
595 2088 673 2166 deis,
693 2101 835 2154 ceterum
856 2087 1052 2174 negligentia
1072 2088 1133 2152 hu-

80 2197 180 2240 mana
201 2175 368 2252 acciderat,
391 2189 498 2240 tamen
521 2188 555 2238 et
577 2174 688 2239 hostiis
712 2173 884 2238 maioribus
905 2173 1076 2261 procurari,
1100 2186 1133 2240 et

81 2283 124 2326 su
168 2260 349 2326 licationem
364 2260 405 2326 ad
421 2262 540 2327 Vestae
555 2260 664 2325 haberi
678 2259 806 2347 placuit.

158 2348 319 2434 riusquam
340 2347 614 2434 proficiscerentur
635 2345 779 2412 consules
801 2345 842 2409 ad
868 2344 997 2423 bellum,
1019 2345 1133 2410 moniti
1142 2362 1226 2413 Plebis
1236 2362 1262 2413 in

866 2517 964 2582 ellum
989 2518 1030 2581 ab
1053 2519 1132 2582 urbe
1141 2493 1234 2606 ppndaa
1245 2508 1286 2541 ⁰¹¹⁸

84 2433 127 2498 ab
141 2445 252 2498 senatu
272 2445 355 2509 sunt,
372 2441 427 2497 ‘ut
447 2433 483 2532 in
505 2454 595 2532 agros
616 2431 816 2498 reducendae
836 2431 937 2582 plebis
955 2453 1063 2496 curam
1077 2431 1210 2496 ha-asm
1220 2430 1291 2478 reuu-

86 2521 228 2584 ‘berent
274 2518 383 2584 Deum
407 2519 603 2605 benignitate
627 2531 820 2582 summotum

87 2615 98 2646 ‘
111 2605 255 2671 Romana
277 2618 311 2670 et
334 2605 428 2670 Latio
450 2627 528 2682 esse,
547 2616 580 2668 et
623 2627 690 2668 osse
716 2604 783 2668 sine
806 2616 894 2669 metu
916 2602 950 2668 in
972 2603 1054 2689 agris
1076 2603 1133 2668 ha·

63 2700 99 2756 1‘
111 2692 210 2758 bitari.
235 2691 373 2756 Minime
388 2691 568 2768 convenire,
606 2690 718 2768 iciliae,
757 2713 830 2755 uam
846 2689 966 2767 Italiae,
978 2689 1132 2754 colendae

89 2778 258 2842 ‘maiorem
273 2799 381 2842 curam
396 2777 483 2842 esse!
525 2776 590 2842 Sed
605 2799 654 2842 res
669 2714 917 2862 haudquaquam
931 2787 999 2840 erat
1013 2775 1133 2863 populo

88 2863 194 2940 facilis,
210 2876 243 2929 et
256 2863 363 2928 liberis
378 2863 551 2928 cultoribus
570 2861 654 2927 bello
669 2863 779 2926 absum
803 2863 851 2938 tis,
868 2874 901 2924 et
914 2861 1022 2946 inopia
1036 2861 1133 2926 servi·

89 2949 213 3027 tiorum,
237 2962 271 3014 et
295 2971 410 3036 pecore
436 2948 570 3034 direpto,
595 2947 740 3032 villisque
791 2945 879 3010 'rutis
904 2957 959 3010 aut
983 2946 1129 3010 incensis.

91 3033 208 3134 Magna
221 3047 329 3100 tamen
366 3056 415 3098 ars
432 3033 616 3100 auctoritate
637 3031 803 3097 consulum
818 3030 981 3116 compulsa
994 3030 1028 3092 in
1042 3053 1133 3180 agros

91 3121 274 3208 remigravit.
361 3131 492 3184 overant
511 3129 618 3182 autern
637 3118 769 3182 huiusce
787 3117 833 3182 rei
848 3115 1044 3180 mentionem
1087 3115 1133 3180 la-

92 3207 285 3272 centinorum
315 3217 348 3270 et
379 3202 644 3268 Cremonensium
676 3202 783 3289 legati,
813 3212 991 3288 querentes,
1021 3223 1132 3288 agrum

93 3313 179 3356 suum
202 3293 242 3357 ab
268 3290 383 3358 accolis
408 3289 509 3354 Gallis
535 3288 686 3353 incursari
713 3311 751 3353 ac
774 3287 896 3365 vastari,
922 3309 1131 3374 magnamque

68 3389 208 3466 apuam
229 3377 414 3442 colonorum
437 3397 566 3439 suorum
590 3373 743 3460 dilapsam
765 3396 842 3451 esse,
863 3385 897 3437 et
915 3373 996 3444 infre
1021 3385 1133 3438 nentes

95 3486 128 3530 se
150 3464 248 3540 urbes,
274 3484 385 3550 agrum
410 3474 534 3526 vastum
559 3482 596 3524 ac
621 3459 781 3525 desertum
806 3459 931 3524 habere.
1041 3457 1129 3522 milio

96 3550 223 3637 praetori
241 3548 437 3624 mandatum,
453 3559 490 3612 ut
510 3545 649 3611 colonias
670 3547 710 3610 ab
731 3545 822 3609 hosta
846 3555 996 3608 tueretur.
1044 3542 1133 3606 Con-

97 3634 172 3700 sules
192 3657 232 3700 ex
254 3632 524 3700 senatusconsulto
546 3630 726 3708 edixerunt,
746 3643 793 3710 ut,
814 3628 871 3716 qui
892 3628 977 3693 cives
1000 3627 1133 3693 Cremo·

132 3859 341 3922 subdicaqwm
355 3857 592 3916 Italiaaeolendac]
626 3854 702 3904 xxvii.
719 3869 741 3918 5.
775 3855 871 3904 Eadem
889 3853 998 3915 profecto
1016 3869 1075 3904 eura
1091 3854 1132 3904 de·

101 3921 213 3973 Nimium
237 3922 360 3971 Laevinus
383 3921 470 3968 sedulo
495 3934 594 3982 operam
625 3919 839 3972 bebaturltaliae.
856 3919 938 3970 θην.

101 3987 197 4046 dederat,
212 3991 241 4034 ut
259 3991 351 4034 vastata
367 3984 440 4032 bellis
458 3983 542 4032 Sicilia
558 3998 594 4032 re·
659 3985 726 4032 rEt
744 3982 924 4048 infrementes]
949 3982 1011 4032 Ood.
1030 3981 1088 4031 Put.
1109 3987 1134 4031 et

102 4051 216 4109 coleretur,
240 4055 431 4111 cogerenturqua
459 4046 536 4096 siculi
563 4047 597 4095 ad
627 4048 678 4096 iam
696 4049 872 4114 trtr'requmm,
890 4047 957 4110 quod
975 4045 1080 4096 Bekker.
1097 4059 1133 4094 re·

103 4113 207 4162 arandum
221 4129 250 4163 ac
265 4112 394 4162 serendum
408 4110 504 4159 animos
514 4124 597 4158 rursus
629 4110 718 4172 posuit.

104 4181 235 4226 omrartere.
268 4175 299 4226 cf.
325 4190 390 4237 supr.
417 4173 484 4223 xxvi.
507 4187 546 4233 41.
571 4177 597 4220 et
