2866 4770
337 215 434 284 nm.
458 215 573 284 xxx,
606 216 717 284 cnr.
742 223 794 284 a.
1025 225 1089 286 aaa

39 359 51 390 ‘
60 375 131 418 cem
154 353 338 442 petentibus
356 352 505 419 dedimet.
517 355 659 442 patribus
676 355 808 422 nostris:
830 359 898 420 non
918 355 1087 420 statuendo
1098 367 1133 419 U.
1144 367 1174 418 c.
1190 377 1246 430 550·

38 440 191 506 ‘tandem
215 439 359 506 felicitati
384 440 525 518 modum,
551 464 612 506 nec
637 440 818 506 cohibendo
841 442 1026 508 efferentem
1052 433 1127 507 sel*
1144 432 1175 482 ⁰·
1191 446 1246 483 ²⁰²·
1424 487 1425 514 ι

37 527 229 606 ‘fortunam
254 538 375 614 quanto
400 527 493 592 altius
517 526 617 592 elatus
642 539 719 605 erat,
743 551 783 592 eo
808 527 932 593 foedius
956 529 1084 594 corruit.
1424 523 1425 608 l

38 612 128 678 ‘Est
137 614 268 702 quidem
290 615 369 690 eius,
384 613 441 700 qui
463 612 528 690 dat,
547 637 613 679 non
631 614 688 700 qui
704 614 798 714 petit,
819 613 1017 680 conditiones
1037 614 1087 679 di·
1424 621 1425 696 ι

37 705 131 764 ‘cere
148 701 253 786 pacis:
277 700 334 765 sed
353 699 484 765 forsitan
503 722 570 764 non
588 699 713 787 indigna
731 700 838 778 aimus,
854 701 911 788 qui
928 701 1087 767 nobismet

36 786 120 872 ‘ipsi
145 786 279 852 multem
304 786 332 850 ir
409 809 488 854 mus.
541 785 620 852 Non
645 808 835 864 recusamus,
884 787 941 852 uin
966 789 1083 866 omnia,

35 877 189 972 ‘propter
228 895 288 938 uae
311 807 431 938 be‘lHem
451 872 567 937 initum
587 886 644 950 est,
665 886 769 938 vestra
785 809 994 950 aint,qSicilia,
1013 873 1085 939 Sar-

35 958 158 1035 ‘dima,
219 959 350 1047 ispania,
368 958 523 1047 quicquid
547 959 721 1024 insularum
746 972 814 1025 toto
836 959 920 1024 inter
942 959 1085 1024 Afficam

34 1043 248 1132 ‘Italiamque
259 1046 441 1111 continetur
452 1045 539 1109 marl
574 1044 863 1132 Carthaginienses,
873 1045 986 1111 inclusi
996 1045 1086 1110 Afri-

34 1138 115 1196 ‘cae
133 1131 287 1209 litoribus,
302 1153 359 1197 vos
378 1131 523 1219 (quando
540 1131 585 1196 ita
607 1132 668 1196 diis
689 1131 825 1218 placuit)
839 1144 973 1197 externa
986 1132 1084 1198 etiam

33 1225 143 1284 ‘terra
162 1219 304 1306 marique
324 1217 488 1283 videamus
510 1231 657 1304 regentes
676 1219 818 1305 imperia.
865 1217 964 1283 Haud
987 1241 1085 1306 nega-

33 1312 44 1346 ‘
55 1304 168 1383 verim,
182 1318 313 1393 propter
326 1327 392 1369 non
407 1304 502 1368 nimia
517 1305 638 1369 sincere
651 1305 784 1391 petitam
800 1317 856 1370 aut
869 1317 1085 1392 exspectatam

10 1421 22 1455 1
33 1398 161 1478 ‘nuper
173 1413 296 1479 pacem,
308 1403 485 1478 suspectam
500 1412 568 1455 esse
579 1391 669 1456 vobis
680 1391 836 1455 Punicam
851 1391 957 1457 fidem.
995 1391 1085 1457 Mul·

32 1484 137 1554 ‘tum,
152 1499 210 1564 per
222 1499 304 1628 quos
318 1477 419 1578 petita
432 1477 482 1554 sit,
498 1475 540 1540 ad
559 1476 656 1541 fidem
675 1477 813 1542 tuendae
830 1478 918 1565 pacis
935 1478 1084 1579 pertinet,

32 1563 113 1628 ‘Sci
135 1564 175 1629 io.
254 1575 329 1628 estn
346 1585 485 1663 quoque,
506 1578 543 1627 ut
561 1563 667 1641 audio,
685 1562 795 1629 Patres
817 1563 965 1630 nonnihrl
987 1577 1084 1629 stram

32 1649 99 1714 ‘ob
113 1585 186 1726 boc,
203 1650 279 1738 quia
295 1671 407 1736 parum
505 1649 590 1714 itatis
614 1650 648 1713 in
671 1649 829 1751 legatione
850 1663 927 1728 erat,
948 1672 1085 1738 negave-

32 1743 133 1800 ‘runt
146 1758 267 1824 pacem.
314 1734 466 1800 Hanniba
492 1749 567 1822 peto
582 1758 711 1822 pacem:
737 1758 793 1823 qm
809 1759 915 1837 neque
929 1743 1085 1824 peterem,

32 1821 119 1886 ‘nisi
136 1822 248 1888 utilem
262 1822 442 1887 crederem:
467 1835 501 1887 et
518 1827 646 1921 propter
666 1822 801 1887 eandem
823 1823 993 1888 utilitatem
1014 1838 1085 1888 tue·

33 1909 117 1973 ‘bor
135 1931 216 1987 eam,
236 1921 367 1996 propter
388 1930 485 1995 quam
506 1908 595 1994 petit.
641 1907 694 1984 Et,
710 1908 992 1995 quemadmodum,
1008 1909 1085 1995 quia

7 2003 77 2060 2‘a
92 2017 142 2061 me
156 1995 275 2060 bellum
291 2007 440 2082 coeptum
456 2007 512 2071 est,
525 2015 673 2080 nequem
689 1994 758 2058 eius
772 1995 961 2081 poeniteret,
977 1994 1085 2094 quoad

32 2082 118 2168 ‘ipsi
131 2081 273 2146 invidere
288 2081 351 2158 dei,
364 2080 525 2168 praestiti3
549 2079 594 2144 ita
608 2079 742 2158 annitar,
758 2103 799 2145 ne
815 2103 910 2167 quem
926 2102 1012 2167 paors
1027 2103 1085 2170 per

32 2177 109 2232 ‘me
146 2181 232 2234 artae
246 2167 429 2255 poeniteat’

79 2253 112 2319 A
134 2276 242 2320 versus
262 2254 341 2318 baec
360 2253 532 2340 imperator
547 2251 712 2318 Romanus
726 2252 762 2317 in
775 2253 859 2318 hanc
873 2253 938 2319 fere
954 2265 1084 2320 senten·
1139 2251 1191 2312 ³1.

29 2341 112 2406 tiam
131 2340 312 2428 respondit:
338 2339 438 2404 ‘Non
457 2362 509 2404 me
523 2339 660 2416 fallebat,
677 2339 850 2417 Hannibal,
867 2339 1021 2406 adventus
1036 2341 1082 2406 tui
1092 2334 1230 2412 Responsa

31 2435 113 2514 ‘spe
130 2426 408 2514 Carthaginienses
431 2438 464 2491 et
508 2439 683 2491 raesentem
707 2426 902 2490 indutiarum
923 2426 1030 2504 fidem,
1050 2399 1220 2493 etscrpronu.

30 2523 70 2579 ‘s
114 2537 147 2578 m
165 2514 252 2601 pacis
271 2513 421 2578 turbasse.
503 2535 586 2600 eque
607 2526 643 2578 tu
664 2511 700 2576 id
721 2535 796 2578 sane
819 2512 1005 2591 dissimulas,
1026 2515 1084 2601 qui

30 2609 41 2645 ‘
80 2623 99 2664 e
114 2599 349 2665 conditionibus
363 2599 576 2700 superioribus
591 2599 677 2687 pacis
688 2599 797 2664 omnia
809 2599 983 2678 subtrahas,
986 2622 1085 2752 prae-

30 2697 109 2752 ‘ter
121 2709 168 2765 ea,
184 2709 266 2774 quae
282 2687 345 2750 iam
359 2686 483 2773 pndem
504 2685 539 2749 in
561 2699 668 2752 nostra
684 2697 840 2773 potestate
855 2699 938 2751 sunt
1005 2685 1084 2753 'cte-

29 2783 42 2815 ‘
55 2795 139 2850 rum,
155 2772 308 2838 sicuttibi
324 2793 418 2837 curae
433 2783 491 2850 cst,
507 2773 625 2836 sentire
640 2773 725 2838 cives
740 2787 821 2850 tuos,
836 2785 957 2859 quanto
974 2795 1033 2860 per
1051 2789 1083 2838 te

31 2869 153 2925 ‘onere
174 2859 336 2924 leventur:
361 2858 406 2923 sic
428 2857 508 2923 mibi
527 2858 736 2923 laborandum
756 2871 813 2934 est,
833 2881 884 2934 ne,
904 2881 986 2945 quae
1007 2871 1084 2924 tunc

30 2945 258 3033 ‘pepigerunt
274 2944 370 3010 hodie
385 2945 545 3009 subtracta
567 2966 609 3008 ex
627 2942 863 3008 conditionibus
905 2943 978 3020 acis,
994 2966 1086 3031 prae·

29 3031 124 3096 ‘mia
150 3031 302 3119 perfidiae
331 3030 479 3096 habeant.
528 3028 668 3116 Indigni,
695 3028 811 3115 quibus
836 3051 854 3093 e
897 3051 949 3094 em
977 3043 1086 3117 pateat

28 3117 209 3196 ‘conditio,
225 3130 262 3183 ut
281 3117 378 3183 etiam
420 3116 497 3182 rosit
513 3115 603 3181 vobis
620 3114 713 3191 fraus,
729 3113 847 3201 petitis.
893 3113 1011 3202 Neque
1028 3139 1085 3202 pa-

29 3216 122 3270 ‘tres
139 3205 238 3270 nostri
257 3204 378 3292 priores
393 3140 435 3269 de
452 3201 569 3278 Sicilia,
585 3223 690 3301 neque
708 3223 766 3267 nos
780 3200 821 3268 de
838 3200 996 3288 Hispania
1009 3201 1085 3268 feci-

7 3302 129 3372 3‘mus
150 3289 278 3358 bellum.
325 3290 369 3359 Et
392 3302 470 3354 tunc
494 3287 761 3356 Mamertinorum
784 3287 942 3352 sociorum
958 3289 1086 3375 perieu-

29 3379 136 3454 6Ιιιιιι,
151 3389 185 3441 et
199 3399 285 3442 nuuc
302 3375 436 3463 Sagunti
451 3373 613 3441 excidium
628 3374 719 3438 nobis
738 3374 793 3460 pia
811 3397 848 3440 ac
868 3374 952 3439 iusta
970 3373 1086 3441 indue·

30 3475 134 3529 ‘runt
150 3485 245 3529 arma.
290 3461 359 3527 Vos
372 3461 541 3537 lacessisse,
557 3472 591 3524 et
606 3473 642 3524 tu
660 3460 727 3547 ipse
742 3459 859 3538 fateris,
875 3474 909 3525 et
922 3459 975 3526 dei
990 3473 1086 3528 testes

29 3562 149 3616 ‘sunta
175 3550 232 3637 qui
250 3561 282 3614 et
300 3548 385 3614 illius
402 3547 479 3614 belli
498 3547 621 3614 exitum
641 3546 817 3614 secrmdum
837 3547 886 3613 ius
905 3545 1087 3634 susquede-

70 3789 221 3848 rMultum,
242 3804 290 3851 per
313 3803 373 3852 qum
395 3787 476 3849 petitu
498 3787 544 3846 rit]
579 3783 721 3848 Scipionem
736 3784 777 3833 hle
793 3799 852 3834 suaa
868 3783 1087 3849 Romanorumque

29 3855 98 3909 Qua
108 3851 157 3901 flde
168 3867 217 3915 pax
228 3857 345 3911 servetur,
356 3851 382 3898 id
399 3865 547 3913 magnopere
580 3865 668 3900 causae
695 3847 832 3912 mannaan.
879 3848 994 3898 Romana
1020 3851 1087 3900 enim

28 3916 129 3982 pendet
144 3931 176 3964 ex
192 3916 311 3980 dignitate
327 3929 412 3964 corum
428 3929 472 3978 per
486 3928 548 3976 quos
579 3929 649 3963 arma
665 3912 692 3961 in
710 3912 819 3963 Siciliam
840 3913 936 3962 romrit
954 3913 1032 3977 magis
1051 3913 1087 3963 ni-

26 3982 81 4032 illa
92 3979 171 4041 petita
181 3981 221 4030 sit.
237 3981 320 4030 (laur.
580 3979 645 4028 miae
654 3978 703 4026 iam
712 3975 951 4039 Carthaginiensium
962 3979 1088 4041 potentiae

69 4046 142 4094 aNs
160 4061 231 4108 quera
253 4045 308 4094 eiua
324 4044 461 4107 poeniteret
579 4047 669 4101 metus,
683 4057 757 4104 quam
774 4041 978 4090 Mamertinorum
995 4057 1087 4104 precer,

23 4109 164 4173 praesuli]
180 4107 249 4166 Feci,
292 4106 548 4156 rlaetosballieren
580 4105 622 4168 qui
646 4121 693 4155 nec
715 4111 811 4154 vetusta
837 4121 894 4154 eum
919 4105 949 4153 iis
971 4105 1088 4154 acclama

28 4182 87 4230 tus,
102 4177 131 4219 ut
147 4187 220 4221 nemo
238 4172 256 4220 il
267 4173 302 4220 ud
319 4176 463 4233 nasceptum
480 4169 548 4219 inca·
580 4171 658 4218 iuncti
673 4175 751 4230 eraut,
765 4176 791 4218 at
808 4171 840 4218 ob
856 4168 1034 4217 immanitatem
1052 4169 1087 4218 in-

28 4251 90 4286 uare
102 4241 192 4297 possea
208 4237 290 4286 cmv.
580 4233 756 4296 iustitiamque,
763 4248 812 4294 qua
818 4233 959 4281 Messanam
966 4232 1089 4282 veteribus

30 4298 549 4430 ,tantatmtmtttm
581 4297 1003 4424 amalasuentam
1030 4312 1088 4352 ⁵⁸¹¹·
