2888 4768
342 193 434 261 LIB.
458 192 570 260 XXV.
601 191 712 258 (JAP.
740 199 788 258 14.
1028 196 1097 260 247·

54 327 140 394 modo
160 341 301 396 tutantur
322 330 434 409 Poeni,
455 331 521 409 sed,
543 345 579 396 ut
597 331 713 419 quibus
732 330 820 396 locus
842 331 974 418 aequior
996 344 1088 408 esset,
1100 341 1176 392 uc.
1193 353 1248 401 ⁵4⁰·

52 415 213 482 deturbant
233 418 371 482 nitentes
426 417 563 483 rardua
582 417 695 484 hostes.
742 417 830 484 Vicit
853 433 960 483 tamen
983 409 1129 482 omnine·
1147 405 1176 458 ⁰·
1193 418 1248 454 ²¹²·

52 503 189 588 pertinax
203 505 310 583 virtus,
320 517 354 570 et
397 504 591 592 iquotsimnl
605 504 926 593 partibusadvallum
942 527 979 570 ac
993 505 1089 570 fossas
1149 475 1197 535 ¹4·

51 604 232 674 perventum
246 605 311 668 est3
334 591 389 656 sed
405 613 477 656 cum
494 591 601 656 multis
615 591 797 657 vulneribus
814 615 851 656 ac
867 590 1003 657 militum
1017 559 1230 678 Per·git¹ii⁰ia¹-⁵

51 675 136 740 nicie.
181 676 294 765 Itaque
316 677 496 742 convocatis
518 679 651 742 tribunis
677 678 814 744 militum
840 678 960 756 consul,
988 678 1226 763 ‘absi-piurima

51 763 213 828 ‘siendum
228 765 394 830 temerario
408 765 556 852 incepto‚’
570 764 630 829 ait:
657 765 776 830 ‘tutius
786 765 847 830 sibi
857 764 967 844 videri,
980 765 1091 830 reduci
1099 755 1226 804 ΜΨ*

30 856 105 913 ⁵‘eo
119 848 170 914 die
181 852 357 916 exercitum
372 851 606 916 Beneventum:
630 850 706 916 dein
717 866 842 940 postero
853 851 962 916 castris
975 875 1009 917 se
1018 853 1091 916 hos-

51 943 60 972 ‘
71 935 145 1001 tium
163 937 174 1001 i
245 939 251 952 '
279 961 320 1002 ne
339 937 425 1002 exire
445 937 520 1002 inde
541 936 708 1024 Campani,
725 961 806 1003 neve
826 937 946 1003 Hanno
966 938 1090 1026 regredi

50 1030 177 1108 ‘pomet
242 1025 264 1090 d
287 1047 351 1111 quo
372 1023 494 1088 facilius
521 1024 709 1101 obtineatur,
732 1024 885 1111 collegam
908 1048 1037 1112 quoque
1058 1039 1092 1091 et

51 1111 238 1176 ‘exercitum
248 1111 317 1176 eius
328 1133 360 1175 se
370 1110 554 1188 acciturum,
565 1125 731 1198 totumque
747 1134 785 1177 eo
794 1134 938 1177 versuros
953 1112 1091 1178 bellum!

49 1193 134 1261 Haeo
157 1197 290 1262 consilia
311 1197 411 1274 ducis,
436 1219 535 1284 quum
558 1196 622 1262 iam
645 1198 788 1286 receptui
811 1213 949 1278 caneret,
973 1197 1092 1264 clamor

49 1282 179 1350 militum
199 1284 435 1372 aspernantium
451 1299 515 1349 tam
531 1307 628 1371 segne
650 1285 818 1386 imperium
834 1285 966 1350 disiecit.
1012 1285 1091 1350 Pro-

49 1369 129 1434 xima
142 1385 253 1458 portae
273 1371 411 1436 bostium
427 1384 494 1436 erat
508 1369 620 1436 cohors
636 1370 787 1458 Peligna:
804 1372 895 1438 cuius
914 1373 1091 1460 praefectus

49 1453 157 1522 Vibius
177 1458 347 1526 Accuaeus
366 1471 526 1545 arreptum
545 1456 697 1523 vexillum
715 1473 800 1523 trans
814 1458 932 1524 vallum
952 1458 1091 1524 hostiurn

28 1543 172 1609 straiecit
220 1543 411 1610 Exsecratus
425 1544 500 1609 inde
516 1567 612 1632 seque
628 1560 661 1608 et
675 1543 847 1622 cohortem,
863 1546 890 1610 si
905 1545 973 1610 eius
984 1545 1091 1612 vexilli

49 1627 148 1695 hostes
160 1631 258 1733 potiti
277 1645 393 1709 esseut,
408 1631 555 1732 princeps
569 1631 637 1719 ipse
696 1654 712 1695 r
726 1631 840 1698 fossam
857 1632 1038 1720 vallumque
1056 1633 1091 1698 in

48 1730 143 1782 castra
159 1719 315 1806 irrumpit.
361 1717 430 1782 Iam
454 1741 494 1782 ue
517 1731 601 1782 intra
614 1740 653 1781 va
678 1741 732 1782 um
752 1717 879 1804 Peligni
896 1721 1090 1806 pugnabant,

49 1823 141 1887 quum
161 1805 263 1870 ultera
281 1818 380 1892 parte,
396 1741 526 1870 Vderio
547 1803 660 1870 Flacco
678 1805 805 1870 tribuno
829 1804 965 1870 militum
981 1806 1091 1872 tertiae

49 1887 175 1974 legionis
189 1893 401 1979 exprobrante
415 1891 568 1956 Romanis
577 1891 746 2042 gguaviam,
757 1892 813 1979 qui
827 1891 920 1957 sociis
928 1909 1091 1980 captorum

31 1991 215 2046 rcastrorum
231 1978 443 2044 concederent
457 1977 564 2056 decus,
608 2025 616 2042 .
630 1977 800 2056 Pedanius,
812 1979 958 2065 princepe
972 1979 1093 2066 primus

50 2065 197 2141 centurio,
236 2089 315 2130 uum
335 2064 484 2152 signifero
506 2065 631 2151 signum
652 2064 829 2141 ademisset,
847 2072 857 2102 ‘
868 2063 937 2130 Iam
951 2065 1012 2130 hoc
1029 2065 1093 2165 sig·

51 2157 152 2229 ‘num‚
168 2166 202 2217 et
213 2089 274 2216 iic
294 2150 457 2227 centurio,'
471 2149 586 2238 inquit,
603 2151 708 2214 ‘intra
721 2149 839 2215 vallum
861 2149 999 2216 bostium
1021 2166 1090 2217 ent.

51 2235 259 2338 ‘Sequantur,
284 2239 340 2326 qui
364 2238 434 2326 capi
458 2237 584 2324 siguum
610 2237 650 2302 ab
672 2237 763 2302 hoste
810 2236 976 2302 rohibituri
999 2238 1093 2304 sunt'

50 2319 264 2413 Mampulares
277 2325 326 2390 sui
338 2324 476 2412 primum
491 2325 767 2389 transcendentem
782 2259 906 2401 lissam,
918 2323 994 2388 dein
1009 2324 1093 2476 legio

50 2421 112 2474 tota
124 2428 234 2478 secuta
252 2426 308 2477 eat
355 2410 424 2476 lam
438 2424 473 2475 et
486 2410 606 2487 consul,
622 2409 661 2475 ad
682 2423 887 2497 conspectum
902 2423 1043 2498 transgre
1067 2411 1093 2476 i-

50 2496 166 2564 entium
179 2498 299 2565 vallum
314 2511 437 2564 mutato
451 2496 593 2576 consilio,
609 2498 648 2563 ab
662 2496 840 2562 revocando
858 2497 899 2562 ad
914 2497 1093 2564 incitandos

80 2742 175 2801 5an
188 2744 397 2806 posteroccstris]
425 2742 497 2790 Haec
512 2757 553 2804 pa·
586 2756 643 2791 men
661 2741 724 2790 illud
744 2739 812 2790 Vibii
831 2740 931 2790 aliunde
950 2755 1002 2790 esse
1024 2756 1093 2804 posse

50 2815 98 2851 rum
117 2808 183 2856 clara
201 2812 266 2856 sunt
300 2807 415 2856 Romano
431 2805 496 2854 euim
513 2821 553 2854 ex·
586 2805 701 2868 agnoscit.

50 2868 123 2917 ercitu
139 2870 310 2920 Beneventum
327 2872 436 2930 reducto,
447 2870 501 2932 quis
515 2885 553 2918 ve·
615 2872 757 2932 7Princsps
766 2871 862 2944 primur
869 2869 1092 2928 unmrioJQuem-

50 2935 98 2979 tart
123 2941 229 2996 poterat,
250 2941 294 2984 aut
316 2936 457 2998 Campanos
480 2933 554 2992 exire,
586 2933 719 2982 admodum
731 2949 772 2996 qur
790 2933 861 2996 primi
873 2933 963 2982 ordinis
975 2935 1032 2994 pili,
1042 2933 1093 2982 siva

50 3001 90 3042 aut
106 2997 256 3048 Hannonem
273 2998 372 3061 regredi.
406 2998 553 3060 Addequod
585 2997 721 3046 triariorum
739 2997 848 3046 centurio
860 3003 906 3057 est,
917 3003 941 3045 ot
955 2997 1031 3059 primi
1044 2999 1092 3059 pili

51 3056 74 3104 ln
85 3058 359 3112 hisvocibuscastrissc
369 3063 472 3110 iudum
483 3063 553 3123 iungi
585 3063 695 3110 cantaria
706 3061 794 3123 etipse
807 3065 904 3124 primeca
917 3063 986 3124 pilate
995 3059 1093 3120 dicitur,

51 3123 139 3184 aliquid
155 3135 193 3176 est
209 3127 392 3184 inconcinnum,
403 3127 468 3188 quod
483 3125 523 3172 iix
539 3139 555 3172 a
586 3124 621 3172 ita
632 3139 729 3186 quoquc
742 3127 818 3188 primi
833 3127 924 3174 haisti
940 3127 1050 3176 centurio
1067 3131 1092 3174 et

51 3199 121 3236 mauu
138 3191 202 3240 Livii
220 3190 339 3254 proficisci
355 3189 464 3254 potuisse
475 3187 554 3236 videa·
583 3191 680 3251 primm
695 3190 815 3248 hosteim,
832 3190 891 3238 item
909 3190 985 3252 primi
999 3191 1092 3251 princi-

52 3255 94 3300 tur.
123 3255 189 3306 Huic
201 3255 328 3318 posteriori
338 3253 494 3302 incommodo
505 3267 554 3300 rne-
584 3254 753 3314 pharamia,
761 3259 786 3300 et
794 3255 891 3315 primus
898 3255 1022 3328 princeps.
1048 3253 1091 3303 Or·

52 3315 98 3364 deri
109 3317 264 3380 aliquatenus
274 3317 555 3382 possumussidetracta
587 3317 619 3364 do
635 3317 803 3365 centurionum
821 3317 846 3365 in
863 3319 958 3380 legione
974 3315 1014 3365 hic
1032 3323 1093 3376 arat,

51 3393 178 3444 nervose,
194 3384 291 3432 adiecta
306 3383 364 3441 alia,
380 3382 551 3430 rescribamus:
585 3387 614 3429 ut
629 3383 714 3431 decisas¹
729 3382 820 3430 lutati
833 3382 940 3442 infimus,
954 3384 1030 3444 primi
1043 3383 1092 3444 pili

52 3451 128 3494 costra
140 3448 432 3509 marcianensium
457 3446 514 3496 Put.
526 3445 552 3493 li-
586 3459 696 3494 summus
710 3451 782 3505 esset,
793 3445 834 3506 qui
850 3445 908 3494 inde
923 3452 949 3495 et
965 3447 1024 3495 olim
1039 3449 1092 3510 prr·-

52 3505 92 3555 ber
106 3509 199 3574 ignorat
212 3511 283 3563 riu.
301 3514 381 3563 Cast.
415 3511 553 3561 Pronomeu
585 3525 640 3558 mus
663 3511 773 3560 cernaris
795 3510 934 3560 vocabatur.
965 3526 1029 3574 supr.
1052 3511 1092 3559 vii.

52 3573 173 3623 redolevit
184 3577 292 3626 Belrlrer.
586 3588 625 3632 41.
645 3573 774 3623 Graduum
785 3575 846 3622 ratio
863 3573 926 3623 inter
940 3575 1094 3626 centuriones

65 3634 98 3707 ¹6
115 3640 232 3702 Traiecti]
250 3641 351 3702 Signum
368 3640 484 3688 incestae
499 3638 553 3688 lios·
585 3641 679 3700 optime
711 3639 864 3702 cognoscitur
894 3638 949 3690 intr.
973 3639 1025 3691 xlii.
1054 3655 1092 3704 34.

53 3703 111 3748 uum
137 3703 254 3754 iniectum
280 3703 354 3754 etism
379 3719 444 3767 supr.
463 3702 495 3753 iv.
514 3718 553 3768 29.
586 3705 693 3755 Sraoru.
717 3701 1092 3766 Sedlipsiusamendatfflrin·

53 3771 165 3817 canatur.
200 3775 329 3818 Amnem
346 3769 378 3816 ab
397 3767 488 3830 oppido
506 3769 553 3817 Ao-
586 3784 642 3832 ceps
656 3769 761 3832 primas,
779 3767 830 3817 sire
848 3771 942 3830 prioris
959 3772 1093 3820 centurias.

53 3832 252 3886 camutridetur.
273 3835 359 3883 Accam
369 3847 433 3894 supr.
441 3831 507 3882 xxiv.
515 3845 554 3891 rc,
589 3835 620 3882 In
641 3847 789 3894 unoquoque
808 3832 873 3881 euim
896 3833 1023 3897 manipulo
1044 3835 1094 3884 duc

54 3892 107 3940 urbs
122 3896 237 3958 Apuliae,
252 3903 408 3956 memoratur,
424 3896 466 3945 sed
478 3911 555 3958 quum
588 3903 657 3946 erant
675 3897 779 3956 ordines,
794 3897 845 3946 sive
862 3897 993 3950 centuriae.
1026 3899 1093 3949 Ordo

54 3955 127 4028 accim
147 3959 265 4010 militibus
287 3961 336 4010 suis
358 3961 493 4024 praefectos
514 3961 555 4010 de·
587 3967 670 4012 sutem
681 3962 768 4010 dexter
783 3960 878 4010 sinistro
891 3961 1009 4024 dignitate
1025 3978 1093 4026 prae-

55 4017 115 4068 draca
136 4025 223 4074 scribat
243 4026 330 4089 Polyb.
350 4026 379 4074 vi.
399 4039 436 4088 ¹9·
454 4024 556 4072 minime
588 4027 675 4075 nabat.
708 4026 749 4075 Sic
759 4026 826 4087 apud
837 4027 967 4076 Caesarem
977 4027 1050 4077 Ciril.
1059 4027 1093 4076 iii.

55 4084 179 4137 verisimile
195 4095 231 4138 cst
242 4091 353 4152 Apulum
370 4088 477 4150 Poliguis
487 4104 555 4151 prae-
588 4089 627 4151 64.
633 4097 734 4152 praem
740 4091 882 4154 Principem
886 4093 1001 4153 priorem.
1017 4094 1094 4140 Prin·

55 4145 142 4220 lectum
149 4151 228 4202 brisce.
246 4157 356 4204 Ascuam
363 4154 492 4214 legendum
500 4167 555 4200 con·
588 4170 644 4217 ceps
659 4153 733 4216 igitur
745 4157 824 4216 prior,
834 4154 894 4212 sive,
907 4157 999 4217 prioris
1012 4163 1094 4204 mutu-

55 4217 103 4284 ¹¹crt
112 4213 250 4278 Douiatius,
258 4219 290 4266 ab
301 4216 393 4280 oppido
401 4218 482 4266 Aecae
490 4231 555 4278 supr.
588 4220 650 4276 rias,
661 4223 697 4266 est
708 4219 729 4266 is
739 4218 849 4266 centurio
859 4219 901 4280 qui
914 4219 939 4266 in
955 4218 1034 4280 primo
1044 4233 1095 4267 rna-

53 4285 116 4324 xxrr.
137 4292 173 4328 oc.
204 4283 246 4331 sed
266 4296 340 4344 quum
364 4295 444 4342 neque
463 4282 556 4340 Accua,
588 4282 675 4344 nipulo
694 4282 837 4344 Principum
860 4281 964 4344 priorem
985 4283 1096 4332 ordinem

53 4349 127 4398 ne‘lue
138 4343 221 4396 Aecae
237 4347 263 4394 iu
278 4344 386 4408 Pelignis
401 4344 458 4404 sint,
469 4360 555 4408 cogno
588 4345 663 4396 ducit
681 4346 761 4395 Cuav.
