3002 4798
414 229 510 296 LIB.
535 230 631 296 xxi
656 231 777 308 ,CAR
801 239 853 297 41.
1119 235 1159 300 37

106 363 314 428 ‘terreberer
334 363 468 428 mribus
492 363 616 428 Galbae
637 387 734 442 oram,
750 365 791 430 sd
810 365 926 430 famam
946 364 1042 432 huius
1061 364 1159 430 hostis
1170 386 1203 437 u,
1216 387 1245 436 c,
1258 401 1313 450 534·

104 450 164 512 ‘in
180 463 296 514 terram
306 471 458 536 egressus,
469 451 639 536 praemisso
650 451 804 536 equitatu,
814 451 855 516 sd
868 449 1061 516 Rhodanum
1074 452 1159 515 movi
1170 451 1198 500 A.
1216 452 1245 502 ⁰·
1259 453 1313 503 οι8·

103 543 241 600 ‘castra
288 534 437 624 Equestri
459 535 590 623 proelio,
606 558 670 622 qua
684 549 772 623 parte
792 537 955 624 copiarum
971 537 1158 602 conserendi

103 627 261 692 ‘manum
282 621 410 686 fortuna
430 621 505 686 data
526 634 583 699 est,
607 621 729 687 hostem
751 621 837 686 fudi:
865 621 1010 710 peditum
1032 645 1156 710 agmen,

103 707 218 792 ‘quod
233 707 268 770 in
282 707 413 772 modum
428 707 618 794 fngientium
633 709 748 794 raptim
767 709 928 794 agebatur,
944 709 1020 795 quia
1034 709 1158 795 assequi

103 799 213 856 ‘terra
236 815 301 857 non
325 805 479 880 poteram,
504 815 661 880 regressus
684 793 725 858 ad
748 817 853 870 naves,
878 808 998 893 quanta
1020 795 1159 858 maxima

103 878 290 942 ‘celeritate
305 879 405 978 potui,
422 892 510 944 tanto
525 879 619 943 uraris
634 893 852 966 terrarumque
868 880 1012 956 circuitu,
1024 879 1059 942 in
1073 880 1157 944 radi·

103 963 218 1026 ‘cibus
242 964 377 1050 Alpium
406 965 517 1029 obvius
541 965 596 1028 fui.
643 963 731 1030 Huic
757 965 900 1029 timendo
930 963 1013 1028 hosti
1039 977 1155 1041 utrum,

102 1055 113 1084 ‘
126 1071 230 1134 quum
240 1049 438 1114 declinarem
448 1063 619 1128 certamen,
630 1051 817 1137 improvisus
832 1050 979 1116 incidisse
990 1048 1101 1114 videor
1114 1073 1156 1114 an

103 1141 292 1199 ‘occurrere
310 1136 345 1198 in
359 1136 499 1236 vestigiis
513 1136 604 1200 eius?
626 1133 777 1200 lacessere
800 1159 837 1200 ac
852 1135 975 1200 trahere
990 1135 1031 1200 sd
1046 1134 1156 1200 decer·

102 1226 114 1255 ‘
126 1219 294 1286 nendum?
339 1219 487 1320 Experiri
512 1222 608 1298 iuvat,
631 1233 737 1286 utrum
761 1221 839 1286 alios
863 1233 995 1308 repente
1020 1219 1155 1286 Cartha·

102 1306 489 1457 :lii‘boell'llinfi
508 1307 883 1456 ⁸⁰t⁰ttttbf¹⁶tt²
907 1306 1154 1458 ilsfliimslii

74 1415 696 1542 4‘duodevicei1iideniiiisniestimatos
710 1439 873 1542 emisistis:
886 1415 932 1541 qet
943 1490 1050 1542 utrum
1062 1414 1155 1540 liin-

102 1561 213 1626 ‘nibal
235 1563 289 1627 hic
308 1564 349 1626 sit
370 1563 513 1628 aemulus
535 1563 684 1627 itinerum
707 1561 866 1638 Herculis,
882 1576 918 1627 ut
940 1564 1006 1650 ipse
1027 1563 1097 1639 fert,
1113 1585 1155 1626 an

75 1648 289 1735 5‘vectigalis
299 1649 585 1736 stipendiariusque
600 1661 749 1713 etserurs
802 1649 870 1736 puli
886 1647 1025 1721 Romani
1036 1671 1055 1710 a
1065 1661 1154 1735 patre

102 1741 113 1770 ‘
125 1733 273 1798 relictus:
298 1757 394 1834 quern
409 1735 472 1798 nisi
489 1733 700 1820 Saguntinum
715 1757 766 1799 sce
780 1757 817 1798 us
831 1735 974 1821 agitaret,
983 1734 1154 1820 respiceret

102 1819 280 1906 ‘profecto,
294 1841 322 1884 s1
335 1843 401 1886 non
416 1820 549 1970 patriam
564 1819 689 1897 victam,
702 1820 834 1884 domum
848 1833 943 1897 certe,
955 1831 1153 1906 patremque,

103 1913 161 1970 ‘et
174 1905 304 1970 foedera
319 1905 415 1970 Hami
429 1905 508 1970 cans
522 1905 639 1993 scripta
653 1928 767 1970 manu:
792 1906 858 1992 qui,
874 1906 976 1970 iussus
991 1929 1010 1968 a
1024 1903 1153 1970 consule

103 1999 114 2028 ‘
127 2003 244 2069 nostro,
277 1992 447 2056 raesidium
458 1991 593 2056 deduxit
604 1992 643 2056 ab
659 1990 780 2078 Eryce:
805 1991 861 2076 qui
872 2013 982 2077 graves
993 1991 1155 2076 impositas

103 2077 219 2141 ‘victis
232 2015 547 2164 bpartbaginiensibus
557 2075 644 2162 leges
655 2076 791 2139 fremens
800 2097 1007 2161 maerensque
1016 2098 1089 2138 acce
1113 2075 1151 2138 it:

103 2163 185 2249 ‘qui
199 2161 353 2227 decedere
372 2162 487 2239 Sicilia,
501 2163 557 2248 qui
572 2161 765 2249 stipendium
780 2159 899 2246 populo
915 2161 1062 2226 Romano
1101 2181 1153 2224 are

104 2256 238 2335 ‘pactus
253 2261 309 2312 est.
356 2246 469 2334 Itaque
483 2270 539 2312 vos
553 2270 623 2334 ego,
639 2245 764 2322 milites,
779 2268 845 2309 non
865 2268 904 2308 eo
919 2244 1020 2310 solum
1035 2245 1153 2321 animo,

104 2343 193 2420 ‘quo
207 2334 355 2398 adversus
370 2333 446 2398 alios
460 2333 567 2399 hostes
584 2331 699 2408 solen's,
715 2353 857 2418 pugnare
872 2329 985 2407 velim3
1008 2329 1065 2394 sed
1080 2353 1153 2394 cnm
1180 2397 1181 2402 ,

104 2420 347 2506 ‘indignatione
370 2418 507 2506 quadam
529 2431 625 2505 atque
647 2417 710 2481 ira:
738 2416 825 2481 velut
847 2415 873 2480 si
895 2438 999 2480 servos
1020 2415 1153 2480 videatis

105 2515 246 2572 ‘vestros
261 2527 348 2570 arma
361 2518 491 2604 repente
507 2519 617 2570 contra
630 2525 686 2567 vos
699 2501 845 2568 ferentes.
891 2501 1000 2566 Licuit
1014 2501 1055 2566 ad
1071 2501 1154 2589 Ery-

104 2601 113 2628 ‘
128 2591 462 2668 cemclausos,ult1mo
473 2589 629 2678 supplicio
637 2589 857 2664 bumanorum,
867 2587 949 2652 same
960 2587 1152 2652 interficere:

105 2677 218 2742 ‘licuit
235 2679 397 2742 victricem
417 2675 548 2741 classem
567 2675 601 2740 in
622 2674 764 2739 Africam
785 2673 937 2751 traiicere,
954 2685 1049 2760 atque
1070 2673 1155 2738 intra

105 2771 116 2801 ‘
190 2786 245 2828 cos
274 2763 343 2826 dies
376 2763 444 2826 sine
478 2761 545 2825 ullo
573 2759 744 2825 certamine
779 2759 1006 2845 Carthaginem
1036 2759 1152 2823 delere.

106 2857 116 2886 ‘
160 2850 267 2913 eniam
293 2847 439 2912 dedimus
462 2847 680 2934 precantibus:
716 2845 877 2910 emisimus
901 2867 943 2909 ex
969 2844 1151 2910 obsidione:

79 2943 239 3021 6‘paoem
249 2957 322 2998 cum
331 2933 422 2998 victis
430 2933 578 2998 fecimus:
603 2930 720 2996 tutelae
730 2929 847 2995 deinde
859 2943 983 2996 nostrae
993 2929 1153 3006 duximus,

106 3030 229 3107 ‘quum
240 3019 351 3085 Africo
359 3019 443 3084 bello
452 3030 649 3105 urgerentur.
682 3017 746 3082 Pro
754 3017 805 3080 his
813 3015 990 3104 impartin's
999 3015 1154 3080 furiosum

106 3108 277 3172 ‘iuvenem
292 3119 501 3192 sequentes,o
524 3115 700 3190 pugnatum
715 3103 849 3190 patriam
860 3114 999 3166 nostram
1010 3102 1152 3166 veniunt.

107 3192 241 3278 ‘Atque
262 3192 385 3256 utinam
407 3213 465 3279 pro
487 3127 602 3254 dicore
624 3200 748 3252 tantum
770 3187 831 3251 hoc
846 3187 944 3264 vobis,
961 3200 994 3251 et
1008 3208 1074 3251 non
1096 3209 1154 3272 pro

107 3277 240 3356 ‘salute
263 3290 346 3343 esset
368 3290 536 3342 certamen.
583 3273 660 3339 Non
684 3274 724 3338 de
748 3271 943 3359 possessione
969 3271 1094 3336 Siciliae
1117 3293 1154 3336 ac

108 3363 304 3442 ‘Sardiniae
327 3363 368 3426 de
392 3363 507 3449 quibus
529 3359 691 3447 quondam
756 3358 876 3433 ebatur,
899 3356 955 3421 sed
981 3378 1038 3443 pro
1063 3354 1155 3422 Italia

107 3451 217 3514 ‘vobis
239 3463 287 3515 est
308 3448 534 3537 pugnandum:
562 3468 622 3509 nec
644 3457 691 3508 est
712 3381 791 3508 χοε
813 3444 853 3508 ab
875 3455 965 3530 tergo
986 3442 1153 3519 exercitus,

108 3545 118 3575 ‘
129 3537 196 3623 qui,
207 3536 269 3600 nisi
280 3558 337 3600 nos
348 3534 514 3609 vincimus,
526 3531 610 3596 hosti
621 3529 767 3605 obsistat3
790 3550 851 3593 nec
863 3525 964 3614 Alpes
974 3526 1053 3592 aliae
1069 3540 1153 3603 sunt,

140 3702 350 3764 4Duod0ot'osrris
366 3699 487 3757 meite]
512 3697 552 3746 De
567 3697 614 3745 hac
646 3696 729 3744 adhue
756 3710 806 3744 non
833 3697 958 3756 awtiaalr':
983 3699 1043 3756 erat,
1062 3701 1090 3743 ut
1112 3694 1154 3757 qui

107 3781 134 3814 re
153 3764 253 3813 omnino
273 3763 330 3811 silet
348 3763 402 3812 Pol.
420 3762 436 3810 i.
456 3759 496 3810 62.
513 3761 556 3809 sed
573 3775 613 3821 ap.
646 3760 748 3808 minime
758 3759 785 3806 in
793 3759 937 3822 prouinciae
948 3759 1030 3807 locum
1042 3763 1153 3809 cesserat.

108 3829 198 3878 Zonar.
214 3827 262 3876 viii.
282 3837 318 3888 17.
330 3827 355 3874 in
370 3825 464 3888 legibus
478 3824 546 3887 pacis
558 3823 613 3872 scri·
678 3821 694 3871 6
712 3825 812 3872 Tuteloe
870 3825 979 3882 nostrae]
999 3823 1039 3871 Ad
1049 3823 1153 3871 tutelam

108 3889 468 3954 ptumemeinreuimrn,quod
477 3889 554 3936 Poeni
564 3887 613 3935 Ro·
646 3891 753 3934 nostram
778 3885 900 3948 pertinere
925 3885 1047 3936 duximus
1081 3886 1153 3936 Haec

107 3971 195 4004 manos
217 3955 328 4017 captivos
351 3953 457 4016 gratuito
482 3951 614 4008 dimittere,
646 3950 712 3998 haud
720 3949 794 3998 dubie
802 3964 859 3997 veru
867 3955 932 4008 sunt,
940 3949 1033 4012 quippe
1044 3949 1153 3998 Romani

107 4035 165 4067 suos
185 4025 269 4066 autem
286 4033 302 4065 a
320 4015 441 4066 Romanis
457 4015 535 4078 pretio
551 4013 613 4062 redi-
645 4011 830 4074 testePolybio‚
842 4013 901 4062 dum
913 4013 996 4061 Africo
1007 4013 1073 4061 bello
1083 4028 1153 4078 urge-

107 4097 175 4130 merc
187 4083 311 4131 deberent.
647 4077 737 4125 bantur
746 4075 965 4139 Carthaginienses,
973 4076 1077 4126 foederis
1087 4075 1153 4138 leges

141 4141 615 4208 5Vectioalirrtipeudton'usque10m·
648 4141 817 4199 observabant,
839 4141 881 4188 sed
903 4141 987 4189 sedato
1012 4140 1055 4188 illo
1076 4141 1152 4199 bello,

107 4209 184 4258 torioe
199 4209 261 4257 haec
275 4209 350 4268 dicta,
361 4207 454 4270 quippe
466 4207 616 4268 stipantium
647 4203 693 4266 ipsi
704 4204 814 4252 invasere
821 4203 965 4252 Sardiniam.
987 4203 1151 4252 Hancautem

108 4275 175 4322 haud
191 4271 265 4321 dubie
279 4270 520 4334 Carthaginiensibus
538 4269 615 4330 impe·
647 4267 760 4317 iniuriam
771 4273 854 4316 noster
865 4267 996 4328 prudenter
1006 4265 1098 4315 reticet.

107 4343 189 4385 rutum
201 4341 262 4394 erat,
273 4351 330 4397 ager
342 4350 398 4384 vero
409 4332 616 4395 Carthaginiensis
