2874 4772
366 225 429 287 292
727 215 869 292 ΙΤΙΤΙ
899 215 1034 283 LIVII

213 367 247 417 U.
258 367 288 417 e.
304 381 358 430 54¹·
367 355 513 432 demisso,
529 366 601 419 octo
616 351 714 417 millia
727 374 874 439 passuum
886 353 927 417 ab
942 351 1047 416 Roma
1060 352 1166 440 posuit
1179 362 1282 416 castra
1323 349 1380 424 Quo

211 433 242 494 d·
259 433 289 481 ⁰·
304 445 359 480 ²¹¹·
369 442 497 530 propius
512 441 609 506 hostis
620 439 800 517 accedebat,
811 462 849 504 eo
864 440 964 504 maior
977 439 1090 504 caedes
1104 439 1199 504 fiebat
1209 437 1380 525 fugientium,
1411 455 1412 464 ¹

368 526 631 617 praecedentibus
650 525 820 590 Numidis:
845 525 1014 614 pluresque
1034 527 1175 590 omnium
1190 546 1332 612 generum
1348 537 1381 586 at·

369 639 432 702 que
447 614 599 680 aetatium
614 614 826 700 capiebantur.
1411 617 1412 620 ’

263 712 312 772 10.
414 701 453 765 In
467 702 528 766 hoc
548 701 688 766 tumultu
707 699 837 764 Fulvius
857 698 996 776 Flaccus,
1012 712 1104 786 porta
1119 697 1252 786 Capena
1266 719 1328 762 cum
1341 717 1381 758 ex·

212 795 315 844 Fulvius
370 788 469 854 ercitu
486 788 623 852 Romam
638 787 804 874 ingressus,
821 785 927 851 media
939 787 1017 851 urbe
1035 809 1092 873 per
1108 785 1241 850 Carinas
1256 782 1412 870 Esquilias

211 874 346 972 ἓξὲξ
371 875 543 940 contendit.
590 873 670 938 Inde
692 895 843 960 egressus,
864 873 947 938 inter
968 871 1166 960 Esquilinam
1189 871 1380 954 Collinamque

211 1003 278 1036 mam
286 987 362 1051 ingre
370 976 493 1050 portum
508 961 613 1048 posuit
633 974 741 1026 castra
787 959 919 1026 Aediles
933 957 1034 1047 plebis
1048 973 1258 1024 commeatum
1272 981 1307 1022 eo
1319 978 1381 1019 con·
1411 1011 1412 1050 ἶ

213 1053 285 1102 ditur.
370 1060 544 1136 portarunt
592 1046 749 1112 Consules
774 1061 964 1133 senatusque
987 1047 1020 1110 in
1044 1059 1145 1111 casua
1166 1055 1330 1110 venerunt:
1351 1041 1382 1103 ihi

370 1135 411 1200 dc
431 1158 554 1200 summa
572 1132 733 1220 republica
752 1133 972 1198 consultatum.
1018 1133 1152 1209 Placuit,
1172 1129 1312 1196 consules
1323 1129 1382 1192 circa

370 1235 475 1310 portas
488 1221 648 1286 Collinam
669 1219 931 1307 Esquilinamque
990 1242 1064 1284 nere
1080 1235 1200 1284 castra:
1227 1217 1265 1283 C.
1277 1216 1382 1302 Calpur·
1411 1263 1412 1284 2

369 1309 458 1372 nium
474 1321 650 1395 praetorem
666 1307 821 1371 urbanum
836 1306 952 1394 Capito
964 1306 1105 1392 ioatque
1117 1306 1182 1370 arci
1197 1326 1343 1393 praeesse:
1361 1315 1382 1362 et
1411 1347 1412 1380 ,

369 1409 514 1460 senatum
528 1395 727 1480 frequentem
742 1393 776 1456 in
786 1393 854 1458 foro
869 1393 1071 1470 contineri‚'si
1109 1391 1165 1456 uid
1175 1393 1210 1456 iu
1227 1406 1287 1456 tam
1300 1387 1383 1454 subitis
1411 1383 1412 1474 l

213 1500 340 1550 Hannibal
370 1482 463 1546 rebus
478 1481 622 1546 consulto
642 1502 721 1566 opus
735 1493 825 1544 esset
871 1478 960 1544 Inter
979 1479 1056 1544 baec
1073 1417 1238 1544 blannibal
1253 1477 1290 1542 ad
1309 1475 1383 1540 Anie
1411 1495 1412 1554 3

210 1565 347 1614 estaminia
372 1590 446 1632 nem
466 1567 607 1644 fluvium,
624 1567 685 1631 tria
704 1565 803 1630 millia
818 1588 966 1653 passuum
987 1566 1026 1630 ab
1041 1567 1128 1642 urbe,
1144 1580 1248 1630 casua
1266 1561 1382 1630 admovit
1411 1559 1412 1610 l

212 1629 363 1742 fflffi
371 1653 422 1718 Ibi
448 1654 568 1718 stativis
589 1652 708 1740 positia,
731 1653 798 1740 ipse
820 1675 893 1717 cum
919 1652 1042 1716 duobus
1064 1652 1205 1717 millibus
1230 1651 1383 1739 equinma

211 1757 285 1805 locut
371 1753 462 1827 porta
479 1738 606 1804 Collina
622 1763 722 1826 usque
743 1738 784 1803 ad
803 1739 952 1804 Herculis
973 1739 1125 1826 templum
1146 1752 1194 1803 est
1214 1755 1381 1826 progressu:
1411 1745 1412 1800 l

212 1839 307 1914 Urbem
321 1839 477 1914 oratque,
499 1826 586 1891 unde
608 1827 751 1913 proxime
771 1838 903 1912 poterat,
926 1825 1052 1890 moenia
1071 1825 1234 1912 situmque
1256 1825 1332 1889 urbis
1345 1821 1382 1884 ob
1411 1821 1412 1902 l

210 1909 323 1966 equitans
370 1914 516 2000 equitans
530 1926 654 1978 contem
678 1912 809 1977 labatur.
844 1911 968 1978 Ideum
983 1926 1046 1977 tam
1061 1911 1194 1976 licenter
1210 1911 1382 1998 atqueotiost
1411 1911 1412 1980 l

148 2045 154 2056 ,
209 1969 482 2081 {praeapte-facere,
498 2000 611 2066 Flacco
620 1935 787 2086 indiguum
797 1999 899 2064 visum
913 2012 969 2063 est
1014 1998 1127 2084 Itaque
1139 1999 1271 2063 immisit
1281 1997 1381 2083 equitet.

370 2089 622 2174 summoverique
645 2098 741 2172 atque
765 2086 799 2150 iu
821 2104 921 2151 castra
945 2085 1047 2172 redigi
1069 2085 1209 2150 hostium
1239 2087 1382 2172 equitamu

369 2175 467 2240 iussit.
516 2174 626 2249 Quum
647 2172 846 2237 commissum
868 2172 1022 2273 proelium
1043 2187 1134 2248 esset,
1150 2172 1294 2238 consules
1312 2187 1382 2234 tram

369 2261 458 2348 fugas
474 2260 698 2336 Numidarum,
711 2259 767 2345 qui
783 2273 849 2323 tum
865 2283 900 2323 ru
917 2259 1078 2323 Aventino
1089 2259 1129 2322 ad
1142 2259 1230 2324 mille
1241 2272 1274 2324 et
1284 2251 1382 2322 ducenti

369 2361 468 2424 eraut,
484 2347 589 2411 media
604 2346 681 2410 urbe
698 2346 827 2410 transire
844 2345 1001 2432 Esquilias
1016 2345 1190 2410 iusserunt:
1215 2345 1315 2410 nullos
1326 2340 1382 2428 npti-

369 2456 447 2510 ores‚
474 2432 558 2498 inter
583 2431 740 2497 convalles
766 2445 913 2519 tectaque
939 2431 1103 2496 hortorum
1126 2446 1160 2496 et
1189 2431 1327 2520 sepulcra
1346 2439 1382 2491 333

369 2542 459 2584 cavas
487 2519 629 2606 undique
659 2518 734 2596 vias,
759 2519 801 2583 ad
829 2518 1036 2606 pugnandum
1061 2518 1183 2584 33333303
1208 2519 1277 2583 rati.
1319 2515 1382 2590 Quos

369 2627 469 2691 quum
489 2628 530 2670 ex
552 2628 622 2670 arce
640 2604 862 2756 Capitolioque
883 2605 964 2670 clivo
983 2603 1129 2670 Publicio
1144 2605 1177 2668 in
1196 2605 1287 2693 equis
1300 2603 1393 2666 decor-t

369 2706 475 2756 rentes
518 2692 624 2756 uidam
646 2692 677 2755 vi
700 2693 806 2770 issent,
828 2704 957 2779 captum
978 2692 1175 2757 Aventinum
1197 2690 1381 2757 conclamare

369 2791 452 2842 runt
529 2801 548 2842 a
561 2801 611 2842 res
625 2791 749 2843 tantum
764 2777 936 2843 tumultum
951 2800 988 2844 30
1001 2778 1108 2866 frigam
1123 2779 1280 2866 praebuit,
1291 2789 1330 2852 ut,
1342 2770 1381 2836 nisi

368 2878 470 2930 castra
480 2863 604 2929 Punica
614 2878 704 2930 extra
714 2865 824 2930 urbem
834 2865 976 2942 fuissent,
988 2865 1125 2930 effusura
1137 2889 1170 2930 se
1182 2865 1286 2930 omnis
1299 2858 1382 2950 paride

369 2951 540 3016 multitudo
561 2951 664 3016 fuerit
711 2950 805 3016 Tunc
825 2951 859 3016 in
879 2951 990 3016 domos
1008 2964 1103 3038 atque
1123 2953 1157 3016 iu
1175 2966 1262 3017 tecta
1278 2947 1381 3034 refingit·

368 3039 464 3103 bant:
488 3062 647 3126 vagosque
663 3039 698 3102 in
712 3039 770 3102 viis
784 3061 857 3102 suos
877 3062 934 3125 pro
949 3038 1091 3103 hostibus
1105 3037 1264 3139 lapidibus
1279 3037 1380 3120 telisque

368 3126 574 3190 incessebant
621 3125 692 3190 Nec
707 3123 872 3212 comprimi
889 3125 1042 3190 tumultus
1062 3126 1240 3214 aperirique
1257 3146 1334 3189 error
1344 3141 1381 3206 pc

369 3225 458 3290 terat,
474 3212 595 3277 refertis
609 3212 774 3276 itineribus
788 3211 958 3299 agrestium
978 3213 1071 3277 turba
1130 3234 1311 3298 corumque,
1323 3225 1379 3308 quat

212 3308 355 3384 Summotus
369 3299 553 3385 repentinus
563 3320 661 3385 pavor
673 3299 707 3362 iu
718 3299 827 3362 urbem
840 3298 1043 3385 compulerat
1140 3312 1245 3364 uestra
1257 3296 1379 3386 proelrun

213 3371 347 3422 Hormou.
369 3385 543 3450 secundum
565 3385 635 3461 fuit,
657 3383 870 3471 summotique
893 3384 998 3450 hostes
1019 3398 1109 3450 sunt:
1141 3397 1182 3462 et,
1206 3387 1282 3472 quia
1301 3377 1378 3447 mut

368 3471 446 3537 loeis
464 3471 694 3558 comprimendi
713 3469 866 3535 tumultus
883 3486 982 3549 erant,
1004 3471 1060 3558 qui
1080 3485 1198 3536 temere
1219 3473 1376 3536 oriebantur,

367 3557 495 3647 placuit,
511 3557 699 3644 omnesqui
715 3556 892 3634 dictatores,
907 3558 1060 3636 consules,
1073 3580 1257 3623 censoresve
1268 3558 1376 3622 fiuant

367 3667 442 3709 cum
467 3645 510 3709 im
554 3645 600 3708 rio
623 3667 700 3722 esse,
723 3642 825 3708 donec
848 3645 1024 3710 recessisset
1048 3668 1067 3709 a
1090 3644 1187 3709 muris
1213 3643 1314 3709 hostia
1350 3634 1376 3700 Et

368 3731 432 3796 diei
448 3667 710 3818 quodereliquum
724 3730 793 3807 fuit,
810 3743 842 3795 03
862 3744 955 3796 nocte
973 3731 1163 3819 insequenti,
1178 3730 1270 3796 multi
1289 3742 1376 3794 temere

367 3818 497 3882 excitati
512 3816 666 3882 tumultus
680 3829 763 3894 sunt,
778 3817 1019 3905 compressique.

368 3983 424 4032 Vat
443 3983 512 4032 Max.
529 3983 561 4031 33.
578 4002 601 4044 4.
618 3985 651 4032 In
664 3987 749 4045 apello,
762 4001 831 4048 qttom
843 3987 871 4034 333
935 4003 951 4046 4
967 3985 1035 4035 01330
1046 3987 1169 4048 Publicio]
1193 3985 1257 4036 Eut
1269 3984 1375 4047 ploiart*

367 4049 480 4109 Pupinia
503 4048 612 4097 babebat.
637 4047 667 4096 ef.
684 4048 786 4098 Niebbr.
807 4049 823 4098 i.
846 4065 870 4099 n.
903 4051 972 4109 blico,
991 4051 1034 4100 scd
1050 4052 1162 4100 Publicio
1178 4050 1302 4111 legendum
1318 4045 1375 4092 tw*

367 4123 422 4173 971.
699 4124 700 4127 ’
903 4114 1011 4164 Gronov.
1038 4130 1111 4178 quem
1143 4115 1248 4164 Beklrer.
1289 4117 1375 4172 aequm·

404 4189 418 4234 3
437 4177 489 4223 Par
508 4175 613 4224 Carinae
625 4177 754 4247 ,33303ιί1333
775 4185 869 4226 0033333-
904 4178 990 4241 Iunge,
1001 4179 1097 4240 “quum
1107 4179 1204 4242 quidam
1217 4193 1247 4225 ex
1263 4172 1375 4228 metat*

366 4239 415 4297 dte]
437 4239 486 4286 Per
506 4253 561 4286 eam
581 4253 704 4300 ragennam
726 4240 791 4288 urbis
809 4257 871 4302 quae
904 4243 1012 4305 tolioque
1029 4242 1193 4302 Numidarum
1204 4233 1374 4303 eqmnmnl's

367 4301 460 4414 picittrtr³
471 4303 586 4360 Gortuae,
607 4303 713 4363 perrexit
734 4304 765 4352 sd
785 4303 871 4367 Esqui-
903 4299 1374 4419 Βῑίοἱο30033300303,33333033,”033’33·

376 4379 419 4414 tas.
462 4377 519 4415 333.
904 4370 935 4418 de
968 4370 1016 4420 .1..
1029 4386 1067 4433 3²·
