3002 4798
180 350 325 462 ltet-

234 1452 286 1512 20.

185 1535 274 1584 Gallos
283 1536 324 1584 ad-

184 1605 251 1648 eunt.

346 209 384 266 18
730 203 842 268 ΤΙΤΙ
873 201 1008 268 LIVII

345 335 386 400 ad
408 335 592 423 cupidinem
613 359 713 400 novae
735 337 879 402 fortunae
902 349 1082 402 erexerunt
1114 327 1117 332 ¹
1142 331 1198 399 Ad
1220 330 1395 398 Volcianos

345 421 420 486 inde
435 435 483 486 est
503 434 651 487 ventumr
675 445 812 509 quorum
833 423 956 488 celebre
979 445 1037 510 per
1051 421 1240 509 Hispaniam
1261 440 1395 506 respon·

345 531 415 572 sum
430 521 551 574 ceteros
565 508 699 597 populos
714 510 753 573 ab
768 509 917 574 societate
937 509 1080 573 Romana
1094 508 1215 572 avertit.
1239 504 1291 569 Ita
1304 503 1394 569 enim

345 595 501 660 maximus
523 608 601 660 natu
622 617 663 660 ex
685 595 724 658 iis
744 595 780 658 in
802 594 932 660 consilio
954 595 1133 682 respondit:
1167 593 1280 666 ‘Quae
1303 612 1396 654 vere·

346 680 484 745 ‘cundia
503 694 559 758 est,
576 681 726 759 Romani,
741 681 900 768 postulare
921 703 986 758 vos,
1002 681 1049 744 uti
1068 691 1204 744 vestram
1223 675 1396 761 Cardragi·

346 767 523 832 ‘niensium
546 767 701 832 amicitiae
723 789 963 854 praeponamus,
979 787 1089 854 quum,
1105 764 1161 865 qui
1183 763 1217 827 id
1238 763 1395 836 fecerunt,

346 851 559 954 ‘Saguntinos
581 852 748 929 crudelius,
771 875 867 939 quam
890 851 1018 916 Poenus
1046 851 1144 916 bosus
1165 847 1315 936 perdidit,
1337 869 1398 912 vos

346 940 441 1004 ‘socri
462 939 688 1026 prodideritis?
731 937 782 1003 Ibi
805 939 962 1025 quaeratis
984 939 1094 1014 socios,
1110 957 1233 1011 censeo,
1257 934 1312 998 ubi
1336 932 1398 997 Sa-

346 1026 500 1124 ‘guntina
510 1025 615 1090 clades
629 1025 738 1112 ignota
752 1037 807 1088 est.
832 1024 985 1110 Hispanis
999 1023 1135 1111 populis,
1151 1023 1234 1086 sicut
1246 1019 1396 1106 lugubre,

347 1119 411 1176 ‘rta
433 1112 557 1198 insigne
579 1112 808 1176 documentum
841 1110 975 1197 Sagunti
997 1111 1107 1174 ruinae
1130 1120 1234 1184 erunt,
1256 1129 1298 1170 ne
1320 1105 1398 1192 quis

349 1195 443 1264 ‘fidei
473 1197 637 1262 Romanae
667 1210 723 1261 aut
747 1197 890 1261 societati
919 1195 1077 1260 confidat!
1120 1193 1202 1259 Inde
1232 1205 1337 1258 extem
1363 1190 1399 1255 lo

348 1282 434 1347 abire
456 1283 572 1347 finibus
593 1281 821 1346 Volcianorrmr
843 1283 928 1360 iussi,
949 1283 989 1346 ab
1010 1280 1099 1346 nullo
1120 1278 1238 1344 deinde
1259 1300 1349 1342 coner
1365 1278 1398 1341 'o

349 1365 524 1456 Hispaniae
550 1369 736 1455 benigniora
761 1369 856 1433 verba
884 1367 994 1433 tulere.
1039 1366 1154 1453 Itaque
1179 1365 1398 1450 nequicquam

347 1470 512 1542 peragrata
527 1453 692 1541 Hispania,
707 1455 743 1518 in
760 1454 880 1519 Gallias
898 1465 1070 1518 transeunt.
1116 1450 1156 1516 In
1170 1451 1221 1516 his
1235 1472 1318 1515 nova
1331 1462 1419 1514 ter-1

348 1539 509 1628 ribilisque
524 1541 645 1628 species
659 1541 725 1604 visa
738 1553 795 1618 est,
811 1540 899 1626 quod
913 1541 1024 1604 armati
1039 1539 1099 1624 (ita
1112 1560 1180 1602 mos
1194 1537 1298 1623 gentis
1312 1537 1397 1620 erat)

348 1628 382 1691 iu
396 1627 569 1692 concilium
588 1639 753 1692 venerunt.
801 1627 922 1703 Quum,
938 1627 1040 1690 verbis
1060 1623 1249 1688 extollentes
1262 1622 1397 1709 gloriam

348 1713 562 1799 virtutemque
633 1712 702 1799 puli
737 1713 875 1776 Romani
904 1735 941 1776 ac
976 1734 1008 1775 m
1073 1709 1230 1775 'tudinem
1257 1708 1396 1794 imperii,

390 1799 511 1876 tissent,
526 1821 567 1862 ue
588 1735 708 1875 Hbeno,
724 1797 844 1863 bellum
859 1797 969 1862 Italiae
990 1733 1149 1873 maiibnti,
1206 1817 1327 1881 ragros
1342 1817 1397 1858 ur-

347 1821 468 1972 bisque
489 1906 561 1948 suas
583 1885 749 1948 transitum
772 1883 902 1960 darent3
940 1896 1048 1948 tantus
1070 1905 1144 1947 cum
1165 1819 1294 1945 ffimitu
1315 1880 1397 1944 risus

347 1970 465 2035 dicitur
479 1981 575 2046 ortus,
591 1982 627 2033 ut
647 1970 700 2034 vix
715 1993 734 2034 a
748 1969 980 2056 magistratibus
999 1969 1233 2054 maioribusque
1252 1979 1332 2032 natu
1346 1966 1397 2030 iu·

348 2069 462 2120 ventus
487 2056 658 2120 sedaretur.
706 2055 800 2120 Adeo
826 2054 942 2120 stolida
966 2055 1199 2141 impudensque
1191 2052 1397 2202 Rlpostulatio

348 2143 414 2207 visa
433 2155 492 2219 est,
506 2164 646 2218 censere,
661 2165 702 2206 ne
725 2142 760 2205 in
782 2141 906 2206 Italiam
927 2141 1142 2206 transmittant
1158 2139 1189 2203 G
1263 2138 1419 2216 bellum,a

348 2229 433 2378 ippos
446 2228 481 2293 id
492 2240 632 2294 avertere
644 2228 679 2290 in
690 2250 734 2304 se,
746 2251 899 2377 agroslqpe
911 2249 984 2292 suos
997 2249 1057 2314 pro
1071 2225 1182 2290 alienis
1239 2223 1397 2310 pulandos

348 2336 368 2379 ο

391 2315 494 2379 iicere.
542 2313 660 2378 Sedato
682 2313 812 2378 tandem
880 2313 971 2389 mitu,
993 2333 1179 2400 responsum
1216 2333 1233 2374 e
1275 2311 1315 2374 tis
1337 2327 1395 2387 est,

350 2400 488 2485 ‘Neque
504 2399 722 2463 Romanorum
741 2399 776 2460 in
791 2419 823 2461 se
844 2398 993 2462 meritum
1012 2419 1090 2474 esse,
1105 2419 1211 2482 neque
1369 2397 1398 2460 i-

349 2494 360 2524 ‘
368 2484 527 2549 niensium
542 2484 700 2560 iniuriam,
712 2483 753 2546 ob
765 2504 847 2569 quae
862 2495 917 2546 aut
927 2505 985 2568 pro
1002 2481 1166 2560 Romania,
1178 2495 1234 2546 aut
1248 2481 1398 2546 adversus

349 2571 495 2636 ‘Poenos
508 2581 635 2634 sumant
649 2590 744 2632 arma.
792 2567 914 2632 Contra
929 2591 967 2633 ea
986 2567 1095 2632 audire
1110 2591 1188 2645 sese,
1244 2568 1307 2632 ntis
1321 2589 1398 2632 suae

350 2656 514 2721 ‘homines
536 2655 617 2742 agris
638 2653 819 2740 finibusque
842 2653 952 2719 Italiae
974 2653 1050 2741 pelli
1072 2677 1093 2716 a
1113 2676 1200 2741 popu
1212 2677 1232 2718 o
1248 2653 1398 2719 Romano

350 2740 627 2829 ‘stipendiumque
649 2741 800 2827 pendere,
816 2752 849 2806 et
868 2755 974 2805 cetera
987 2740 1121 2827 indigna
1141 2741 1227 2826 pati)
1272 2738 1397 2804 Eadem

349 2828 447 2893 ferme
473 2828 508 2891 in
533 2827 646 2891 ceteris
674 2826 797 2891 Galliae
827 2827 968 2892 conciliis
997 2826 1083 2890 dicta
1107 2825 1297 2912 auditaquez
1336 2847 1399 2890 nec

348 2913 503 3002 hospitale
526 2913 698 3000 quicquam
719 2924 905 3000 pacatumve
928 2913 1001 2977 satis
1021 2912 1109 3012 prius
1130 2911 1284 2988 auditum,
1300 2933 1399 2997 quam

350 2999 526 3064 Massiliam
540 3021 665 3063 venere.
694 2997 743 3064 Ibi
759 2998 875 3076 omnia,
906 2999 946 3062 ab
960 2999 1052 3062 socirs
1067 2998 1220 3084 inquisita
1234 3020 1307 3062 cum
1322 3019 1424 3068 curas

349 3107 386 3150 ac
408 3085 483 3162 fide,
506 3085 643 3171 cognita,
668 3092 841 3171 ‘praeoccu
864 3097 932 3149 atos
960 3084 1025 3148 iam
1053 3097 1127 3149 ante
1150 3085 1191 3148 ab
1213 3082 1398 3149 Hannibale

351 3169 538 3235 ‘Gallorum
553 3170 675 3236 animos
690 3193 774 3234 esse:
799 3107 863 3235 sed
866 3193 907 3236 ne
923 3169 970 3234 illi
982 3169 1114 3270 quidem
1124 3169 1185 3257 ipsi
1196 3170 1271 3234 satis
1285 3171 1398 3234 mitem

351 3266 506 3344 ‘gentem
520 3256 597 3334 fore,
613 3255 709 3343 (adeo
730 3255 847 3322 ferocia
868 3270 963 3344 atque
987 3255 1143 3320 mdomit'a
1163 3256 1293 3342 ingenia
1314 3255 1400 3340 esse)

352 3344 404 3408 ‘ni
429 3342 564 3408 subinde
590 3365 677 3420 auro,
703 3343 794 3408 cuius
823 3343 1003 3408 avidissima
1069 3365 1108 3406 ns
1133 3356 1191 3418 est,
1216 3341 1319 3429 princi
1344 3363 1400 3406 um

351 3430 467 3495 ‘animi
486 3429 714 3494 concilientur.'
756 3428 808 3495 Ita
829 3428 1000 3516 peragratis
1060 3429 1197 3515 'spaniae
1217 3440 1251 3492 et
1274 3427 1307 3492 G
1352 3429 1400 3491 'ae

349 3517 485 3604 populis,
501 3515 597 3602 legati
612 3514 750 3580 Romam
767 3514 912 3591 redeunt,
929 3512 1016 3578 haud
1030 3514 1075 3578 ita
1089 3512 1190 3578 multo
1204 3526 1286 3601 post,
1302 3535 1401 3601 quam

350 3601 495 3667 consules
516 3602 550 3665 in
572 3601 749 3686 provincias
770 3599 903 3686 profecti
925 3611 1024 3664 erant.
1072 3596 1244 3665 Civitatem
1269 3621 1401 3664 omnem

351 3688 385 3751 in
400 3687 670 3786 exspectationem
685 3684 760 3749 belli
775 3698 912 3750 erectam
927 3685 1128 3764 invenerunt,
1143 3686 1218 3750 satis
1232 3697 1400 3751 constante

351 3771 444 3848 sama,
458 3793 523 3835 ram
537 3770 667 3834 Iberum
680 3771 807 3836 Poenos
821 3771 1036 3836 transmisisse.

281 3911 289 3929 ,
395 3856 568 3934 Hannibal,
583 3855 726 3943 Sagunto
739 3868 843 3945 capto,
857 3856 1082 3945 Carthaginem
1095 3880 1210 3924 novam
1221 3857 1255 3921 in
1266 3857 1403 3922 hiberna

387 4059 510 4119 tlobla]
528 4059 859 4121 se.aalltaepopo1a,quod
891 4060 955 4108 hanc
982 4077 1076 4122 vocem,
1100 4067 1126 4110 et
1152 4061 1284 4110 delendam
1316 4065 1402 4111 uersat

351 4122 546 4172 subaudiendum
568 4127 670 4174 monent
690 4121 813 4171 strothius
834 4128 859 4172 et
892 4123 1000 4174 Gronov.

354 4187 428 4237 Doer.
926 4201 940 4249 3
956 4189 1088 4248 Abaoct's's]
1110 4204 1142 4236 sc.
1155 4187 1358 4246 Massiliensibus,
1368 4187 1402 4236 de
1496 4207 1497 4230 ÷

389 4249 538 4310 aomo]
569 4249 619 4298 Pro
645 4251 770 4308 cemmdo,
797 4249 822 4298 h.
839 4265 860 4318 e.
893 4251 1402 4324 quorumlideclinb.xxvi.ea.etl’ol.

353 4314 520 4376 proponendo.
534 4312 617 4363 Dorta.
650 4311 861 4374 supervacaneam
895 4313 928 4362 iti.
940 4326 979 4376 95.
998 4313 1062 4363 nur.
