2888 4768
347 182 443 248 LIB.
467 183 596 249 XXIV.
631 177 732 249 CAP.
757 188 787 250 9.
1039 187 1100 250 185

52 328 265 406 ‘magnopere
285 319 413 398 suadeo,
432 320 546 385 eodem
567 319 683 399 auimo,
723 343 775 397 u0,
794 319 821 384 si
840 318 997 384 stantibus
1011 319 1100 383 vobis
1110 333 1144 384 U.
1156 333 1187 383 c.
1203 344 1258 396 537·

52 414 61 442 ‘
73 407 109 470 in
124 407 224 471 aciem
236 407 363 471 armatis
377 419 508 495 repente
520 406 683 494 deligendi
693 343 758 472 duo
769 407 974 493 imperatores
985 419 1099 484 essent,
1110 399 1140 448 A.
1157 399 1187 448 ⁰·
1204 409 1258 460 ²¹⁵·

52 501 208 579 ‘quorum
228 493 327 558 ductu
347 508 443 580 atque
465 495 605 580 auspicio
627 493 828 570 dimicaretis,
851 492 948 558 hodie
971 515 1100 580 quoque

29 588 60 646 8‘
72 579 218 644 consules
239 581 371 645 creetis:
396 581 511 667 quibus
531 593 727 646 sacramento
748 580 839 644 liberi
860 580 959 644 nostri
982 579 1099 658 dicant,

52 666 117 730 ‘ad
135 689 270 753 quorum
284 667 426 732 edictum
446 667 646 744 conveniant,
663 668 722 733 sub
737 662 874 754 quorum
889 667 989 731 tutela
1003 679 1099 754 atque

28 763 60 824 9‘
74 775 152 817 cura
173 752 318 818 militent.
365 753 469 819 Lacus
492 754 697 818 Trasimenus
722 767 756 818 et
780 753 912 818 Cannae
935 753 1037 818 tristia
1059 753 1100 817 ad

32 839 323 904 1‘recordationem
337 863 430 906 exem
453 839 493 917 la,
509 841 566 905 sed
580 840 621 905 ad
641 839 894 928 praecavendum
913 840 1014 904 simile
1029 839 1100 904 utili

52 926 266 992 ‘documento
285 941 367 993 sunt.
413 864 542 1005 Ppraeco,
560 927 736 992 Aniensem
755 926 916 992 iuniorum
935 927 969 992 in
989 927 1100 991 suffra·

51 1014 161 1101 ‘glum
176 1015 307 1078 revoca?

101 1099 211 1174 Quum
226 1101 265 1166 Τ.
278 1099 434 1166 Otacilius
448 1101 602 1180 ferociter,
619 1123 693 1167 eum
704 1101 889 1166 continuare
901 1098 1099 1166 consulatum
1188 1142 1197 1159 .

50 1185 147 1263 velle,
163 1186 385 1252 vociferaretur
398 1200 494 1276 atque
510 1189 714 1276 obstreperet,
726 1188 852 1254 lictores
866 1188 908 1253 ad
922 1210 996 1252 eum
1010 1209 1100 1252 acce·

50 1275 132 1338 dere
147 1273 257 1338 consul
271 1275 377 1339 iussit:
402 1289 444 1351 et,
459 1275 536 1361 quia
550 1275 585 1338 in
605 1276 717 1340 urbem
732 1298 797 1340 non
817 1275 943 1352 inierat,
957 1274 1101 1361 protinus

28 1362 91 1426 sin
110 1382 255 1447 campum
276 1383 316 1426 ex
335 1361 448 1426 itinere
468 1362 636 1448 profectus,
653 1362 828 1439 admonuit,
845 1385 919 1426 eum
939 1361 1101 1426 securibus

50 1447 115 1512 sibi
130 1446 227 1512 fasces
241 1447 399 1534 praeferri.
445 1447 567 1513 Iterum
587 1472 698 1536 praero
719 1449 803 1513 ativa
822 1449 1004 1536 suffragium
1019 1447 1101 1523 init;

50 1535 216 1682 creatitpue
231 1535 266 1598 in
285 1557 324 1599 ea
340 1535 485 1600 consules
508 1535 548 1610 Q
561 1534 677 1601 Fabius
738 1536 861 1602 eximus
877 1547 1036 1622 quartum,
1052 1533 1101 1598 M.

51 1619 166 1686 Marce
180 1620 228 1684 lus
257 1621 394 1686 tertium.
446 1621 584 1688 Eosdem
614 1623 759 1688 consules
787 1635 911 1688 ceterae
940 1621 1103 1686 centuriae

50 1708 125 1772 sine
141 1707 311 1774 variatione
326 1706 392 1772 ulla
405 1708 564 1773 dixerunt.
611 1708 655 1773 Et
691 1724 796 1774 rector
810 1731 892 1774 unus
906 1708 1042 1774 refectus
1060 1705 1101 1783 Q.

28 1793 187 1859 3Fulvius
207 1793 357 1858 Flaccus:
381 1795 456 1859 nori
471 1795 525 1860 alii
545 1797 653 1872 creati,
669 1733 708 1860 ll'.
724 1795 879 1862 Otacilius
896 1795 1028 1860 Crassus
1043 1795 1104 1858 ite·

51 1903 138 1956 rum,
157 1880 197 1955 Q.
212 1880 326 1945 Fabius
341 1881 478 1946 consulis
497 1882 591 1960 filius,
607 1882 663 1982 qui
679 1895 746 1947 tum
769 1882 879 1947 aedilis
894 1881 1011 1946 curulis
1025 1893 1103 1958 erat,

52 1967 94 2032 P.
110 1965 279 2031 Cornelius
299 1967 464 2034 Lentulus.
512 1969 661 2034 Comiuis
678 1983 857 2056 praetorum
878 1967 1034 2056 perfectis,
1055 1989 1104 2032 se-

51 2053 329 2119 natusconsultum
350 2054 469 2120 factum
493 2069 551 2133 est,
575 2064 632 2119 ‘ut
656 2055 696 2130 Q.
711 2054 823 2119 Fulvio
845 2067 936 2118 extra
959 2054 1104 2118 ordinem

27 2141 197 2206 4‘urbana
217 2141 381 2227 provincia
400 2156 499 2207 esset:
523 2143 613 2228 isque
633 2141 841 2228 potissimum,
862 2139 1043 2205 consulibus
1063 2139 1106 2204 ad

53 2225 195 2291 ‘bellum
215 2227 373 2314 profectis,
394 2229 465 2292 urbi
485 2228 661 2316 praeesset’
706 2227 821 2314 Aquae
841 2249 975 2314 magnae
996 2226 1044 2292 bis
1066 2250 1106 2291 eo

50 2335 142 2379 anno
170 2313 316 2379 fuerunt:
355 2314 545 2401 Tiberisque
572 2337 662 2401 agros
690 2313 859 2378 inundavit
887 2336 961 2378 cum
990 2335 1107 2400 magna

51 2425 68 2466 s
176 2414 340 2478 tectorum,
356 2423 572 2551 pecorumpue
587 2414 620 2465 et
634 2401 800 2465 hominum
805 2401 966 2552 lpernicie.

831 2510 850 2551 a

137 2486 227 2551 uinto
249 2510 334 2551 anno
355 2487 487 2552 secundi
537 2487 623 2552 unici
644 2487 728 2566 belli,
750 2485 791 2563 Q.
850 2488 922 2552 biua
943 2486 1106 2552 Maximus
1116 2497 1191 2546 Μ·
1208 2499 1263 2558 538·

51 2585 216 2662 quartum,
238 2573 285 2638 M.
306 2573 460 2640 Claudius
482 2573 653 2639 Marcellus
675 2575 815 2652 tertium,
835 2573 1034 2639 consulatum
1056 2562 1149 2682 im&
1161 2563 1263 2673 ,effigi

51 2672 180 2738 euntes,
209 2661 281 2747 plus
310 2660 402 2726 solito
431 2674 652 2726 converterant
680 2661 715 2725 in
744 2683 777 2725 se
807 2661 942 2726 civitatis
972 2661 1165 2739 animos1v‚
1177 2690 1214 2738 M.

53 2745 173 2811 Multis
193 2747 279 2811 enim
294 2748 385 2811 annis
401 2746 462 2811 tale
478 2747 643 2812 consulum
663 2770 720 2834 par
735 2770 801 2812 non
814 2748 927 2814 fuerat.
974 2748 1107 2813 Refere·
1115 2753 1236 2802 Marcello

27 2837 136 2905 abant
150 2855 250 2910 senes,
266 2834 311 2898 sic
327 2832 508 2897 Maximum
524 2833 657 2898 Rullum
673 2857 746 2898 cum
762 2833 799 2900 P.
812 2833 916 2900 Decio
929 2834 972 2899 ad
986 2834 1106 2901 bellum
1116 2817 1170 2868 HI·
1182 2818 1250 2867 ⁰⁰⁸³*

88 3025 104 3072 8
122 3024 218 3082 Quum
226 3025 388 3083 momento]
415 3022 528 3079 Quorum
540 3022 566 3070 in
599 3023 644 3070 bus
656 3021 761 3084 illigatas
776 3022 889 3072 habebat
924 3024 1106 3084 Itequeadmo·

53 3089 133 3136 rerba
144 3086 212 3135 liberi
226 3087 297 3136 vestri
307 3087 396 3146 iurent,
406 3086 511 3134 sollenni
521 3085 566 3134 mi·
599 3091 641 3134 net
648 3085 791 3145 Otacilium,
799 3101 825 3134 se
833 3085 859 3134 in
868 3102 925 3134 eum
937 3087 1020 3136 statim
1030 3089 1107 3138 anim-

53 3151 127 3200 litiae
155 3157 305 3200 sacramento
332 3167 358 3199 se
384 3150 566 3212 obstringentes.
599 3151 724 3199 advertere
741 3150 850 3212 posse‚si
867 3150 893 3197 in
910 3151 1064 3201 contumacia
1078 3168 1107 3201 ao

54 3217 144 3266 Notae
155 3215 263 3277 phrases,
272 3223 422 3266 sacramento
432 3216 520 3273 dicere,
530 3229 567 3262 ro·
599 3213 689 3262 ferocia
700 3219 844 3277 perseveret.
862 3215 943 3263 Cass.

49 3282 122 3345 pari,
134 3281 208 3342 adipi.
227 3281 308 3330 Onus.
633 3293 647 3340 3
662 3281 729 3327 Novi
745 3279 789 3326 als's'
806 3278 895 3337 acaci]
915 3280 982 3327 Ness'
998 3286 1047 3328 tres
1063 3281 1108 3330 atu

88 3361 105 3409 9
125 3345 217 3392 Tristia
234 3346 268 3392 ud
285 3345 473 3394 sacerdotiorum
490 3357 567 3391 esus·
600 3344 676 3391 arcad
698 3357 729 3390 ex
751 3342 847 3390 emend
870 3342 979 3394 Gronov.
1001 3343 1108 3405 reposuit

50 3412 113 3474 pla]
138 3407 181 3458 Ita
193 3407 299 3458 Gronov.
312 3423 355 3470 pro
368 3408 431 3470 vulg.
444 3409 513 3455 tritu
524 3441 530 3456 .
543 3440 568 3456 ..
601 3406 709 3454 Beldrer.

52 3474 194 3536 accceptior,
204 3473 270 3534 quod
281 3471 372 3521 Stroth.
386 3475 473 3520 serrat.
634 3488 649 3531 4
663 3471 764 3520 Urbana
773 3471 914 3532 prouincia]
930 3486 962 3520 sc.
969 3470 1109 3522 Iurisdietio

92 3553 101 3586 ι
117 3539 162 3585 Ad
170 3539 366 3598 praecavendum
376 3535 453 3584 simila
464 3535 520 3582 utili
528 3534 567 3582 do-
600 3533 626 3581 in
635 3535 703 3583 urbe.
721 3536 856 3584 Proos'nes'a
864 3535 929 3582 enim
938 3535 1068 3584 universim
1078 3538 1110 3586 de

50 3603 184 3661 eumenio]
207 3602 250 3649 Ad
267 3600 450 3662 praecavendas
470 3599 569 3658 amitas,
601 3599 686 3660 quovis
699 3598 797 3662 negotio
808 3599 908 3660 publico
918 3598 1109 3649 administrando

52 3668 110 3716 sub.
120 3666 213 3724 clades,
221 3667 292 3714 utiles
302 3666 448 3714 documento.
461 3663 567 3711 Sruoru.
601 3661 698 3723 dicitur,
714 3669 738 3710 et
755 3664 786 3711 de
800 3665 929 3725 provincia
944 3665 1042 3712 urbano
1058 3679 1109 3713 sae-

53 3733 99 3778 Ad
112 3730 295 3792 waeoasmdos
310 3729 399 3777 similes
413 3728 486 3776 duces
498 3727 569 3774 docte
601 3726 657 3788 pius
666 3742 707 3788 ap.
719 3727 817 3774 Livium
831 3725 924 3774 mentio
934 3727 1000 3776 laeta
1011 3732 1054 3776 est.
1077 3730 1108 3778 ef.

52 3801 149 3850 metuo,
168 3808 198 3840 ex
217 3792 319 3842 oonieet.
336 3791 444 3841 Gronov.
461 3789 569 3851 reposuit
602 3791 698 3854 Fragm.
711 3789 770 3854 legis
781 3790 936 3853 l'horiaeap.
949 3790 1064 3854 Pighium
1078 3793 1110 3842 ad

54 3859 170 3908 Bekker.
203 3856 252 3906 Sed
271 3857 397 3905 Drakenb.
417 3859 443 3903 et
462 3853 569 3904 Crevier.
601 3871 657 3904 ann.
671 3854 705 3904 U.
713 3856 742 3905 (l.
750 3852 805 3916 646.
832 3857 914 3903 Extra
930 3857 1039 3906 ordinem
1053 3873 1110 3907 vero

54 3939 116 3972 cum
130 3920 368 3985 Kreyssig.faciunt.
601 3927 662 3980 esst,
684 3920 782 3981 quando
808 3933 888 3980 neque
916 3919 1008 3980 sortito,
1030 3937 1110 3984 neque

89 4003 104 4036 s
124 3987 187 4036 Cum
202 3987 328 4036 emnem
342 3985 388 4034 sibi
398 3986 482 4046 fuscas
495 3999 569 4045 prae·
602 3985 766 4045 comparando
783 3989 906 4046 praetores
926 3983 990 4033 inter
1008 4001 1034 4035 se
1054 4002 1109 4036 oon-

46 4052 135 4111 serri]
158 4051 227 4100 Intra
237 4051 322 4100 urbem
333 4063 429 4098 secum
440 4062 490 4096 non
502 4062 569 4108 prae
604 4050 721 4097 renuent.

54 4113 389 4166 serebanturoonsulibusex
401 4111 513 4160 instituto
521 4110 569 4158 Va·
636 4127 649 4174 5
665 4114 706 4161 Sic
725 4114 865 4161 Maximum
884 4113 986 4162 Rullum
1005 4129 1060 4162 cum
1078 4116 1109 4162 P.

54 4179 111 4227 lerii
125 4177 276 4227 Publicolae.
310 4179 345 4227 At
359 4177 458 4235 Fabius,
472 4174 514 4237 qui
532 4189 568 4222 ur·
601 4177 689 4234 Dscto]
707 4175 742 4224 Hi
753 4177 972 4226 eonsulcsfuemnt
983 4177 1110 4238 [λα-457.

53 4245 115 4292 bem
128 4258 179 4293 uon
195 4241 289 4302 inierat,
300 4259 342 4293 eas
353 4241 489 4292 etiamnum
500 4237 568 4287 fasci-
606 4240 636 4288 el.
646 4253 711 4301 supr.
722 4255 747 4290 x.
760 4255 798 4300 24.
