2888 4768
356 232 451 298 LIB.
474 232 602 298 XXIV.
635 232 745 300 cAP.
769 241 820 301 23.
1046 241 1106 304 199

42 383 166 449 :saepe
180 379 346 452 usurpatae
361 367 509 456 Dionysii
522 368 648 456 tyranni
658 369 759 436 vocis:
783 392 856 457 qua,
877 378 887 407 ‘
959 369 1027 436 'bus
1042 383 1104 436 tra·
1114 390 1148 442 U.
1159 391 1189 442 c,
1204 393 1258 454 538·

68 457 261 536 ‘etumqnon
270 453 459 519 insidentem
469 453 878 556 equo,relinqueretyranni
902 456 1101 536 em,’dixerit,
1111 456 1141 506 a
1158 455 1188 506 0·
1204 471 1257 515 ²14·

68 535 218 602 ‘debere
262 538 366 604 Facile
380 563 446 606 esse
461 553 630 619 momento,
646 565 710 629 quo
724 564 795 629 qrus
809 542 894 620 velit,
905 543 1017 608 cedere

69 622 228 688 ‘sessione
249 647 380 712 magnae
399 625 560 692 fortunae:
583 628 684 694 lacere
703 642 736 692 et
757 651 865 715 parare
887 652 956 694 eam
976 629 1009 694 di
1042 629 1102 696 cile

69 716 81 746 ‘
92 721 190 794 atque
208 709 340 776 arduum
362 735 436 777 eme.
481 712 627 778 Paullum
649 729 786 780 sumeret
806 715 898 802 spatii
916 715 958 780 ad
979 716 1104 782 consul-

68 793 227 860 ‘tandum
241 798 280 863 ab
295 797 412 886 legatia
458 797 507 863 Eo
521 811 661 864 uteretur
674 800 715 864 ad
729 801 928 866 arcessendos
942 823 982 866 ex
997 801 1103 868 Iecu-

69 881 171 946 ‘tinis
189 883 319 950 milites:
343 885 457 972 quibus
471 885 497 950 si
516 886 682 971 pecuniam
699 885 817 972 regiam
836 886 993 974 pollicitus
1012 901 1102 965 esset,

69 968 203 1034 ‘omnia
215 969 251 1034 in
267 983 419 1058 potestate
439 971 507 1036 eius
520 970 643 1036 fittma'
686 969 777 1037 Haec
794 972 957 1038 muliebria
975 973 1104 1038 consilia

67 1053 324 1121 Andranodorus
342 1079 446 1144 neque
465 1071 531 1123 tota
624 1077 730 1122 rnatus
749 1070 806 1136 est,
821 1081 924 1146 neque
944 1059 1103 1159 extemplo

67 1141 211 1227 accepit:
234 1144 380 1208 tutiorem
395 1143 436 1209 ad
453 1165 529 1231 opes
584 1143 730 1209 ectandes
743 1159 828 1210 ratus
841 1167 907 1210 esse
921 1145 1014 1222 viam,
1029 1169 1056 1210 ει
1069 1145 1103 1209 in

66 1228 248 1323 pressanda
275 1230 408 1316 tempori
436 1230 584 1294 cessisset.
638 1229 749 1317 ltaque
778 1231 896 1318 legatos
924 1232 1103 1298 renuntiare

66 1313 173 1391 ruffiit,
190 1314 329 1379 futurum
344 1338 376 1380 se
396 1317 430 1380 in
445 1330 569 1381 senatus
583 1339 620 1382 ac
639 1317 748 1404 populi
766 1329 928 1405 potestate.
973 1317 1103 1384 Postero

66 1398 125 1462 die
140 1399 210 1464 luce
224 1401 334 1488 prima,
349 1402 510 1501 patefactis
524 1401 648 1466 Insulae
662 1403 769 1491 portis,
784 1405 818 1468 in
831 1404 934 1468 forum
949 1403 1104 1469 Achradi-

67 1507 133 1550 nae
148 1487 242 1552 vanit.
286 1486 336 1552 Ibi
351 1510 385 1552 rn
400 1511 482 1553 aram
501 1487 707 1566 Concordiae,
723 1513 764 1554 ex
778 1513 841 1577 qua
855 1489 956 1577 pridie
971 1488 1103 1577 Polyae-

64 1594 133 1636 nus
156 1574 357 1639 eoncionatus
378 1589 454 1651 erat,
477 1575 633 1640 escendit:
665 1577 900 1662 orationemque
922 1599 990 1642 eam
1016 1599 1103 1641 orsus

64 1671 129 1736 est,
155 1682 219 1745 qua
242 1661 378 1747 primum
402 1661 608 1726 cunctationis
631 1685 704 1728 suae
729 1665 853 1728 venum
875 1662 995 1750 petivit
1040 1663 1196 1728 ‘secretio
1207 1670 1259 1718 eius

67 1753 80 1784 ‘
90 1745 177 1809 enim
195 1745 314 1812 clausas
331 1747 473 1812 habuisse
495 1759 609 1834 portas,
625 1770 689 1812 non
707 1763 902 1836 separantem
924 1773 994 1814 suas
1015 1773 1063 1816 res
1084 1735 1258 1848 affima-

65 1839 79 1870 ‘
113 1831 235 1910 ublicis,
250 1833 306 1898 sed
320 1834 433 1898 strictis
447 1833 544 1898 semel
556 1833 668 1920 gladiis
688 1835 862 1914 timentem,
877 1836 933 1923 qui
948 1837 1019 1901 linis
1032 1860 1104 1901 cae·

66 1927 80 1956 ⁶
90 1855 187 1983 dibus
198 1935 278 1984 esset
290 1920 430 1985 futurus:
455 1933 570 1996 utrum,
587 1921 672 2006 quod
687 1922 760 1986 satis
775 1922 909 1986 libertati
924 1922 1012 2000 foret,
1028 1945 1104 1986 con·

66 2013 80 2044 ‘
92 2006 175 2070 tenti
188 2027 266 2072 nece
281 2007 405 2093 tyranni
417 2020 528 2084 essent,
540 2029 591 2083 an,
603 2007 784 2094 quicunque
794 2020 848 2071 aut
859 2008 1105 2095 propinquitate,

65 2100 148 2156 ‘aut
162 2093 319 2170 affinitate,
331 2107 386 2158 aut
400 2093 556 2179 aliquibus
570 2093 748 2157 ministeriis
758 2094 875 2178 regiam
891 2093 1103 2178 contigissent,

33 2199 52 2246 3
64 2186 79 2217 ‘
90 2178 213 2244 alienae
228 2178 338 2266 culpae
349 2180 395 2244 rei
410 2178 647 2243 trucidarentur.
692 2177 863 2264 Postquam
874 2179 1103 2257 animadvertit,

64 2273 79 2304 ‘
88 2287 156 2340 eos,
171 2265 227 2352 qui
240 2265 423 2330 liberassent
437 2265 579 2352 patriam,
594 2287 713 2330 servare
728 2265 822 2329 etiam
837 2263 1000 2330 liberatam
1014 2264 1103 2344 velle,

31 2370 52 2414 4
65 2360 190 2437 ‘atque
205 2351 347 2438 undique
361 2350 481 2417 consuli
495 2351 529 2415 in
544 2350 701 2427 medium3
725 2373 789 2415 non
804 2351 971 2429 dubitasse,
1006 2352 1105 2417 uiuet

32 2446 206 2523 5‘corpus
225 2459 325 2514 suurn,
341 2453 374 2502 et
392 2449 496 2503 cetera
512 2438 629 2515 omnia,
667 2460 724 2502 uae
739 2459 812 2502 suae
827 2437 903 2502 fidei
924 2375 1103 2525 tutelaeque

65 2533 206 2600 ‘essent
225 2525 374 2611 quoniam
394 2547 477 2602 eum,
498 2524 554 2611 qui
577 2460 762 2601 mandasset,
782 2546 856 2588 suus
875 2523 961 2588 furor
980 2525 1105 2590 absum-

64 2619 79 2650 ‘
87 2609 212 2698 psisset,
226 2609 343 2697 patriae
358 2610 554 2676 restitueret’
599 2607 777 2675 Conversis
791 2609 906 2675 deinde
921 2609 962 2674 ad
976 2610 1104 2677 interfe-

61 2711 175 2762 ctores
189 2697 322 2784 tyrarmi‚
338 2719 375 2762 ac
389 2697 516 2762 nomine
536 2719 576 2783 ap
617 2695 696 2762 llans
711 2696 912 2762 Theodotum
928 2718 964 2761 ac
981 2695 1101 2764 Sodm:

64 2783 118 2848 ‘F
117 2783 246 2860 acinua'
259 2784 372 2871 inquit,
389 2792 399 2822 ‘
407 2783 607 2848 memorabie
622 2781 745 2848 fecistis.
793 2781 866 2860 Sed,
882 2783 959 2846 mihi
974 2783 1102 2862 credite,

64 2869 239 2934 ‘inchoata
256 2884 358 2935 vestra
376 2870 484 2958 gloria,
501 2869 643 2935 nondruu
661 2869 807 2956 perfecta,
827 2881 891 2944 est3
914 2869 1103 2956 periculum·

29 2963 77 3015 6⁶
88 2977 156 3056 que
178 2956 289 3044 ingens
310 2969 425 3034 manet,
446 2957 507 3022 nisi
525 2956 595 3043 paci
616 2969 649 3022 et
668 2955 852 3021 concordiae
874 2955 1043 3033 consulitis,
1061 2979 1102 3021 ne

65 3042 353 3108 ‘lrberaefferatur
366 3042 559 3129 respublica’
972 3051 976 3062 '

114 3127 194 3193 Post
207 3127 288 3194 banc
302 3129 476 3193 orationem
484 3127 586 3193 claves
599 3140 758 3215 portarum
769 3127 984 3214 pecuniaeque
999 3127 1102 3215 regiae
1200 3177 1207 3193 .

103 3359 119 3394 a
137 3345 243 3394 Pedibus
259 3345 375 3404 tractum]
398 3341 428 3390 cs.
440 3340 513 3390 Diod.
526 3339 572 3389 sic.
606 3339 714 3404 Exponit
725 3341 851 3404 Sigonius:
867 3357 900 3392 ne
913 3342 989 3392 libera
1002 3343 1104 3395 intereat

63 3411 123 3460 xiv.
133 3409 155 3457 8.
166 3407 208 3470 qui
220 3407 349 3457 Philistum
360 3407 432 3455 huius
443 3405 508 3454 vocis
517 3419 572 3452 auc-
604 3404 757 3466 respublica3
777 3420 808 3454 na
829 3405 854 3455 id
877 3422 952 3456 nnrrm
974 3423 1005 3457 ex
1026 3415 1103 3458 morte

64 3481 151 3524 torem
161 3473 241 3522 uadit.
604 3467 700 3530 tyranni
718 3469 810 3518 fruetur
826 3469 915 3544 capiat,
931 3476 959 3519 nt
974 3472 1050 3520 libera
1067 3473 1103 3523 iu·

104 3539 269 3600 3Poatqaam
286 3534 468 3594 animadvertit]
488 3533 572 3581 Δηίπυ-
604 3537 688 3580 terest.
712 3532 1103 3594 Interpretatronemsuamfirmat

63 3602 213 3659 monum,
231 3600 296 3662 quod
318 3598 430 3646 orationis
446 3596 572 3656 sententia,
605 3594 724 3644 consimili
749 3598 861 3659 exemplo
882 3598 936 3648 infr.
958 3599 1041 3648 xxviii.
1063 3601 1100 3649 as.

65 3669 160 3728 utpote
174 3664 279 3725 obliqua,
290 3663 405 3725 postulat,
414 3677 444 3711 ex
460 3662 572 3710 emmda
604 3662 662 3710 Meo
677 3662 753 3710 unius
762 3662 855 3721 suam
868 3664 933 3712 elata
946 3671 1006 3713 earet
1019 3680 1101 3726 reapta-

64 3731 141 3780 fione
152 3727 258 3778 Gronov.
272 3732 430 3790 reposuenmt
444 3726 534 3775 Strotlt
548 3730 573 3774 et
604 3727 673 3774 blica.
712 3724 791 3773 Aliter
818 3725 931 3788 intelligit
957 3727 1103 3788 Gronovius,
1167 3761 1174 3784 .

66 3793 181 3844 Bekker.
604 3802 700 3852 nempe,
710 3804 742 3836 ue
751 3789 887 3850 respublica
901 3791 1006 3840 libertati
1020 3807 1102 3842 recena

102 3875 122 3917 4
136 3857 248 3920 Undique
256 3857 347 3905 cumuli
356 3857 384 3903 r'n
394 3855 509 3914 Mam]
522 3853 572 3903 Ne·
604 3857 687 3916 partae
703 3851 820 3902 moderari
838 3859 950 3916 nequeat,
966 3861 991 3904 et
1006 3871 1059 3904 eam
1076 3855 1101 3906 in

67 3921 166 3970 minem
184 3920 229 3968 sibi
249 3919 357 3982 propriae
375 3934 434 3981 opes
451 3933 573 3980 quaerere,
605 3916 822 3966 laseiviamaertat.
851 3919 930 3967 Nobis
946 3919 1026 3982 potior
1037 3921 1100 3971 vide·

66 3986 116 4034 red
127 3984 235 4045 undiquc
244 3983 374 4045 conspirari
384 3983 409 4031 in
420 3997 573 4031 communem
605 3980 739 4044 turSigonii
746 3981 919 4044 interpretatio.
929 3984 1009 4034 Cnar.
1026 3984 1101 4048 Equi-

66 4051 186 4100 salutem.
202 4049 281 4097 cmv.
604 4046 660 4094 dem
676 4050 759 4094 contra
770 4045 883 4095 Crevierii
897 4053 921 4096 et
933 4048 1034 4098 strothii
1050 4050 1101 4111 opi·

105 4125 121 4175 5
139 4114 207 4171 Quae
226 4127 286 4160 roae
300 4111 362 4172 fidei
384 4111 518 4174 tusaeque
538 4127 573 4160 ea·
604 4109 701 4158 aionem
718 4125 773 4158 cum
789 4109 916 4158 Gronoviis
934 4112 1027 4162 Duker.
1039 4113 1100 4160 Dra

65 4179 139 4236 unt]
159 4176 231 4230 Quae
245 4175 277 4223 ad
292 4189 361 4222 suam
377 4174 450 4222 fidem
461 4175 573 4223 tutelam·
604 4173 675 4223 kenb.
688 4179 713 4222 et
725 4173 824 4222 Douiat.
836 4189 921 4224 censeo
937 4176 1002 4224 huuc
1019 4177 1100 4224 locum

65 4239 293 4354 qugapertinerent,
309 4253 371 4350 quate
387 4253 447 4351 &aaa
464 4238 520 4286 fidei
536 4244 572 4286 tu·
604 4237 847 4349 itlvetltendumttoeb
857 4239 911 4286 “uc
921 4239 1056 4300 respublica
1066 4239 1100 4290 iu-

65 4323 100 4356 en
148 4317 370 4351 commorassem.
410 4317 466 4350 aar.
605 4315 670 4350 soen
692 4317 778 4350 usses
797 4305 872 4351 era.¹'

104 4368 122 4418 6
138 4371 179 4416 Ne
197 4369 271 4416 licem
289 4367 406 4429 efferatur
424 4367 570 4428 respublica]
