3002 4798
344 222 385 283 10
730 215 843 283 ΤΙΤΙ
869 214 1005 282 LIVII

179 357 214 470 Η·
226 357 257 407 0·
269 367 324 419 saa
344 351 451 418 ‘unde
467 349 765 418 arcentnrfoedere:
789 373 864 417 mox
878 350 1106 438 Carthaginem
1116 347 1393 415 circumcidebant

204 423 257 473 ¹⁰·
288 421 325 470 ¹⁸·
344 447 354 478 ‘
366 439 530 504 Romanae
551 437 561 501 l
604 438 700 516 ones,
722 438 856 503 ducibus
877 436 990 502 iisdem
1012 436 1082 514 diis,
1100 441 1157 524 pe'r
1178 457 1258 523 quoa
1279 435 1391 522 priOre

270 436 283 470 1

346 525 452 592 ‘bello
470 537 563 612 rupta
589 524 704 590 oedera
717 537 792 590 sunt
811 524 877 590 ulti.
924 523 1042 590 Utrum
1059 523 1192 600 hostem,
1208 545 1249 587 an
1263 545 1329 599 vos,
1345 543 1392 584 an

346 613 524 678 ‘fortunam
539 611 702 698 utriusque
717 611 826 699 populi
840 611 1009 712 ignoratis?
1020 609 1177 696 Legatos,
1193 609 1341 674 absoeiis
1355 619 1394 671 et

346 707 425 787 ‘pro
440 698 532 764 sociis
547 698 719 775 venientes,
734 699 837 763 bonus
850 710 1021 848 impeirator
1034 711 1137 762 vester
1157 696 1192 760 in
1206 709 1307 760 castra
1321 715 1393 758 non

348 785 503 863 ‘admisit
512 785 561 849 ius
575 785 717 872 gentium
727 783 860 849 sustulit.
942 784 953 847 i
968 797 1084 861 tamen,
1094 783 1180 848 unde
1195 805 1236 848 ne
1248 780 1393 847 hostium

348 872 499 960 ‘quidem
510 870 605 960 legati
614 883 769 949 arcentur,
780 870 863 958 pulsi
878 870 983 936 advos
993 871 1136 948 veniunt,
1147 891 1196 934 res
1210 867 1392 934 exfoedere

348 967 525 1059 ‘repetunt
571 958 704 1023 Publica
717 957 801 1022 fraus
819 957 917 1034 absit3
940 970 1101 1023 auctorem
1115 955 1227 1043 culpae
1249 968 1283 1020 et
1297 975 1417 1029 reum5

348 1045 509 1111 ‘cuminis
517 1045 700 1132 deposcunt
748 1043 823 1118 Quo
837 1042 940 1108 lenius
955 1056 1062 1132 agunt,
1074 1043 1202 1130 segnius
1215 1041 1390 1128 incipiunt3

349 1140 419 1210 ‘eo,
442 1155 540 1218 quum
563 1131 734 1219 coeperint,
756 1152 875 1209 vereor,
898 1153 939 1194 ne
964 1130 1215 1218 perseverantius
1236 1128 1389 1193 saeviant

350 1217 510 1306 ‘Aegates
524 1217 641 1282 insulas
661 1216 859 1305 Erycemque
874 1229 947 1282 ante
970 1217 1077 1282 oculos
1098 1215 1282 1304 proponite3
1306 1229 1418 1301 quaet

351 1313 455 1369 ‘terra
478 1303 619 1404 marique
644 1326 701 1392 per
726 1315 875 1391 quattuor
898 1316 931 1369 et
951 1303 1063 1390 viginti
1088 1324 1187 1367 armos
1281 1301 1288 1315 ⁸
1312 1301 1390 1365 sitis.

351 1401 361 1431 ‘
373 1390 446 1456 Nec
456 1413 536 1478 puer
546 1390 599 1455 luc
610 1389 676 1455 dux
685 1401 762 1468 erat,
771 1389 828 1455 sed
841 1402 930 1541 pater
938 1390 1006 1478 ipse
1015 1388 1188 1467 Hamilcar,
1240 1410 1289 1453 ars
1299 1386 1391 1463 alter,

352 1486 409 1544 ‘ut
425 1479 477 1542 isti
491 1476 610 1542 volunt.
658 1475 722 1542 Sed
746 1489 822 1542 tunc
876 1490 996 1553 arento,
1012 1475 1109 1542 idest
1131 1474 1233 1552 Italia,
1248 1497 1315 1540 non
1335 1473 1418 1540 ab?

351 1566 580 1630 ‘stinueramus
593 1587 635 1628 ex
649 1563 793 1628 foedere:
816 1561 899 1628 sicut
912 1585 998 1628 nunc
1015 1562 1157 1650 Sagunto
1170 1584 1236 1626 non
1254 1560 1394 1626 abstine-

352 1660 451 1716 ‘mus
497 1649 652 1716 Vicerunt
662 1673 737 1738 ergo
752 1649 798 1714 dii
811 1649 1036 1736 hominesque;
1059 1662 1093 1715 et
1107 1649 1151 1727 id,
1162 1648 1204 1713 de
1216 1671 1280 1736 quo
1289 1646 1393 1712 verbis

352 1738 597 1824 ‘ambigebatun
612 1749 684 1802 uter
704 1736 840 1824 populus
856 1735 967 1802 foedus
988 1736 1132 1823 rupisset,
1151 1749 1283 1800 eventus
1304 1733 1391 1810 belli,

352 1824 460 1888 ‘velut
481 1845 600 1910 aequus
622 1823 729 1900 iudex,
749 1823 833 1887 unde
856 1823 905 1887 ius
926 1824 1037 1899 stabat,
1055 1823 1086 1887 ci
1108 1821 1270 1887 victoriam
1292 1819 1390 1886 dedit.
1483 1821 1484 1836 ¹

352 1909 561 1997 ‘Carthagini
589 1932 676 1975 nunc
706 1908 866 1974 Hannibal
896 1909 1016 1974 vineas
1033 1923 1196 1996 turresque
1226 1907 1390 1972 admonete

354 1995 578 2084 ‘Carthaginis
592 1997 718 2061 moenia
739 1997 842 2084 quatit
856 1996 962 2060 ariete.
1009 1994 1141 2146 Sagunti
1160 1995 1270 2060 ruinae
1284 1993 1394 2082 (falsus

353 2083 497 2149 ‘utinam
507 2097 593 2148 vates
607 2082 682 2170 sim)
691 2083 804 2148 nostris
818 2082 973 2170 capitibus
983 2082 1047 2146 inci
1071 2095 1135 2160 ent,
1148 2093 1392 2168 susceptumque

354 2179 448 2236 ‘cum
479 2169 661 2258 Saguntinis
689 2169 809 2235 bellum
837 2168 1020 2234 babendum
1048 2191 1121 2233 cum
1152 2167 1306 2232 Romanis
1334 2179 1389 2232 est.
1483 2245 1484 2250 ἵ

354 2257 540 2322 ‘Dedemus
557 2279 633 2344 ergo
653 2255 892 2321 Hannibalem?
914 2255 1000 2320 dicet
1017 2253 1139 2342 aliquis.
1187 2253 1270 2332 Scio,
1291 2276 1391 2318 meam
1483 2255 1484 2276 ¹

355 2344 478 2408 ‘levem
493 2366 559 2408 esse
574 2343 609 2406 in
623 2366 662 2406 eo
676 2343 895 2407 anctoritatem
906 2354 1035 2429 propter
1048 2355 1195 2429 paternas
1205 2341 1391 2405 inimicitias.

355 2428 490 2494 ‘Sedet
508 2427 722 2493 Hamilcarem
742 2450 781 2492 eo
798 2429 914 2515 perisse
938 2427 1071 2492 laetatus
1090 2451 1170 2505 sum,
1186 2426 1324 2515 quodsi
1342 2426 1392 2490 ille

356 2516 505 2592 ‘viveret
523 2513 643 2580 bellum
666 2515 729 2578 iam
749 2536 823 2578 cum
846 2514 999 2578 Romanis
1020 2514 1225 2590 haberemus3
1256 2525 1289 2578 et
1310 2513 1394 2578 bunc

357 2602 534 2678 ‘iuvenem
557 2613 709 2686 tanquam
729 2599 842 2664 furiam
864 2599 1028 2688 facemque
1055 2601 1150 2666 huius
1176 2599 1262 2678 belli,
1284 2599 1339 2664 odi
1360 2623 1394 2664 ac

357 2687 523 2753 ‘detestor
581 2687 653 2752 Nec
689 2685 872 2752 dedendum
908 2687 1010 2751 solum
1046 2687 1080 2752 id
1115 2687 1276 2774 piaculum
1312 2685 1394 2774 rupti
1483 2757 1484 2772 p

358 2774 530 2850 ‘foederis3
553 2773 619 2850 sed,
634 2773 661 2837 si
683 2795 777 2852 nemo
799 2772 958 2860 deposcat,
974 2772 1197 2838 devehendum
1216 2774 1251 2837 in
1272 2773 1395 2840 ultimas
1483 2773 1484 2786 ¹

357 2861 472 2926 ‘maris
486 2872 702 2946 terrarumque
723 2882 801 2936 oras,
817 2860 869 2924 abl
950 2859 1091 2947 dumque
1113 2883 1163 2938 eo,
1178 2860 1264 2925 unde
1276 2883 1343 2924 nec
1357 2859 1395 2924 ad
1483 2913 1484 2938 ,

357 2956 436 3012 ‘nos
449 2969 566 3012 nomen
580 2947 726 3032 famaque
736 2946 803 3010 eius
812 2969 867 3011 acc
910 2969 972 3023 ere,
982 2969 1087 3033 neque
1096 2947 1263 3011 sollicitare
1273 2947 1420 3033 quietaes

359 3033 515 3098 ‘civitatis
534 3045 650 3098 statum
687 3033 771 3098 ossit.
818 3031 888 3118 Ego
901 3033 951 3097 ita
965 3055 1088 3110 censeo,
1103 3033 1223 3120 legatos
1239 3032 1396 3120 extemplo
1483 3035 1484 3126 l

359 3119 517 3184 ‘Romam
546 3055 727 3195 mittendae,
757 3119 813 3206 qui
839 3120 962 3184 senatui
991 3119 1198 3184 satisfaciant:
1231 3119 1319 3196 alios,
1343 3118 1395 3206 qui
1483 3145 1484 3150 ¹

360 3204 556 3270 ‘Hannibali
578 3206 737 3283 nuntient,
761 3218 797 3270 ut
822 3206 997 3271 exercitum
1022 3207 1062 3271 ab
1090 3205 1231 3294 Sagrmto
1254 3206 1395 3282 abducat,
1483 3231 1484 3266 l

359 3293 547 3380 ‘ipsumque
582 3291 796 3358 Hannibalem
834 3315 875 3356 ex
908 3292 1036 3359 foedere
1071 3293 1225 3358 Romanis
1261 3293 1393 3357 dedant:

321 3428 324 3434 Δ
359 3379 506 3444 ‘tertiam
521 3378 710 3466 legationem
726 3379 768 3444 ad
786 3401 836 3443 res
853 3377 1035 3479 Saguntinis
1054 3379 1232 3444 reddendas
1246 3379 1397 3444 decerno’

291 3514 299 3532 .
361 3465 472 3542 Quum
490 3465 609 3531 Hanno
626 3476 810 3552 perorasset,
825 3465 947 3528 nemtni
961 3467 1104 3530 omnium
1119 3479 1238 3532 certare
1260 3465 1396 3532 oratione

359 3576 432 3648 cum
447 3575 485 3617 eo
500 3573 627 3618 necesse
639 3552 716 3616 fuit:
740 3551 821 3616 adeo
835 3573 933 3638 prope
949 3551 1051 3616 omnis
1066 3565 1191 3618 senatus
1212 3551 1398 3617 Hannibalis
1483 3561 1484 3606 ὲ

392 3723 528 3784 5Pabla'oa
540 3723 617 3781 froas
634 3722 708 3782 abac]
732 3720 864 3796 Concessio
896 3723 1024 3798 demptum
1038 3723 1158 3773 deducere
1173 3729 1273 3773 coactus
1286 3731 1329 3772 est
1347 3723 1398 3772 Pol.
1483 3751 1484 3754 =

360 3801 398 3898 {l
406 3785 865 3923 pretermittentes
896 3785 1008 3912 lita
1021 3859 1080 3902 aa
1097 3853 1212 3912 rama]
1233 3853 1282 3902 sa
1300 3853 1399 3902 rama

362 3918 388 3961 et
407 3927 511 3974 poenam
530 3928 579 3961 non
599 3913 723 3976 pnbbcam
740 3929 792 3962 essa
808 3915 867 3965 Car·
900 3915 1006 3964 Belkar.
1043 3916 1084 3965 De
1104 3917 1152 3965 hoc
1173 3917 1279 3976 loedere,
1302 3931 1334 3965 ax
1354 3930 1398 3976 quo

363 3975 614 4038 thaginiensium‚sed
629 3976 704 4026 solius
721 3977 869 4026 Hannibalis
900 3979 976 4030 Italia
999 3980 1219 4043 Carthaginienses,
1246 3979 1330 4029 Sicilia
1352 3980 1397 4028 Rc
1483 4003 1484 4040 l

364 4039 496 4103 propriam,
515 4040 622 4090 Romani
642 4040 714 4090 bacile
736 4041 868 4104 patiuntur.
900 4058 985 4093 manos
1006 4045 1126 4094 abstinere
1147 4045 1283 4106 oportebat,
1301 4043 1398 4092 mentio

388 4118 444 4154 nav.
646 4141 647 4144 ,
900 4123 957 4156 nem
968 4108 1027 4156 facit
1039 4109 1093 4157 Pol.
1105 4107 1139 4158 iil.
1152 4107 1190 4157 26.
1483 4163 1484 4166 Ἴ

399 4165 536 4230 Mecales
553 4169 659 4228 imam]
688 4169 781 4219 Contra
800 4170 867 4232 Lily·
892 4217 894 4224 ,
932 4173 1095 4231 8Acacdere]
1113 4174 1239 4232 Accidere,
1256 4171 1315 4220 licet
1334 4172 1397 4220 codd.
1483 4179 1484 4182 ’

363 4233 452 4307 baenm
476 4231 542 4294 sitas,
563 4233 595 4282 sd
616 4248 677 4294 quas
697 4233 776 4296 priore
801 4235 868 4284 bello
899 4236 1042 4295 advers.‚ex
1060 4235 1230 4286 emendatione
1245 4235 1362 4286 Gronorii
1375 4235 1398 4284 in
1483 4221 1484 4248 ¹

364 4301 443 4345 arctus
461 4301 498 4346 est
513 4297 594 4345 navali
614 4296 706 4359 proelio
723 4297 866 4348 Hamilcar:
900 4305 995 4350 textum
1007 4299 1114 4364 reposuit
1126 4301 1243 4352 Bekker.'
1483 4259 1484 4354 l

364 4366 389 4410 et
400 4360 642 4424 posteapraesidium
653 4361 733 4426 Eryce
744 4362 869 4425 pretiore-
1061 4413 1066 4420 ,
