<?xml version="1.0" encoding="UTF-8"?>
<!DOCTYPE html PUBLIC "-//W3C//DTD XHTML 1.0 Transitional//EN"
    "http://www.w3.org/TR/xhtml1/DTD/xhtml1-transitional.dtd">
<html xmlns="http://www.w3.org/1999/xhtml" xml:lang="en" lang="en">
 <head>
  <title>
</title>
<meta http-equiv="Content-Type" content="text/html;charset=utf-8" />
  <meta name='ocr-system' content='tesseract 3.04.00' />
  <meta name='ocr-capabilities' content='ocr_page ocr_carea ocr_par ocr_line ocrx_word'/>
</head>
<body>
  <div class='ocr_page' id='page_1' title='image "./tliviipatavinih00kreygoog_0158.png"; bbox 0 0 2966 4778; ppageno 0'>
   <div class='ocr_carea' id='block_1_1' title="bbox 358 234 1122 303">
    <p class='ocr_par' dir='ltr' id='par_1_1' title="bbox 358 234 1122 303">
     <span class='ocr_line' id='line_1_1' title="bbox 358 234 1122 303; baseline 0.003 -3"><span class='ocrx_word' id='word_1_1' title='bbox 358 235 453 300; x_wconf 90' lang='lat' dir='ltr'><strong>LIB.</strong></span> <span class='ocrx_word' id='word_1_2' title='bbox 479 234 610 301; x_wconf 87' lang='lat' dir='ltr'>XXIII.</span> <span class='ocrx_word' id='word_1_3' title='bbox 646 234 757 301; x_wconf 85' lang='lat' dir='ltr'><strong>CAP.</strong></span> <span class='ocrx_word' id='word_1_4' title='bbox 783 241 834 301; x_wconf 81' lang='lat'><strong>24.</strong></span> <span class='ocrx_word' id='word_1_5' title='bbox 1062 239 1122 303; x_wconf 82' lang='lat'><strong>147</strong></span> 
     </span>
    </p>
   </div>
   <div class='ocr_carea' id='block_1_2' title="bbox 78 368 1277 543">
    <p class='ocr_par' dir='ltr' id='par_1_2' title="bbox 78 368 1277 543">
     <span class='ocr_line' id='line_1_2' title="bbox 79 368 1277 460; baseline 0.002 -25"><span class='ocrx_word' id='word_1_6' title='bbox 79 368 183 434; x_wconf 81' lang='lat' dir='ltr'><strong>Patres</strong></span> <span class='ocrx_word' id='word_1_7' title='bbox 205 381 343 456; x_wconf 87' lang='lat' dir='ltr'><strong>possent,</strong></span> <span class='ocrx_word' id='word_1_8' title='bbox 362 393 427 458; x_wconf 90' lang='lat' dir='ltr'><strong>qno</strong></span> <span class='ocrx_word' id='word_1_9' title='bbox 450 385 533 438; x_wconf 85' lang='lat' dir='ltr'><strong>statu</strong></span> <span class='ocrx_word' id='word_1_10' title='bbox 553 371 730 458; x_wconf 78' lang='lat' dir='ltr'><strong>respublica</strong></span> <span class='ocrx_word' id='word_1_11' title='bbox 751 385 844 450; x_wconf 86' lang='lat' dir='ltr'><strong>esset,</strong></span> <span class='ocrx_word' id='word_1_12' title='bbox 864 370 1059 460; x_wconf 87' lang='lat' dir='ltr'><strong>consiliaque</strong></span> <span class='ocrx_word' id='word_1_13' title='bbox 1079 393 1120 436; x_wconf 91' lang='lat' dir='ltr'><strong>ex</strong></span> <span class='ocrx_word' id='word_1_14' title='bbox 1132 387 1164 436; x_wconf 86' lang='lat' dir='ltr'><strong>U.</strong></span> <span class='ocrx_word' id='word_1_15' title='bbox 1177 387 1206 436; x_wconf 80' lang='lat' dir='ltr'><strong>e.</strong></span> <span class='ocrx_word' id='word_1_16' title='bbox 1223 386 1277 449; x_wconf 74' lang='lat'>536.</span> 
     </span>
     <span class='ocr_line' id='line_1_3' title="bbox 78 451 1277 543; baseline -0.001 -23"><span class='ocrx_word' id='word_1_17' title='bbox 78 457 165 520; x_wconf 82' lang='lat' dir='ltr'><strong>rebus</strong></span> <span class='ocrx_word' id='word_1_18' title='bbox 179 470 338 543; x_wconf 84' lang='lat' dir='ltr'><strong>caperent.</strong></span> <span class='ocrx_word' id='word_1_19' title='bbox 386 457 452 534; x_wconf 83' lang='lat' dir='ltr'><strong>Qui</strong></span> <span class='ocrx_word' id='word_1_20' title='bbox 467 458 560 524; x_wconf 87' lang='lat' dir='ltr'><strong>acciti</strong></span> <span class='ocrx_word' id='word_1_21' title='bbox 579 472 678 536; x_wconf 89' lang='lat' dir='ltr'><strong>erant,</strong></span> <span class='ocrx_word' id='word_1_22' title='bbox 694 481 806 524; x_wconf 89' lang='lat' dir='ltr'><strong>omnes</strong></span> <span class='ocrx_word' id='word_1_23' title='bbox 820 473 987 536; x_wconf 83' lang='lat' dir='ltr'><strong>venenmt,</strong></span> <span class='ocrx_word' id='word_1_24' title='bbox 1003 458 1120 524; x_wconf 91' lang='lat' dir='ltr'><strong>relictis</strong></span> <span class='ocrx_word' id='word_1_25' title='bbox 1129 453 1159 500; x_wconf 75' lang='grc' dir='ltr'><strong>Α·</strong></span> <span class='ocrx_word' id='word_1_26' title='bbox 1177 453 1206 500; x_wconf 62' lang='grc'><strong>(3·</strong></span> <span class='ocrx_word' id='word_1_27' title='bbox 1223 451 1277 501; x_wconf 73' lang='lat'><strong>²¹⁶·</strong></span> 
     </span>
    </p>
   </div>
   <div class='ocr_carea' id='block_1_3' title="bbox 76 541 1120 869">
    <p class='ocr_par' dir='ltr' id='par_1_3' title="bbox 76 541 1120 869">
     <span class='ocr_line' id='line_1_4' title="bbox 77 541 1120 633; baseline 0.003 -27"><span class='ocrx_word' id='word_1_28' title='bbox 77 541 191 628; x_wconf 68' lang='lat' dir='ltr'><strong>legatia</strong></span> <span class='ocrx_word' id='word_1_29' title='bbox 213 544 269 629; x_wconf 91' lang='lat' dir='ltr'><strong>qui</strong></span> <span class='ocrx_word' id='word_1_30' title='bbox 290 543 469 631; x_wconf 80' lang='lat' dir='ltr'><strong>legionibus</strong></span> <span class='ocrx_word' id='word_1_31' title='bbox 490 557 680 633; x_wconf 83' lang='lat' dir='ltr'><strong>praeessent</strong></span> <span class='ocrx_word' id='word_1_32' title='bbox 726 545 883 624; x_wconf 83' lang='lat' dir='ltr'><strong>Dictator,</strong></span> <span class='ocrx_word' id='word_1_33' title='bbox 902 545 943 610; x_wconf 90' lang='lat' dir='ltr'><strong>de</strong></span> <span class='ocrx_word' id='word_1_34' title='bbox 965 569 998 610; x_wconf 92' lang='lat' dir='ltr'><strong>se</strong></span> <span class='ocrx_word' id='word_1_35' title='bbox 1019 568 1120 633; x_wconf 88' lang='lat' dir='ltr'><strong>pauca</strong></span> 
     </span>
     <span class='ocr_line' id='line_1_5' title="bbox 76 628 1118 720; baseline 0.003 -27"><span class='ocrx_word' id='word_1_36' title='bbox 76 651 109 693; x_wconf 89' lang='lat' dir='ltr'><strong>ac</strong></span> <span class='ocrx_word' id='word_1_37' title='bbox 123 629 246 694; x_wconf 87' lang='lat' dir='ltr'><strong>modice</strong></span> <span class='ocrx_word' id='word_1_38' title='bbox 261 628 395 708; x_wconf 92' lang='lat' dir='ltr'><strong>locutus,</strong></span> <span class='ocrx_word' id='word_1_39' title='bbox 410 630 444 696; x_wconf 93' lang='lat' dir='ltr'><strong>in</strong></span> <span class='ocrx_word' id='word_1_40' title='bbox 459 631 641 718; x_wconf 86' lang='lat' dir='ltr'><strong>magistrum</strong></span> <span class='ocrx_word' id='word_1_41' title='bbox 658 633 813 718; x_wconf 91' lang='lat' dir='ltr'><strong>equitum,</strong></span> <span class='ocrx_word' id='word_1_42' title='bbox 829 633 880 698; x_wconf 87' lang='lat' dir='ltr'><strong>Ti.</strong></span> <span class='ocrx_word' id='word_1_43' title='bbox 896 631 1118 720; x_wconf 88' lang='lat' dir='ltr'><strong>Sempronium</strong></span> 
     </span>
     <span class='ocr_line' id='line_1_6' title="bbox 78 713 1118 869; baseline 0.002 -89"><span class='ocrx_word' id='word_1_44' title='bbox 78 713 264 794; x_wconf 86' lang='lat' dir='ltr'><strong>Gracchum,</strong></span> <span class='ocrx_word' id='word_1_45' title='bbox 391 739 442 781; x_wconf 90' lang='lat' dir='ltr'><strong>am</strong></span> <span class='ocrx_word' id='word_1_46' title='bbox 477 731 598 804; x_wconf 83' lang='lat' dir='ltr'><strong>partem</strong></span> <span class='ocrx_word' id='word_1_47' title='bbox 627 717 744 803; x_wconf 85' lang='lat' dir='ltr'><strong>gloriae</strong></span> <span class='ocrx_word' id='word_1_48' title='bbox 774 719 888 796; x_wconf 81' lang='lat' dir='ltr'><strong>vertit3</strong></span> <span class='ocrx_word' id='word_1_49' title='bbox 926 719 1118 869; x_wconf 72' lang='lat' dir='ltr'><strong>comitiqque</strong></span> 
     </span>
    </p>
   </div>
   <div class='ocr_carea' id='block_1_4' title="bbox 50 801 1273 3652">
    <p class='ocr_par' dir='ltr' id='par_1_4' title="bbox 76 801 1119 892">
     <span class='ocr_line' id='line_1_7' title="bbox 76 801 1119 892; baseline 0.003 -27"><span class='ocrx_word' id='word_1_50' title='bbox 76 801 179 880; x_wconf 86' lang='lat' dir='ltr'><strong>edixit,</strong></span> <span class='ocrx_word' id='word_1_51' title='bbox 199 803 315 889; x_wconf 89' lang='lat' dir='ltr'><strong>quibus</strong></span> <span class='ocrx_word' id='word_1_52' title='bbox 366 803 570 868; x_wconf 79' lang='lat' dir='ltr'><strong>‚Postumius</strong></span> <span class='ocrx_word' id='word_1_53' title='bbox 589 804 717 868; x_wconf 90' lang='lat' dir='ltr'><strong>tertium</strong></span> <span class='ocrx_word' id='word_1_54' title='bbox 735 805 856 883; x_wconf 84' lang='lat' dir='ltr'>absens,</span> <span class='ocrx_word' id='word_1_55' title='bbox 873 805 928 892; x_wconf 94' lang='lat' dir='ltr'><strong>qui</strong></span> <span class='ocrx_word' id='word_1_56' title='bbox 949 817 1017 870; x_wconf 91' lang='lat' dir='ltr'><strong>turn</strong></span> <span class='ocrx_word' id='word_1_57' title='bbox 1074 804 1119 869; x_wconf 91' lang='lat' dir='ltr'><strong>al·</strong></span> 
     </span>
    </p>

    <p class='ocr_par' dir='ltr' id='par_1_5' title="bbox 75 885 1117 978">
     <span class='ocr_line' id='line_1_8' title="bbox 75 885 1117 978; baseline 0.002 -26"><span class='ocrx_word' id='word_1_58' title='bbox 75 885 144 951; x_wconf 85' lang='lat' dir='ltr'><strong>liam</strong></span> <span class='ocrx_word' id='word_1_59' title='bbox 168 889 364 975; x_wconf 89' lang='lat' dir='ltr'><strong>provinciam</strong></span> <span class='ocrx_word' id='word_1_60' title='bbox 390 889 563 966; x_wconf 81' lang='lat' dir='ltr'><strong>obtinebat,</strong></span> <span class='ocrx_word' id='word_1_61' title='bbox 586 901 619 954; x_wconf 89' lang='lat' dir='ltr'><strong>et</strong></span> <span class='ocrx_word' id='word_1_62' title='bbox 645 890 696 954; x_wconf 85' lang='lat' dir='ltr'><strong>Ti.</strong></span> <span class='ocrx_word' id='word_1_63' title='bbox 710 889 915 978; x_wconf 81' lang='lat' dir='ltr'><strong>Sempronius</strong></span> <span class='ocrx_word' id='word_1_64' title='bbox 943 891 1117 968; x_wconf 88' lang='lat' dir='ltr'><strong>Gracchus,</strong></span> 
     </span>
    </p>

    <p class='ocr_par' dir='ltr' id='par_1_6' title="bbox 76 973 1118 1064">
     <span class='ocr_line' id='line_1_9' title="bbox 76 973 1118 1064; baseline 0.004 -27"><span class='ocrx_word' id='word_1_65' title='bbox 76 973 212 1058; x_wconf 90' lang='lat' dir='ltr'><strong>quitum</strong></span> <span class='ocrx_word' id='word_1_66' title='bbox 234 976 382 1062; x_wconf 88' lang='lat' dir='ltr'><strong>magister</strong></span> <span class='ocrx_word' id='word_1_67' title='bbox 398 976 544 1064; x_wconf 86' lang='lat' dir='ltr'><strong>equitum</strong></span> <span class='ocrx_word' id='word_1_68' title='bbox 564 989 596 1042; x_wconf 88' lang='lat' dir='ltr'><strong>et</strong></span> <span class='ocrx_word' id='word_1_69' title='bbox 616 976 727 1042; x_wconf 76' lang='lat' dir='ltr'><strong>aedil&#39;u</strong></span> <span class='ocrx_word' id='word_1_70' title='bbox 745 977 862 1042; x_wconf 89' lang='lat' dir='ltr'><strong>curulis</strong></span> <span class='ocrx_word' id='word_1_71' title='bbox 881 989 957 1052; x_wconf 80' lang='lat' dir='ltr'><strong>erat,</strong></span> <span class='ocrx_word' id='word_1_72' title='bbox 974 976 1118 1042; x_wconf 86' lang='lat' dir='ltr'><strong>consules</strong></span> 
     </span>
    </p>

    <p class='ocr_par' dir='ltr' id='par_1_7' title="bbox 74 1061 1116 1141">
     <span class='ocr_line' id='line_1_10' title="bbox 74 1061 1116 1141; baseline 0.003 -17"><span class='ocrx_word' id='word_1_73' title='bbox 74 1073 257 1127; x_wconf 82' lang='lat' dir='ltr'><strong>crearentur.</strong></span> <span class='ocrx_word' id='word_1_74' title='bbox 303 1061 469 1128; x_wconf 86' lang='lat' dir='ltr'><strong>Praetores</strong></span> <span class='ocrx_word' id='word_1_75' title='bbox 490 1063 566 1128; x_wconf 89' lang='lat' dir='ltr'><strong>inde</strong></span> <span class='ocrx_word' id='word_1_76' title='bbox 588 1064 695 1140; x_wconf 86' lang='lat' dir='ltr'><strong>creati,</strong></span> <span class='ocrx_word' id='word_1_77' title='bbox 719 1063 767 1128; x_wconf 90' lang='lat' dir='ltr'><strong>M.</strong></span> <span class='ocrx_word' id='word_1_78' title='bbox 778 1062 925 1130; x_wconf 84' lang='lat' dir='ltr'><strong>Valerius</strong></span> <span class='ocrx_word' id='word_1_79' title='bbox 947 1063 1116 1141; x_wconf 86' lang='lat' dir='ltr'><strong>Laevinus,</strong></span> 
     </span>
    </p>

    <p class='ocr_par' dir='ltr' id='par_1_8' title="bbox 76 1145 1118 1228">
     <span class='ocr_line' id='line_1_11' title="bbox 76 1145 1118 1228; baseline 0.005 -18"><span class='ocrx_word' id='word_1_80' title='bbox 76 1145 104 1209; x_wconf 84' lang='lat' dir='ltr'>A</span> <span class='ocrx_word' id='word_1_81' title='bbox 145 1145 302 1213; x_wconf 86' lang='lat' dir='ltr'><strong>Claudius</strong></span> <span class='ocrx_word' id='word_1_82' title='bbox 315 1148 463 1226; x_wconf 86' lang='lat' dir='ltr'><strong>Pulcher,</strong></span> <span class='ocrx_word' id='word_1_83' title='bbox 478 1150 520 1225; x_wconf 65' lang='lat' dir='ltr'><strong>Q„</strong></span> <span class='ocrx_word' id='word_1_84' title='bbox 532 1148 662 1214; x_wconf 83' lang='lat' dir='ltr'><strong>Fulvius</strong></span> <span class='ocrx_word' id='word_1_85' title='bbox 673 1149 813 1228; x_wconf 77' lang='lat' dir='ltr'><strong>Flaccus,</strong></span> <span class='ocrx_word' id='word_1_86' title='bbox 826 1149 867 1226; x_wconf 76' lang='lat' dir='ltr'>Q</span> <span class='ocrx_word' id='word_1_87' title='bbox 881 1150 1011 1216; x_wconf 91' lang='lat' dir='ltr'><strong>Mucius</strong></span> <span class='ocrx_word' id='word_1_88' title='bbox 1024 1149 1118 1216; x_wconf 85' lang='lat' dir='ltr'><strong>Scae·</strong></span> 
     </span>
    </p>

    <p class='ocr_par' dir='ltr' id='par_1_9' title="bbox 54 1169 1118 1323">
     <span class='ocr_line' id='line_1_12' title="bbox 54 1169 1118 1323; baseline 0.006 -27"><span class='ocrx_word' id='word_1_89' title='bbox 54 1169 146 1298; x_wconf 68' lang='lat' dir='ltr'><strong>scola.</strong></span> <span class='ocrx_word' id='word_1_90' title='bbox 192 1234 351 1313; x_wconf 82' lang='lat' dir='ltr'><strong>Dictator,</strong></span> <span class='ocrx_word' id='word_1_91' title='bbox 369 1236 483 1301; x_wconf 85' lang='lat' dir='ltr'><strong>creatis</strong></span> <span class='ocrx_word' id='word_1_92' title='bbox 502 1236 744 1323; x_wconf 88' lang='lat' dir='ltr'><strong>magistratibus,</strong></span> <span class='ocrx_word' id='word_1_93' title='bbox 766 1237 912 1302; x_wconf 87' lang='lat' dir='ltr'><strong>Teanum</strong></span> <span class='ocrx_word' id='word_1_94' title='bbox 933 1238 966 1301; x_wconf 91' lang='lat' dir='ltr'><strong>in</strong></span> <span class='ocrx_word' id='word_1_95' title='bbox 985 1238 1118 1302; x_wconf 89' lang='lat' dir='ltr'><strong>hiberna</strong></span> 
     </span>
    </p>

    <p class='ocr_par' dir='ltr' id='par_1_10' title="bbox 74 1319 1116 1411">
     <span class='ocr_line' id='line_1_13' title="bbox 74 1319 1116 1411; baseline 0.003 -28"><span class='ocrx_word' id='word_1_96' title='bbox 74 1319 111 1383; x_wconf 91' lang='lat' dir='ltr'><strong>sd</strong></span> <span class='ocrx_word' id='word_1_97' title='bbox 125 1322 299 1386; x_wconf 85' lang='lat' dir='ltr'><strong>exercitum</strong></span> <span class='ocrx_word' id='word_1_98' title='bbox 314 1321 419 1400; x_wconf 90' lang='lat' dir='ltr'><strong>rediit,</strong></span> <span class='ocrx_word' id='word_1_99' title='bbox 434 1322 545 1388; x_wconf 89' lang='lat' dir='ltr'><strong>relicto</strong></span> <span class='ocrx_word' id='word_1_100' title='bbox 559 1323 707 1409; x_wconf 85' lang='lat' dir='ltr'><strong>magistro</strong></span> <span class='ocrx_word' id='word_1_101' title='bbox 722 1323 866 1410; x_wconf 93' lang='lat' dir='ltr'><strong>equitum</strong></span> <span class='ocrx_word' id='word_1_102' title='bbox 883 1322 1025 1388; x_wconf 78' lang='lat' dir='ltr'><strong>Romaez</strong></span> <span class='ocrx_word' id='word_1_103' title='bbox 1050 1325 1116 1411; x_wconf 88' lang='lat' dir='ltr'><strong>qni,</strong></span> 
     </span>
    </p>

    <p class='ocr_par' dir='ltr' id='par_1_11' title="bbox 74 1407 1117 1504">
     <span class='ocr_line' id='line_1_14' title="bbox 74 1407 1117 1504; baseline 0.004 -36"><span class='ocrx_word' id='word_1_104' title='bbox 74 1427 167 1504; x_wconf 89' lang='lat' dir='ltr'><strong>quum</strong></span> <span class='ocrx_word' id='word_1_105' title='bbox 178 1421 252 1496; x_wconf 93' lang='lat' dir='ltr'><strong>post</strong></span> <span class='ocrx_word' id='word_1_106' title='bbox 260 1430 377 1495; x_wconf 90' lang='lat' dir='ltr'><strong>paucos</strong></span> <span class='ocrx_word' id='word_1_107' title='bbox 388 1407 457 1473; x_wconf 82' lang='lat' dir='ltr'><strong>dier</strong></span> <span class='ocrx_word' id='word_1_108' title='bbox 468 1431 500 1472; x_wconf 90' lang='grc' dir='ltr'><strong>ιιι</strong></span> <span class='ocrx_word' id='word_1_109' title='bbox 542 1409 685 1474; x_wconf 88' lang='lat' dir='ltr'><strong>istratum</strong></span> <span class='ocrx_word' id='word_1_110' title='bbox 694 1409 831 1474; x_wconf 90' lang='lat' dir='ltr'><strong>initurus</strong></span> <span class='ocrx_word' id='word_1_111' title='bbox 839 1422 932 1487; x_wconf 86' lang='lat' dir='ltr'><strong>essct,</strong></span> <span class='ocrx_word' id='word_1_112' title='bbox 942 1409 984 1475; x_wconf 92' lang='lat' dir='ltr'><strong>de</strong></span> <span class='ocrx_word' id='word_1_113' title='bbox 995 1410 1117 1474; x_wconf 87' lang='lat' dir='ltr'><strong>exerci-</strong></span> 
     </span>
    </p>

    <p class='ocr_par' dir='ltr' id='par_1_12' title="bbox 75 1431 1116 1668">
     <span class='ocr_line' id='line_1_15' title="bbox 75 1431 1115 1583; baseline 0.005 -29"><span class='ocrx_word' id='word_1_114' title='bbox 75 1492 154 1556; x_wconf 74' lang='lat' dir='ltr'><strong>tibus</strong></span> <span class='ocrx_word' id='word_1_115' title='bbox 162 1494 337 1560; x_wconf 85' lang='lat' dir='ltr'><strong>scribendis</strong></span> <span class='ocrx_word' id='word_1_116' title='bbox 346 1431 802 1583; x_wconf 72' lang='lat' dir='ltr'><strong>comparaddisqueinannum</strong></span> <span class='ocrx_word' id='word_1_117' title='bbox 812 1495 1115 1561; x_wconf 88' lang='lat' dir='ltr'><strong>Patresconsuleret.</strong></span> 
     </span>
     <span class='ocr_line' id='line_1_16' title="bbox 116 1578 1116 1668; baseline 0.002 -24"><span class='ocrx_word' id='word_1_118' title='bbox 116 1578 224 1654; x_wconf 84' lang='lat' dir='ltr'><strong>Quum</strong></span> <span class='ocrx_word' id='word_1_119' title='bbox 240 1603 296 1645; x_wconf 87' lang='lat' dir='ltr'><strong>eae</strong></span> <span class='ocrx_word' id='word_1_120' title='bbox 316 1603 366 1646; x_wconf 89' lang='lat' dir='ltr'><strong>res</strong></span> <span class='ocrx_word' id='word_1_121' title='bbox 381 1583 519 1646; x_wconf 87' lang='lat' dir='ltr'><strong>maxime</strong></span> <span class='ocrx_word' id='word_1_122' title='bbox 540 1594 718 1668; x_wconf 73' lang='lat' dir='ltr'><strong>agerentur,</strong></span> <span class='ocrx_word' id='word_1_123' title='bbox 733 1603 816 1648; x_wconf 88' lang='lat' dir='ltr'><strong>nova</strong></span> <span class='ocrx_word' id='word_1_124' title='bbox 834 1581 940 1648; x_wconf 86' lang='lat' dir='ltr'><strong>clades</strong></span> <span class='ocrx_word' id='word_1_125' title='bbox 961 1583 1116 1660; x_wconf 87' lang='lat' dir='ltr'><strong>nuntiata,</strong></span> 
     </span>
    </p>

    <p class='ocr_par' dir='ltr' id='par_1_13' title="bbox 74 1661 1256 1755">
     <span class='ocr_line' id='line_1_17' title="bbox 74 1661 1256 1755; baseline 0.008 -30"><span class='ocrx_word' id='word_1_126' title='bbox 74 1661 162 1729; x_wconf 87' lang='lat' dir='ltr'><strong>aliam</strong></span> <span class='ocrx_word' id='word_1_127' title='bbox 173 1689 270 1754; x_wconf 89' lang='lat' dir='ltr'><strong>super</strong></span> <span class='ocrx_word' id='word_1_128' title='bbox 280 1667 374 1732; x_wconf 85' lang='lat' dir='ltr'><strong>aliam</strong></span> <span class='ocrx_word' id='word_1_129' title='bbox 384 1666 567 1732; x_wconf 89' lang='lat' dir='ltr'><strong>cumulante</strong></span> <span class='ocrx_word' id='word_1_130' title='bbox 579 1667 611 1731; x_wconf 91' lang='lat' dir='ltr'><strong>in</strong></span> <span class='ocrx_word' id='word_1_131' title='bbox 622 1689 696 1732; x_wconf 91' lang='lat' dir='ltr'><strong>eum</strong></span> <span class='ocrx_word' id='word_1_132' title='bbox 708 1689 828 1732; x_wconf 89' lang='lat' dir='ltr'><strong>annum</strong></span> <span class='ocrx_word' id='word_1_133' title='bbox 837 1669 980 1734; x_wconf 81' lang='lat' dir='ltr'><strong>fortuna:</strong></span> <span class='ocrx_word' id='word_1_134' title='bbox 1005 1669 1043 1734; x_wconf 79' lang='lat' dir='ltr'>L</span> <span class='ocrx_word' id='word_1_135' title='bbox 1054 1668 1118 1734; x_wconf 92' lang='lat' dir='ltr'><strong>Po·</strong></span> <span class='ocrx_word' id='word_1_136' title='bbox 1127 1677 1159 1755; x_wconf 57' lang='lat' dir='ltr'><strong>b</strong></span> <span class='ocrx_word' id='word_1_137' title='bbox 1169 1678 1256 1727; x_wconf 78' lang='lat' dir='ltr'><strong>Postu·</strong></span> 
     </span>
    </p>

    <p class='ocr_par' dir='ltr' id='par_1_14' title="bbox 54 1743 1257 1854">
     <span class='ocr_line' id='line_1_18' title="bbox 54 1743 1257 1854; baseline 0.007 -44"><span class='ocrx_word' id='word_1_138' title='bbox 54 1753 229 1830; x_wconf 75' lang='lat' dir='ltr'><strong>sonnium,</strong></span> <span class='ocrx_word' id='word_1_139' title='bbox 245 1754 409 1820; x_wconf 89' lang='lat' dir='ltr'><strong>consulem</strong></span> <span class='ocrx_word' id='word_1_140' title='bbox 423 1754 633 1840; x_wconf 88' lang='lat' dir='ltr'><strong>designatum,</strong></span> <span class='ocrx_word' id='word_1_141' title='bbox 649 1755 683 1817; x_wconf 90' lang='lat' dir='ltr'><strong>in</strong></span> <span class='ocrx_word' id='word_1_142' title='bbox 700 1753 806 1819; x_wconf 86' lang='lat' dir='ltr'><strong>Gallia</strong></span> <span class='ocrx_word' id='word_1_143' title='bbox 825 1756 930 1842; x_wconf 91' lang='lat' dir='ltr'><strong>ipsum</strong></span> <span class='ocrx_word' id='word_1_144' title='bbox 950 1768 1045 1842; x_wconf 89' lang='lat' dir='ltr'><strong>atque</strong></span> <span class='ocrx_word' id='word_1_145' title='bbox 1061 1779 1118 1821; x_wconf 86' lang='lat' dir='ltr'><strong>ex·</strong></span> <span class='ocrx_word' id='word_1_146' title='bbox 1126 1807 1141 1854; x_wconf 68' lang='lat' dir='ltr'>d</span> <span class='ocrx_word' id='word_1_147' title='bbox 1152 1758 1190 1818; x_wconf 61' lang='lat'><strong>¹¹3⁸</strong></span> <span class='ocrx_word' id='word_1_148' title='bbox 1200 1743 1257 1818; x_wconf 63' lang='lat'><strong>9⁰*</strong></span> 
     </span>
    </p>

    <p class='ocr_par' dir='ltr' id='par_1_15' title="bbox 53 1821 1273 1930">
     <span class='ocr_line' id='line_1_19' title="bbox 53 1821 1273 1930; baseline 0.005 -28"><span class='ocrx_word' id='word_1_149' title='bbox 53 1838 200 1904; x_wconf 76' lang='lat' dir='ltr'><strong>tercitum</strong></span> <span class='ocrx_word' id='word_1_150' title='bbox 212 1839 344 1905; x_wconf 77' lang='lat' dir='ltr'><strong>deletos.</strong></span> <span class='ocrx_word' id='word_1_151' title='bbox 393 1839 479 1905; x_wconf 88' lang='lat' dir='ltr'><strong>Silva</strong></span> <span class='ocrx_word' id='word_1_152' title='bbox 487 1855 556 1904; x_wconf 87' lang='lat' dir='ltr'><strong>erat</strong></span> <span class='ocrx_word' id='word_1_153' title='bbox 566 1853 661 1916; x_wconf 87' lang='lat' dir='ltr'><strong>vasta,</strong></span> <span class='ocrx_word' id='word_1_154' title='bbox 672 1837 836 1920; x_wconf 88' lang='lat' dir='ltr'><strong>(Litanam</strong></span> <span class='ocrx_word' id='word_1_155' title='bbox 850 1841 936 1907; x_wconf 89' lang='lat' dir='ltr'><strong>Galli</strong></span> <span class='ocrx_word' id='word_1_156' title='bbox 946 1821 1273 1930; x_wconf 68' lang='lat' dir='ltr'><strong>vocabant)(;⁰,⁸i1⁸·,&#39;,¹¹,¹um</strong></span> 
     </span>
    </p>

    <p class='ocr_par' dir='ltr' id='par_1_16' title="bbox 74 1926 1234 2008">
     <span class='ocr_line' id='line_1_20' title="bbox 74 1926 1234 2008; baseline 0.003 -19"><span class='ocrx_word' id='word_1_157' title='bbox 74 1943 133 2008; x_wconf 89' lang='lat' dir='ltr'><strong>qua</strong></span> <span class='ocrx_word' id='word_1_158' title='bbox 146 1927 322 1991; x_wconf 87' lang='lat' dir='ltr'><strong>exercitum</strong></span> <span class='ocrx_word' id='word_1_159' title='bbox 341 1926 543 1992; x_wconf 86' lang='lat' dir='ltr'><strong>traducturus</strong></span> <span class='ocrx_word' id='word_1_160' title='bbox 557 1939 632 1992; x_wconf 85' lang='lat' dir='ltr'><strong>erat</strong></span> <span class='ocrx_word' id='word_1_161' title='bbox 680 1926 759 1991; x_wconf 91' lang='lat' dir='ltr'><strong>Eius</strong></span> <span class='ocrx_word' id='word_1_162' title='bbox 778 1927 873 1993; x_wconf 86' lang='lat' dir='ltr'><strong>silvae</strong></span> <span class='ocrx_word' id='word_1_163' title='bbox 888 1928 1001 1994; x_wconf 87' lang='lat' dir='ltr'><strong>dextra</strong></span> <span class='ocrx_word' id='word_1_164' title='bbox 1014 1929 1234 1994; x_wconf 67' lang='lat' dir='ltr'><strong>laeva-exercitu</strong></span> 
     </span>
    </p>

    <p class='ocr_par' dir='ltr' id='par_1_17' title="bbox 74 1999 1227 2095">
     <span class='ocr_line' id='line_1_21' title="bbox 74 1999 1227 2095; baseline 0.005 -21"><span class='ocrx_word' id='word_1_165' title='bbox 74 2031 132 2095; x_wconf 91' lang='lat' dir='ltr'><strong>que</strong></span> <span class='ocrx_word' id='word_1_166' title='bbox 147 2012 230 2078; x_wconf 90' lang='lat' dir='ltr'><strong>circa</strong></span> <span class='ocrx_word' id='word_1_167' title='bbox 245 2013 328 2077; x_wconf 88' lang='lat' dir='ltr'><strong>viam</strong></span> <span class='ocrx_word' id='word_1_168' title='bbox 340 2011 426 2078; x_wconf 85' lang='lat' dir='ltr'><strong>Galli</strong></span> <span class='ocrx_word' id='word_1_169' title='bbox 440 2014 567 2078; x_wconf 88' lang='lat' dir='ltr'><strong>arbores</strong></span> <span class='ocrx_word' id='word_1_170' title='bbox 580 2013 626 2077; x_wconf 85' lang='lat' dir='ltr'><strong>ita</strong></span> <span class='ocrx_word' id='word_1_171' title='bbox 637 2013 824 2090; x_wconf 86' lang='lat' dir='ltr'><strong>inciderant,</strong></span> <span class='ocrx_word' id='word_1_172' title='bbox 841 2027 877 2078; x_wconf 94' lang='lat' dir='ltr'><strong>ut</strong></span> <span class='ocrx_word' id='word_1_173' title='bbox 891 2015 1040 2079; x_wconf 89' lang='lat' dir='ltr'><strong>immotae</strong></span> <span class='ocrx_word' id='word_1_174' title='bbox 1055 2029 1117 2080; x_wconf 92' lang='lat' dir='ltr'><strong>sta-</strong></span> <span class='ocrx_word' id='word_1_175' title='bbox 1125 1999 1227 2048; x_wconf 67' lang='lat' dir='ltr'><strong>‘³⁰¹⁰lu’·</strong></span> 
     </span>
    </p>

    <p class='ocr_par' dir='ltr' id='par_1_18' title="bbox 56 2098 1117 2186">
     <span class='ocr_line' id='line_1_22' title="bbox 56 2098 1117 2186; baseline 0.006 -26"><span class='ocrx_word' id='word_1_176' title='bbox 56 2109 150 2174; x_wconf 84' lang='lat' dir='ltr'><strong>trent,</strong></span> <span class='ocrx_word' id='word_1_177' title='bbox 171 2111 335 2164; x_wconf 89' lang='lat' dir='ltr'><strong>momento</strong></span> <span class='ocrx_word' id='word_1_178' title='bbox 357 2099 419 2164; x_wconf 88' lang='lat' dir='ltr'><strong>levi</strong></span> <span class='ocrx_word' id='word_1_179' title='bbox 441 2098 595 2186; x_wconf 88' lang='lat' dir='ltr'><strong>impulsae</strong></span> <span class='ocrx_word' id='word_1_180' title='bbox 622 2098 811 2163; x_wconf 90' lang='lat' dir='ltr'><strong>occiderent</strong></span> <span class='ocrx_word' id='word_1_181' title='bbox 857 2100 1017 2186; x_wconf 77' lang='lat' dir='ltr'><strong>Legiones</strong></span> <span class='ocrx_word' id='word_1_182' title='bbox 1039 2101 1117 2166; x_wconf 89' lang='lat' dir='ltr'><strong>duas</strong></span> 
     </span>
    </p>

    <p class='ocr_par' dir='ltr' id='par_1_19' title="bbox 75 2179 1117 2273">
     <span class='ocr_line' id='line_1_23' title="bbox 75 2179 1117 2273; baseline 0.006 -28"><span class='ocrx_word' id='word_1_183' title='bbox 75 2179 230 2251; x_wconf 86' lang='lat' dir='ltr'><strong>Romanas</strong></span> <span class='ocrx_word' id='word_1_184' title='bbox 252 2185 390 2251; x_wconf 86' lang='lat' dir='ltr'><strong>habebat</strong></span> <span class='ocrx_word' id='word_1_185' title='bbox 412 2185 605 2261; x_wconf 88' lang='lat' dir='ltr'><strong>Postumius,</strong></span> <span class='ocrx_word' id='word_1_186' title='bbox 626 2184 813 2272; x_wconf 83' lang='lat' dir='ltr'><strong>sociquue</strong></span> <span class='ocrx_word' id='word_1_187' title='bbox 837 2186 877 2250; x_wconf 90' lang='lat' dir='ltr'><strong>ab</strong></span> <span class='ocrx_word' id='word_1_188' title='bbox 902 2208 1017 2273; x_wconf 87' lang='lat' dir='ltr'><strong>supero</strong></span> <span class='ocrx_word' id='word_1_189' title='bbox 1039 2189 1117 2251; x_wconf 90' lang='lat' dir='ltr'><strong>mari</strong></span> 
     </span>
    </p>

    <p class='ocr_par' dir='ltr' id='par_1_20' title="bbox 73 2271 1116 2360">
     <span class='ocr_line' id='line_1_24' title="bbox 73 2271 1116 2360; baseline 0.006 -28"><span class='ocrx_word' id='word_1_190' title='bbox 73 2279 190 2335; x_wconf 83' lang='lat' dir='ltr'><strong>trnbnn</strong></span> <span class='ocrx_word' id='word_1_191' title='bbox 210 2273 448 2360; x_wconf 86' lang='lat' dir='ltr'><strong>conscripserat,</strong></span> <span class='ocrx_word' id='word_1_192' title='bbox 465 2283 502 2338; x_wconf 90' lang='lat' dir='ltr'><strong>ut</strong></span> <span class='ocrx_word' id='word_1_193' title='bbox 520 2271 790 2358; x_wconf 84' lang='lat' dir='ltr'><strong>vigintiquinque</strong></span> <span class='ocrx_word' id='word_1_194' title='bbox 811 2271 911 2336; x_wconf 92' lang='lat' dir='ltr'><strong>millia</strong></span> <span class='ocrx_word' id='word_1_195' title='bbox 924 2288 1116 2338; x_wconf 88' lang='lat' dir='ltr'><strong>armatorum</strong></span> 
     </span>
    </p>

    <p class='ocr_par' dir='ltr' id='par_1_21' title="bbox 73 2352 1115 2444">
     <span class='ocr_line' id='line_1_25' title="bbox 73 2352 1115 2444; baseline 0.006 -27"><span class='ocrx_word' id='word_1_196' title='bbox 73 2352 104 2417; x_wconf 90' lang='lat' dir='ltr'><strong>in</strong></span> <span class='ocrx_word' id='word_1_197' title='bbox 128 2379 218 2444; x_wconf 77' lang='lat' dir='ltr'><strong>agros</strong></span> <span class='ocrx_word' id='word_1_198' title='bbox 241 2358 379 2423; x_wconf 90' lang='lat' dir='ltr'><strong>hostium</strong></span> <span class='ocrx_word' id='word_1_199' title='bbox 401 2358 573 2423; x_wconf 79' lang='lat' dir='ltr'><strong>induxerit.</strong></span> <span class='ocrx_word' id='word_1_200' title='bbox 621 2355 708 2422; x_wconf 87' lang='lat' dir='ltr'><strong>Galli</strong></span> <span class='ocrx_word' id='word_1_201' title='bbox 727 2379 815 2422; x_wconf 89' lang='lat' dir='ltr'><strong>oram</strong></span> <span class='ocrx_word' id='word_1_202' title='bbox 837 2371 997 2423; x_wconf 86' lang='lat' dir='ltr'><strong>extremae</strong></span> <span class='ocrx_word' id='word_1_203' title='bbox 1019 2358 1115 2424; x_wconf 86' lang='lat' dir='ltr'><strong>silvae</strong></span> 
     </span>
    </p>

    <p class='ocr_par' dir='ltr' id='par_1_22' title="bbox 71 2443 1116 2532">
     <span class='ocr_line' id='line_1_26' title="bbox 71 2443 1116 2532; baseline 0.004 -26"><span class='ocrx_word' id='word_1_204' title='bbox 71 2461 165 2525; x_wconf 92' lang='lat' dir='ltr'><strong>quum</strong></span> <span class='ocrx_word' id='word_1_205' title='bbox 180 2444 468 2521; x_wconf 88' lang='lat' dir='ltr'><strong>circumsedissent,</strong></span> <span class='ocrx_word' id='word_1_206' title='bbox 484 2445 540 2509; x_wconf 96' lang='lat' dir='ltr'><strong>ubi</strong></span> <span class='ocrx_word' id='word_1_207' title='bbox 559 2443 689 2509; x_wconf 78' lang='lat' dir='ltr'><strong>intrarit</strong></span> <span class='ocrx_word' id='word_1_208' title='bbox 702 2465 818 2532; x_wconf 88' lang='lat' dir='ltr'><strong>agmen</strong></span> <span class='ocrx_word' id='word_1_209' title='bbox 833 2444 958 2522; x_wconf 88' lang='lat' dir='ltr'><strong>saltum,</strong></span> <span class='ocrx_word' id='word_1_210' title='bbox 975 2457 1044 2510; x_wconf 90' lang='lat' dir='ltr'><strong>tum</strong></span> <span class='ocrx_word' id='word_1_211' title='bbox 1059 2467 1116 2510; x_wconf 87' lang='lat' dir='ltr'><strong>ex·</strong></span> 
     </span>
    </p>

    <p class='ocr_par' dir='ltr' id='par_1_23' title="bbox 71 2529 1114 2618">
     <span class='ocr_line' id='line_1_27' title="bbox 71 2529 1114 2618; baseline 0.004 -26"><span class='ocrx_word' id='word_1_212' title='bbox 71 2537 178 2594; x_wconf 86' lang='lat' dir='ltr'><strong>tremas</strong></span> <span class='ocrx_word' id='word_1_213' title='bbox 191 2531 342 2596; x_wconf 86' lang='lat' dir='ltr'><strong>arborum</strong></span> <span class='ocrx_word' id='word_1_214' title='bbox 357 2530 547 2596; x_wconf 88' lang='lat' dir='ltr'><strong>succisarum</strong></span> <span class='ocrx_word' id='word_1_215' title='bbox 568 2529 753 2618; x_wconf 85' lang='lat' dir='ltr'><strong>impellunt:</strong></span> <span class='ocrx_word' id='word_1_216' title='bbox 778 2553 870 2618; x_wconf 91' lang='lat' dir='ltr'><strong>quae,</strong></span> <span class='ocrx_word' id='word_1_217' title='bbox 886 2531 948 2596; x_wconf 89' lang='lat' dir='ltr'><strong>alia</strong></span> <span class='ocrx_word' id='word_1_218' title='bbox 961 2531 996 2596; x_wconf 89' lang='lat' dir='ltr'><strong>in</strong></span> <span class='ocrx_word' id='word_1_219' title='bbox 1011 2531 1114 2608; x_wconf 89' lang='lat' dir='ltr'><strong>aliam,</strong></span> 
     </span>
    </p>

    <p class='ocr_par' dir='ltr' id='par_1_24' title="bbox 50 2611 1114 2706">
     <span class='ocr_line' id='line_1_28' title="bbox 50 2611 1114 2706; baseline 0.004 -28"><span class='ocrx_word' id='word_1_220' title='bbox 50 2611 244 2683; x_wconf 70' lang='lat' dir='ltr'><strong>sanabilem</strong></span> <span class='ocrx_word' id='word_1_221' title='bbox 267 2639 325 2704; x_wconf 92' lang='lat' dir='ltr'><strong>per</strong></span> <span class='ocrx_word' id='word_1_222' title='bbox 343 2639 377 2682; x_wconf 89' lang='lat' dir='ltr'><strong>se</strong></span> <span class='ocrx_word' id='word_1_223' title='bbox 397 2639 434 2682; x_wconf 83' lang='lat' dir='ltr'><strong>aa</strong></span> <span class='ocrx_word' id='word_1_224' title='bbox 456 2617 538 2682; x_wconf 89' lang='lat' dir='ltr'><strong>male</strong></span> <span class='ocrx_word' id='word_1_225' title='bbox 562 2617 757 2696; x_wconf 77' lang='lat' dir='ltr'><strong>haerentem,</strong></span> <span class='ocrx_word' id='word_1_226' title='bbox 777 2618 964 2696; x_wconf 87' lang='lat' dir='ltr'><strong>incidentes,</strong></span> <span class='ocrx_word' id='word_1_227' title='bbox 983 2619 1114 2706; x_wconf 88' lang='lat' dir='ltr'><strong>ancipiti</strong></span> 
     </span>
    </p>

    <p class='ocr_par' dir='ltr' id='par_1_25' title="bbox 71 2703 1114 2790">
     <span class='ocr_line' id='line_1_29' title="bbox 71 2703 1114 2790; baseline 0.001 -21"><span class='ocrx_word' id='word_1_228' title='bbox 71 2711 167 2789; x_wconf 70' lang='lat' dir='ltr'><strong>strage</strong></span> <span class='ocrx_word' id='word_1_229' title='bbox 181 2725 281 2782; x_wconf 87' lang='lat' dir='ltr'><strong>arma,</strong></span> <span class='ocrx_word' id='word_1_230' title='bbox 297 2703 388 2780; x_wconf 85' lang='lat' dir='ltr'><strong>viros,</strong></span> <span class='ocrx_word' id='word_1_231' title='bbox 404 2725 503 2790; x_wconf 89' lang='lat' dir='ltr'><strong>equos</strong></span> <span class='ocrx_word' id='word_1_232' title='bbox 517 2705 700 2781; x_wconf 86' lang='lat' dir='ltr'><strong>obruerunt,</strong></span> <span class='ocrx_word' id='word_1_233' title='bbox 717 2718 754 2768; x_wconf 90' lang='lat' dir='ltr'><strong>ut</strong></span> <span class='ocrx_word' id='word_1_234' title='bbox 772 2703 827 2769; x_wconf 78' lang='lat' dir='ltr'><strong>rix</strong></span> <span class='ocrx_word' id='word_1_235' title='bbox 842 2704 953 2770; x_wconf 90' lang='lat' dir='ltr'><strong>decem</strong></span> <span class='ocrx_word' id='word_1_236' title='bbox 968 2705 1114 2770; x_wconf 90' lang='lat' dir='ltr'><strong>homines</strong></span> 
     </span>
    </p>

    <p class='ocr_par' dir='ltr' id='par_1_26' title="bbox 71 2786 1113 2877">
     <span class='ocr_line' id='line_1_30' title="bbox 71 2786 1113 2877; baseline 0.002 -23"><span class='ocrx_word' id='word_1_237' title='bbox 71 2786 252 2874; x_wconf 70' lang='lat' dir='ltr'><strong>elligerent</strong></span> <span class='ocrx_word' id='word_1_238' title='bbox 298 2789 383 2854; x_wconf 89' lang='lat' dir='ltr'><strong>Nam</strong></span> <span class='ocrx_word' id='word_1_239' title='bbox 395 2812 495 2877; x_wconf 91' lang='lat' dir='ltr'><strong>quum</strong></span> <span class='ocrx_word' id='word_1_240' title='bbox 507 2789 680 2856; x_wconf 89' lang='lat' dir='ltr'><strong>exanimati</strong></span> <span class='ocrx_word' id='word_1_241' title='bbox 691 2790 835 2877; x_wconf 87' lang='lat' dir='ltr'><strong>plerique</strong></span> <span class='ocrx_word' id='word_1_242' title='bbox 847 2805 953 2856; x_wconf 90' lang='lat' dir='ltr'><strong>essent</strong></span> <span class='ocrx_word' id='word_1_243' title='bbox 966 2793 1113 2857; x_wconf 87' lang='lat' dir='ltr'><strong>arborum</strong></span> 
     </span>
    </p>

    <p class='ocr_par' dir='ltr' id='par_1_27' title="bbox 72 2875 1114 2966">
     <span class='ocr_line' id='line_1_31' title="bbox 72 2875 1114 2966; baseline 0.006 -30"><span class='ocrx_word' id='word_1_244' title='bbox 72 2876 183 2940; x_wconf 88' lang='lat' dir='ltr'><strong>truncis</strong></span> <span class='ocrx_word' id='word_1_245' title='bbox 203 2875 452 2964; x_wconf 84' lang='lat' dir='ltr'><strong>fragmentisque</strong></span> <span class='ocrx_word' id='word_1_246' title='bbox 474 2897 643 2952; x_wconf 91' lang='lat' dir='ltr'><strong>ramorum,</strong></span> <span class='ocrx_word' id='word_1_247' title='bbox 662 2890 801 2942; x_wconf 90' lang='lat' dir='ltr'><strong>ceteram</strong></span> <span class='ocrx_word' id='word_1_248' title='bbox 821 2899 949 2966; x_wconf 87' lang='lat' dir='ltr'><strong>quoque</strong></span> <span class='ocrx_word' id='word_1_249' title='bbox 970 2878 1114 2942; x_wconf 90' lang='lat' dir='ltr'><strong>multitu·</strong></span> 
     </span>
    </p>

    <p class='ocr_par' dir='ltr' id='par_1_28' title="bbox 71 2953 1114 3048">
     <span class='ocr_line' id='line_1_32' title="bbox 71 2953 1114 3048; baseline 0.006 -26"><span class='ocrx_word' id='word_1_250' title='bbox 71 2953 182 3040; x_wconf 90' lang='lat' dir='ltr'><strong>dinem,</strong></span> <span class='ocrx_word' id='word_1_251' title='bbox 198 2961 364 3048; x_wconf 89' lang='lat' dir='ltr'><strong>inopinato</strong></span> <span class='ocrx_word' id='word_1_252' title='bbox 379 2959 464 3027; x_wconf 88' lang='lat' dir='ltr'><strong>malo</strong></span> <span class='ocrx_word' id='word_1_253' title='bbox 482 2974 529 3027; x_wconf 88' lang='lat' dir='ltr'><strong>tre</strong></span> <span class='ocrx_word' id='word_1_254' title='bbox 553 2962 648 3039; x_wconf 89' lang='lat' dir='ltr'><strong>idam,</strong></span> <span class='ocrx_word' id='word_1_255' title='bbox 672 2961 767 3041; x_wconf 83' lang='lat' dir='ltr'><strong>Galli,</strong></span> <span class='ocrx_word' id='word_1_256' title='bbox 786 2962 900 3028; x_wconf 85' lang='lat' dir='ltr'><strong>saltum</strong></span> <span class='ocrx_word' id='word_1_257' title='bbox 915 2985 1044 3028; x_wconf 90' lang='lat' dir='ltr'><strong>omnem</strong></span> <span class='ocrx_word' id='word_1_258' title='bbox 1064 2985 1114 3028; x_wconf 89' lang='lat' dir='ltr'><strong>ar·</strong></span> 
     </span>
    </p>

    <p class='ocr_par' dir='ltr' id='par_1_29' title="bbox 71 3045 1113 3135">
     <span class='ocr_line' id='line_1_33' title="bbox 71 3045 1113 3135; baseline 0.007 -26"><span class='ocrx_word' id='word_1_259' title='bbox 71 3045 141 3109; x_wconf 78' lang='lat' dir='ltr'><strong>nati</strong></span> <span class='ocrx_word' id='word_1_260' title='bbox 154 3047 432 3125; x_wconf 86' lang='lat' dir='ltr'><strong>circumsedentes,</strong></span> <span class='ocrx_word' id='word_1_261' title='bbox 447 3049 514 3113; x_wconf 91' lang='lat' dir='ltr'><strong>inte</strong></span> <span class='ocrx_word' id='word_1_262' title='bbox 543 3063 696 3126; x_wconf 81' lang='lat' dir='ltr'><strong>ecerunt3</strong></span> <span class='ocrx_word' id='word_1_263' title='bbox 719 3049 828 3135; x_wconf 86' lang='lat' dir='ltr'><strong>paucis</strong></span> <span class='ocrx_word' id='word_1_264' title='bbox 842 3073 860 3114; x_wconf 92' lang='lat' dir='ltr'><strong>e</strong></span> <span class='ocrx_word' id='word_1_265' title='bbox 875 3063 964 3116; x_wconf 89' lang='lat' dir='ltr'><strong>tanto</strong></span> <span class='ocrx_word' id='word_1_266' title='bbox 979 3071 1113 3116; x_wconf 90' lang='lat' dir='ltr'><strong>numero</strong></span> 
     </span>
    </p>

    <p class='ocr_par' dir='ltr' id='par_1_30' title="bbox 72 3132 1112 3222">
     <span class='ocr_line' id='line_1_34' title="bbox 72 3132 1112 3222; baseline 0.003 -25"><span class='ocrx_word' id='word_1_267' title='bbox 72 3132 173 3216; x_wconf 75' lang='lat' dir='ltr'><strong>captis,</strong></span> <span class='ocrx_word' id='word_1_268' title='bbox 205 3135 272 3221; x_wconf 94' lang='lat' dir='ltr'><strong>qui,</strong></span> <span class='ocrx_word' id='word_1_269' title='bbox 302 3134 443 3199; x_wconf 90' lang='lat' dir='ltr'><strong>fluminis</strong></span> <span class='ocrx_word' id='word_1_270' title='bbox 471 3147 603 3222; x_wconf 90' lang='lat' dir='ltr'><strong>pontem</strong></span> <span class='ocrx_word' id='word_1_271' title='bbox 676 3147 787 3212; x_wconf 87' lang='lat' dir='ltr'><strong>tentes,</strong></span> <span class='ocrx_word' id='word_1_272' title='bbox 814 3136 941 3200; x_wconf 89' lang='lat' dir='ltr'><strong>obsesso</strong></span> <span class='ocrx_word' id='word_1_273' title='bbox 969 3147 1043 3200; x_wconf 85' lang='lat' dir='ltr'><strong>ante</strong></span> <span class='ocrx_word' id='word_1_274' title='bbox 1072 3138 1112 3201; x_wconf 93' lang='lat' dir='ltr'><strong>ab</strong></span> 
     </span>
    </p>

    <p class='ocr_par' dir='ltr' id='par_1_31' title="bbox 70 3210 1111 3307">
     <span class='ocr_line' id='line_1_35' title="bbox 70 3210 1111 3307; baseline 0.005 -26"><span class='ocrx_word' id='word_1_275' title='bbox 70 3210 206 3285; x_wconf 87' lang='lat' dir='ltr'><strong>hostibus</strong></span> <span class='ocrx_word' id='word_1_276' title='bbox 220 3234 318 3307; x_wconf 89' lang='lat' dir='ltr'><strong>ponte</strong></span> <span class='ocrx_word' id='word_1_277' title='bbox 332 3219 495 3286; x_wconf 84' lang='lat' dir='ltr'><strong>interclusi</strong></span> <span class='ocrx_word' id='word_1_278' title='bbox 509 3235 592 3286; x_wconf 84' lang='lat' dir='ltr'><strong>sunt</strong></span> <span class='ocrx_word' id='word_1_279' title='bbox 677 3221 687 3284; x_wconf 93' lang='lat' dir='ltr'><strong>i</strong></span> <span class='ocrx_word' id='word_1_280' title='bbox 703 3219 896 3298; x_wconf 91' lang='lat' dir='ltr'><strong>Postumius,</strong></span> <span class='ocrx_word' id='word_1_281' title='bbox 912 3221 999 3285; x_wconf 91' lang='lat' dir='ltr'><strong>omni</strong></span> <span class='ocrx_word' id='word_1_282' title='bbox 1013 3221 1054 3298; x_wconf 87' lang='lat' dir='ltr'><strong>vi,</strong></span> <span class='ocrx_word' id='word_1_283' title='bbox 1071 3244 1111 3286; x_wconf 88' lang='lat' dir='ltr'><strong>ne</strong></span> 
     </span>
    </p>

    <p class='ocr_par' dir='ltr' id='par_1_32' title="bbox 70 3305 1111 3394">
     <span class='ocr_line' id='line_1_36' title="bbox 70 3305 1111 3394; baseline 0.002 -24"><span class='ocrx_word' id='word_1_284' title='bbox 70 3320 238 3387; x_wconf 76' lang='lat' dir='ltr'><strong>caperetur,</strong></span> <span class='ocrx_word' id='word_1_285' title='bbox 264 3305 428 3384; x_wconf 89' lang='lat' dir='ltr'><strong>dimicans,</strong></span> <span class='ocrx_word' id='word_1_286' title='bbox 453 3307 610 3372; x_wconf 81' lang='lat' dir='ltr'><strong>occubuit.</strong></span> <span class='ocrx_word' id='word_1_287' title='bbox 659 3307 768 3393; x_wconf 88' lang='lat' dir='ltr'><strong>Spolia</strong></span> <span class='ocrx_word' id='word_1_288' title='bbox 790 3329 828 3370; x_wconf 95' lang='lat' dir='ltr'><strong>co</strong></span> <span class='ocrx_word' id='word_1_289' title='bbox 887 3306 929 3371; x_wconf 92' lang='lat' dir='ltr'><strong>ris</strong></span> <span class='ocrx_word' id='word_1_290' title='bbox 952 3319 1111 3394; x_wconf 90' lang='lat' dir='ltr'><strong>caputque</strong></span> 
     </span>
    </p>

    <p class='ocr_par' dir='ltr' id='par_1_33' title="bbox 70 3382 1110 3480">
     <span class='ocr_line' id='line_1_37' title="bbox 70 3382 1110 3480; baseline 0.003 -26"><span class='ocrx_word' id='word_1_291' title='bbox 70 3382 153 3454; x_wconf 83' lang='lat' dir='ltr'><strong>ducis</strong></span> <span class='ocrx_word' id='word_1_292' title='bbox 173 3392 350 3480; x_wconf 89' lang='lat' dir='ltr'><strong>praecisum</strong></span> <span class='ocrx_word' id='word_1_293' title='bbox 373 3392 446 3457; x_wconf 89' lang='lat' dir='ltr'><strong>Boii</strong></span> <span class='ocrx_word' id='word_1_294' title='bbox 467 3405 598 3458; x_wconf 87' lang='lat' dir='ltr'><strong>ovantes</strong></span> <span class='ocrx_word' id='word_1_295' title='bbox 619 3406 683 3459; x_wconf 87' lang='lat' dir='ltr'><strong>tem</strong></span> <span class='ocrx_word' id='word_1_296' title='bbox 706 3391 748 3469; x_wconf 93' lang='lat' dir='ltr'><strong>lo,</strong></span> <span class='ocrx_word' id='word_1_297' title='bbox 772 3415 815 3478; x_wconf 94' lang='lat' dir='ltr'><strong>qu</strong></span> <span class='ocrx_word' id='word_1_298' title='bbox 880 3392 1110 3468; x_wconf 83' lang='lat' dir='ltr'><strong>sanctissimum</strong></span> 
     </span>
    </p>

    <p class='ocr_par' dir='ltr' id='par_1_34' title="bbox 70 3415 1110 3566">
     <span class='ocr_line' id='line_1_38' title="bbox 70 3415 1110 3566; baseline 0 -23"><span class='ocrx_word' id='word_1_299' title='bbox 70 3485 113 3536; x_wconf 68' lang='lat' dir='ltr'><strong>eet</strong></span> <span class='ocrx_word' id='word_1_300' title='bbox 126 3478 210 3564; x_wconf 81' lang='lat' dir='ltr'><strong>apud</strong></span> <span class='ocrx_word' id='word_1_301' title='bbox 225 3501 288 3556; x_wconf 89' lang='lat' dir='ltr'><strong>eos,</strong></span> <span class='ocrx_word' id='word_1_302' title='bbox 300 3477 445 3544; x_wconf 89' lang='lat' dir='ltr'><strong>intulere.</strong></span> <span class='ocrx_word' id='word_1_303' title='bbox 490 3478 631 3566; x_wconf 88' lang='lat' dir='ltr'><strong>Purgato</strong></span> <span class='ocrx_word' id='word_1_304' title='bbox 646 3415 722 3542; x_wconf 77' lang='lat' dir='ltr'><strong>inde</strong></span> <span class='ocrx_word' id='word_1_305' title='bbox 737 3479 851 3566; x_wconf 81' lang='lat' dir='ltr'><strong>capite,</strong></span> <span class='ocrx_word' id='word_1_306' title='bbox 866 3491 903 3543; x_wconf 90' lang='lat' dir='ltr'><strong>ut</strong></span> <span class='ocrx_word' id='word_1_307' title='bbox 918 3478 1038 3542; x_wconf 91' lang='lat' dir='ltr'><strong>mosiis</strong></span> <span class='ocrx_word' id='word_1_308' title='bbox 1053 3493 1110 3557; x_wconf 89' lang='lat' dir='ltr'><strong>eet,</strong></span> 
     </span>
    </p>

    <p class='ocr_par' dir='ltr' id='par_1_35' title="bbox 70 3557 1111 3652">
     <span class='ocr_line' id='line_1_39' title="bbox 70 3557 1111 3652; baseline 0.005 -28"><span class='ocrx_word' id='word_1_309' title='bbox 70 3557 182 3630; x_wconf 81' lang='lat' dir='ltr'><strong>calvam</strong></span> <span class='ocrx_word' id='word_1_310' title='bbox 196 3587 274 3630; x_wconf 89' lang='lat' dir='ltr'><strong>auro</strong></span> <span class='ocrx_word' id='word_1_311' title='bbox 288 3564 466 3630; x_wconf 86' lang='lat' dir='ltr'><strong>caelavere:</strong></span> <span class='ocrx_word' id='word_1_312' title='bbox 490 3564 589 3652; x_wconf 93' lang='lat' dir='ltr'><strong>idque</strong></span> <span class='ocrx_word' id='word_1_313' title='bbox 609 3586 731 3630; x_wconf 89' lang='lat' dir='ltr'><strong>sacrum</strong></span> <span class='ocrx_word' id='word_1_314' title='bbox 746 3587 800 3629; x_wconf 90' lang='lat' dir='ltr'><strong>vas</strong></span> <span class='ocrx_word' id='word_1_315' title='bbox 819 3564 857 3629; x_wconf 87' lang='lat' dir='ltr'><strong>iis</strong></span> <span class='ocrx_word' id='word_1_316' title='bbox 877 3579 953 3642; x_wconf 90' lang='lat' dir='ltr'><strong>erat,</strong></span> <span class='ocrx_word' id='word_1_317' title='bbox 969 3587 1034 3652; x_wconf 94' lang='lat' dir='ltr'><strong>quo</strong></span> <span class='ocrx_word' id='word_1_318' title='bbox 1048 3565 1111 3630; x_wconf 87' lang='lat' dir='ltr'><strong>sol·</strong></span> 
     </span>
    </p>
   </div>
   <div class='ocr_carea' id='block_1_5' title="bbox 69 3714 1110 4350">
    <p class='ocr_par' dir='ltr' id='par_1_36' title="bbox 69 3714 1110 4156">
     <span class='ocr_line' id='line_1_40' title="bbox 99 3714 1110 3792; baseline 0.006 -32"><span class='ocrx_word' id='word_1_319' title='bbox 99 3715 251 3792; x_wconf 70' lang='lat' dir='ltr'><strong>tl&#39;canum]</strong></span> <span class='ocrx_word' id='word_1_320' title='bbox 267 3716 386 3778; x_wconf 80' lang='lat' dir='ltr'><strong>Apulum.</strong></span> <span class='ocrx_word' id='word_1_321' title='bbox 405 3715 488 3764; x_wconf 68' lang='lat' dir='ltr'><strong>Dosa.</strong></span> <span class='ocrx_word' id='word_1_322' title='bbox 522 3715 570 3763; x_wconf 83' lang='lat' dir='ltr'><strong>Sed</strong></span> <span class='ocrx_word' id='word_1_323' title='bbox 635 3714 782 3764; x_wconf 76' lang='lat' dir='ltr'><strong>filitcnam</strong></span> <span class='ocrx_word' id='word_1_324' title='bbox 801 3717 867 3765; x_wconf 70' lang='lat' dir='ltr'><strong>aaut</strong></span> <span class='ocrx_word' id='word_1_325' title='bbox 888 3717 1019 3776; x_wconf 72' lang='lat' dir='ltr'><strong>amdam]</strong></span> <span class='ocrx_word' id='word_1_326' title='bbox 1043 3715 1110 3766; x_wconf 81' lang='lat' dir='ltr'><strong>Silva</strong></span> 
     </span>
     <span class='ocr_line' id='line_1_41' title="bbox 70 3767 1109 3842; baseline 0.008 -20"><span class='ocrx_word' id='word_1_327' title='bbox 70 3767 173 3825; x_wconf 83' lang='lat' dir='ltr'><strong>Teanum</strong></span> <span class='ocrx_word' id='word_1_328' title='bbox 199 3778 345 3838; x_wconf 76' lang='lat' dir='ltr'><strong>Sidicinum,</strong></span> <span class='ocrx_word' id='word_1_329' title='bbox 366 3779 432 3840; x_wconf 84' lang='lat' dir='ltr'><strong>quod</strong></span> <span class='ocrx_word' id='word_1_330' title='bbox 456 3777 569 3828; x_wconf 83' lang='lat' dir='ltr'><strong>Latinam</strong></span> <span class='ocrx_word' id='word_1_331' title='bbox 603 3779 664 3827; x_wconf 85' lang='lat' dir='ltr'><strong>baec</strong></span> <span class='ocrx_word' id='word_1_332' title='bbox 679 3778 704 3827; x_wconf 87' lang='lat' dir='ltr'><strong>in</strong></span> <span class='ocrx_word' id='word_1_333' title='bbox 719 3778 804 3828; x_wconf 84' lang='lat' dir='ltr'><strong>Galba</strong></span> <span class='ocrx_word' id='word_1_334' title='bbox 818 3779 1042 3842; x_wconf 66' lang='lat' dir='ltr'><strong>cispsdanasupta</strong></span> <span class='ocrx_word' id='word_1_335' title='bbox 1057 3782 1109 3830; x_wconf 81' lang='lat' dir='ltr'><strong>fon-</strong></span> 
     </span>
     <span class='ocr_line' id='line_1_42' title="bbox 71 3833 1108 3916; baseline 0.01 -31"><span class='ocrx_word' id='word_1_336' title='bbox 71 3833 128 3908; x_wconf 71' lang='lat' dir='ltr'><strong>t&#39;iam</strong></span> <span class='ocrx_word' id='word_1_337' title='bbox 145 3841 282 3902; x_wconf 71' lang='lat' dir='ltr'><strong>claudebat,</strong></span> <span class='ocrx_word' id='word_1_338' title='bbox 298 3843 339 3891; x_wconf 84' lang='lat' dir='ltr'><strong>luc</strong></span> <span class='ocrx_word' id='word_1_339' title='bbox 354 3841 424 3891; x_wconf 86' lang='lat' dir='ltr'><strong>innui</strong></span> <span class='ocrx_word' id='word_1_340' title='bbox 437 3843 491 3890; x_wconf 82' lang='lat' dir='ltr'><strong>vult</strong></span> <span class='ocrx_word' id='word_1_341' title='bbox 502 3842 568 3916; x_wconf 81' lang='lat' dir='ltr'><strong>Rup.</strong></span> <span class='ocrx_word' id='word_1_342' title='bbox 602 3842 1108 3895; x_wconf 67' lang='lat' dir='ltr'><strong>tesfluminisSoultennaeintercedente·</strong></span> 
     </span>
     <span class='ocr_line' id='line_1_43' title="bbox 70 3905 1108 3972; baseline 0.006 -19"><span class='ocrx_word' id='word_1_343' title='bbox 70 3910 154 3964; x_wconf 69' lang='lat' dir='ltr'><strong>qmppe</strong></span> <span class='ocrx_word' id='word_1_344' title='bbox 164 3905 273 3954; x_wconf 83' lang='lat' dir='ltr'><strong>Terentii</strong></span> <span class='ocrx_word' id='word_1_345' title='bbox 288 3906 394 3955; x_wconf 74' lang='lat' dir='ltr'><strong>consulis</strong></span> <span class='ocrx_word' id='word_1_346' title='bbox 408 3905 529 3956; x_wconf 86' lang='lat' dir='ltr'><strong>exercitus</strong></span> <span class='ocrx_word' id='word_1_347' title='bbox 543 3920 569 3953; x_wconf 89' lang='lat' dir='ltr'><strong>m</strong></span> <span class='ocrx_word' id='word_1_348' title='bbox 602 3907 1108 3972; x_wconf 63' lang='lat' dir='ltr'><strong>numoppidumetlttutinsmmtumpen-</strong></span> 
     </span>
     <span class='ocr_line' id='line_1_44' title="bbox 70 3961 802 4031; baseline 0.007 -16"><span class='ocrx_word' id='word_1_349' title='bbox 70 3961 155 4024; x_wconf 71' lang='lat' dir='ltr'><strong>Apulia</strong></span> <span class='ocrx_word' id='word_1_350' title='bbox 170 3976 239 4018; x_wconf 84' lang='lat' dir='ltr'><strong>esset.</strong></span> <span class='ocrx_word' id='word_1_351' title='bbox 264 3971 335 4019; x_wconf 60' lang='lat' dir='ltr'><strong>casu</strong></span> <span class='ocrx_word' id='word_1_352' title='bbox 354 3985 372 4018; x_wconf 93' lang='lat' dir='ltr'><strong>r.</strong></span> <span class='ocrx_word' id='word_1_353' title='bbox 384 3969 443 4018; x_wconf 84' lang='lat' dir='ltr'><strong>xxii.</strong></span> <span class='ocrx_word' id='word_1_354' title='bbox 456 3981 495 4031; x_wconf 84' lang='lat'><strong>57.</strong></span> <span class='ocrx_word' id='word_1_355' title='bbox 529 3969 569 4017; x_wconf 92' lang='lat' dir='ltr'><strong>De</strong></span> <span class='ocrx_word' id='word_1_356' title='bbox 601 3969 652 4018; x_wconf 87' lang='lat' dir='ltr'><strong>nini</strong></span> <span class='ocrx_word' id='word_1_357' title='bbox 664 3971 802 4020; x_wconf 80' lang='lat' dir='ltr'><strong>claudebat.</strong></span> 
     </span>
     <span class='ocr_line' id='line_1_45' title="bbox 69 3985 1109 4146; baseline 0.008 -68"><span class='ocrx_word' id='word_1_358' title='bbox 69 4030 227 4132; x_wconf 53' lang='lat' dir='ltr'><strong>lvntgnitudlne</strong></span> <span class='ocrx_word' id='word_1_359' title='bbox 240 4033 319 4082; x_wconf 82' lang='lat' dir='ltr'><strong>Teani</strong></span> <span class='ocrx_word' id='word_1_360' title='bbox 335 3985 436 4082; x_wconf 67' lang='lat' dir='ltr'><strong>didicini</strong></span> <span class='ocrx_word' id='word_1_361' title='bbox 447 4035 478 4082; x_wconf 69' lang='grc' dir='ltr'><strong>σι’.</strong></span> <span class='ocrx_word' id='word_1_362' title='bbox 489 4033 568 4084; x_wconf 75' lang='lat' dir='ltr'><strong>Strab-</strong></span> <span class='ocrx_word' id='word_1_363' title='bbox 634 4045 647 4094; x_wconf 84' lang='lat'><strong>7</strong></span> <span class='ocrx_word' id='word_1_364' title='bbox 663 4037 787 4146; x_wconf 57' lang='lat' dir='ltr'><strong>qsmacpto</strong></span> <span class='ocrx_word' id='word_1_365' title='bbox 796 4037 856 4097; x_wconf 80' lang='lat' dir='ltr'><strong>levi]</strong></span> <span class='ocrx_word' id='word_1_366' title='bbox 876 4035 1109 4100; x_wconf 79' lang='lat' dir='ltr'><strong>lctuleviimpulsae</strong></span> 
     </span>
     <span class='ocr_line' id='line_1_46' title="bbox 83 4105 763 4156; baseline 0.016 -19"><span class='ocrx_word' id='word_1_367' title='bbox 83 4105 151 4156; x_wconf 76' lang='lat'>¹²37·</span> <span class='ocrx_word' id='word_1_368' title='bbox 600 4111 668 4147; x_wconf 86' lang='lat' dir='ltr'><strong>conor</strong></span> <span class='ocrx_word' id='word_1_369' title='bbox 687 4113 763 4148; x_wconf 81' lang='lat' dir='ltr'><strong>eren.</strong></span> 
     </span>
    </p>

    <p class='ocr_par' dir='ltr' id='par_1_37' title="bbox 70 4159 1107 4332">
     <span class='ocr_line' id='line_1_47' title="bbox 99 4159 1107 4225; baseline 0.004 -19"><span class='ocrx_word' id='word_1_370' title='bbox 99 4169 111 4216; x_wconf 86' lang='lat'><strong>5</strong></span> <span class='ocrx_word' id='word_1_371' title='bbox 129 4159 209 4221; x_wconf 74' lang='lat' dir='ltr'><strong>Imm</strong></span> <span class='ocrx_word' id='word_1_372' title='bbox 228 4168 302 4225; x_wconf 71' lang='lat' dir='ltr'><strong>aque</strong></span> <span class='ocrx_word' id='word_1_373' title='bbox 317 4162 450 4211; x_wconf 70' lang='lat' dir='ltr'><strong>mmm</strong></span> <span class='ocrx_word' id='word_1_374' title='bbox 466 4161 566 4222; x_wconf 77' lang='lat' dir='ltr'><strong>deletor]</strong></span> <span class='ocrx_word' id='word_1_375' title='bbox 632 4163 647 4210; x_wconf 89' lang='lat'>8</span> <span class='ocrx_word' id='word_1_376' title='bbox 664 4165 874 4225; x_wconf 73' lang='lat' dir='ltr'><strong>Ancipitislrape]</strong></span> <span class='ocrx_word' id='word_1_377' title='bbox 893 4163 1069 4213; x_wconf 73' lang='lat' dir='ltr'><strong>corruentibus</strong></span> <span class='ocrx_word' id='word_1_378' title='bbox 1078 4179 1107 4211; x_wconf 85' lang='lat' dir='ltr'><strong>cr</strong></span> 
     </span>
     <span class='ocr_line' id='line_1_48' title="bbox 70 4212 927 4332; baseline 0.005 -61"><span class='ocrx_word' id='word_1_379' title='bbox 70 4212 105 4324; x_wconf 57' lang='lat' dir='ltr'><strong>Pr</strong></span> <span class='ocrx_word' id='word_1_380' title='bbox 115 4234 162 4332; x_wconf 63' lang='lat' dir='ltr'><strong>qsua</strong></span> <span class='ocrx_word' id='word_1_381' title='bbox 171 4226 241 4274; x_wconf 81' lang='lat' dir='ltr'><strong>clade</strong></span> <span class='ocrx_word' id='word_1_382' title='bbox 252 4227 282 4274; x_wconf 78' lang='lat' dir='ltr'><strong>cs.</strong></span> <span class='ocrx_word' id='word_1_383' title='bbox 292 4225 346 4274; x_wconf 80' lang='lat'>1²01.</span> <span class='ocrx_word' id='word_1_384' title='bbox 355 4225 387 4274; x_wconf 89' lang='lat' dir='ltr'><strong>iii.</strong></span> <span class='ocrx_word' id='word_1_385' title='bbox 399 4225 450 4274; x_wconf 81' lang='lat' dir='ltr'><strong>us.</strong></span> <span class='ocrx_word' id='word_1_386' title='bbox 458 4229 484 4272; x_wconf 87' lang='lat' dir='ltr'><strong>et</strong></span> <span class='ocrx_word' id='word_1_387' title='bbox 493 4223 567 4272; x_wconf 79' lang='lat' dir='ltr'><strong>Fron·</strong></span> <span class='ocrx_word' id='word_1_388' title='bbox 601 4231 704 4286; x_wconf 80' lang='lat' dir='ltr'><strong>utraque</strong></span> <span class='ocrx_word' id='word_1_389' title='bbox 716 4233 784 4287; x_wconf 85' lang='lat' dir='ltr'><strong>parte</strong></span> <span class='ocrx_word' id='word_1_390' title='bbox 795 4225 927 4275; x_wconf 83' lang='lat' dir='ltr'><strong>arboribus.</strong></span> 
     </span>
    </p>

    <p class='ocr_par' dir='ltr' id='par_1_38' title="bbox 80 4289 283 4350">
     <span class='ocr_line' id='line_1_49' title="bbox 80 4289 283 4350; baseline 0.02 -16"><span class='ocrx_word' id='word_1_391' title='bbox 80 4293 108 4328; x_wconf 80' lang='lat' dir='ltr'><strong>u.</strong></span> <span class='ocrx_word' id='word_1_392' title='bbox 137 4293 219 4350; x_wconf 70' lang='lat' dir='ltr'><strong>treug.</strong></span> <span class='ocrx_word' id='word_1_393' title='bbox 234 4289 248 4338; x_wconf 82' lang='lat' dir='ltr'><strong>t.</strong></span> <span class='ocrx_word' id='word_1_394' title='bbox 260 4289 283 4338; x_wconf 85' lang='lat'><strong>6.</strong></span> 
     </span>
    </p>
   </div>
   <div class='ocr_carea' id='block_1_6' title="bbox 0 0 1488 4778">
    <p class='ocr_par' dir='ltr' id='par_1_39' title="bbox 0 0 1488 4778">
     <span class='ocr_line' id='line_1_50' title="bbox 0 0 1488 4778; baseline 0 3"><span class='ocrx_word' id='word_1_395' title='bbox 0 0 1488 4778; x_wconf 95' lang='lat' dir='ltr'><strong> </strong></span> 
     </span>
    </p>
   </div>
  </div>
 </body>
</html>
