2866 4770
304 249 400 316 LIB.
425 251 557 317 XXIX.
589 251 702 318 CAP.
730 257 778 321 17.
1005 257 1068 324 477

25 375 34 406 ‘
45 369 140 436 hodie
161 372 325 457 patimur?
370 371 455 438 Cum
476 372 561 436 bona
581 372 685 451 venia,
701 395 829 460 quaeso,
847 373 991 453 audiatis,
1007 373 1068 440 Pa
1079 395 1156 448 nc.
1172 397 1228 460 ts&

26 461 109 521 ‘tres
123 458 302 545 conscripti,
318 458 362 535 id,
375 458 463 544 quod
478 458 596 524 invitus
610 459 724 524 dicam.
770 459 810 524 In
824 459 1006 526 discrimine
1022 461 1111 526 estt-
1128 461 1158 512 0·
1173 474 1228 521 ²04·

26 549 131 608 ‘nuno
153 544 328 610 humanum
350 567 445 609 omne
467 567 578 631 genus,
600 558 708 610 utrum
724 569 789 624 vos,
809 567 850 611 an
867 546 1071 634 Carthagini·

26 634 135 694 ‘enses
149 631 308 717 principes
322 645 476 696 terrarum
488 631 602 696 videat
640 631 674 698 Si
686 655 727 696 ex
739 632 787 709 iis,
823 655 882 698 uae
895 633 1070 700 Locrenses

26 721 99 780 ‘aut
113 718 153 782 ab
168 716 230 780 illis
243 717 326 804 passi
341 740 459 794 sumus,
475 731 531 782 aut
545 740 565 781 a
578 731 680 783 vestro
695 719 798 806 praesi
823 719 854 784 'o
868 743 954 784 nunc
969 743 1071 820 quum

26 803 181 867 ‘maxime
207 804 357 889 patimur,
383 803 613 868 aestimandum
640 804 824 870 Romanum
849 827 885 870 ae
910 806 1070 872 Punicum

26 887 213 975 ‘imperium
236 889 297 966 sit;
320 913 416 954 nemo
439 913 506 954 non
529 889 600 954 illos
623 891 692 968 sibi,
738 913 812 956 uam
834 913 901 968 vos,
924 891 1071 956 dominos

26 978 217 1073 ‘praeoptet
266 975 309 1040 Et
333 993 439 1041 tamen
461 976 577 1053 videte,
626 999 698 1042 uem
741 977 871 1042 modum
895 977 1070 1043 locrenses

26 1065 79 1123 ‘m
93 1083 149 1125 vos
168 1061 299 1126 animati
318 1061 390 1126 sint.
438 1062 549 1137 Quum
570 1000 921 1151 adarthagiuiensibus
940 1063 1071 1128 iniurias

26 1151 135 1211 ‘tanto
149 1147 287 1212 minores
301 1148 526 1235 acciperemus,
542 1149 584 1214 ad
598 1163 737 1214 vestrum
755 1149 976 1237 imperatorem
994 1172 1071 1214 con-

26 1233 201 1320 ‘fugimusr
235 1257 335 1320 quum
361 1257 381 1298 a
407 1249 510 1299 vestro
538 1235 695 1322 praesidio
724 1236 795 1322 plus
846 1259 918 1300 uam
944 1235 1071 1301 hostilia

26 1319 212 1405 ‘patiamur,
223 1342 382 1406 nusquam
397 1320 469 1397 alio,
481 1344 578 1407 quam
592 1321 633 1386 ad
647 1345 712 1398 vos,
728 1259 872 1408 quereias
886 1322 1068 1388 detulimus,

27 1408 116 1469 ‘Aut
131 1429 185 1470 vos
200 1406 374 1506 respicietis
388 1407 528 1494 perditas
547 1429 597 1472 res
618 1419 748 1486 nostras,
765 1409 875 1474 Patres
890 1409 1069 1495 conscripti,
1106 1425 1111 1436 ·

26 1496 100 1557 ‘aut
114 1515 156 1556 ne
172 1493 211 1556 ab
227 1492 287 1556 dtis
302 1492 432 1579 quidem
447 1493 676 1558 immortalibus
691 1493 778 1581 quod
792 1517 968 1582 precemur,
980 1495 1071 1581 quic-

26 1583 142 1664 ‘quam
172 1591 322 1665 superest.
371 1579 412 1654 Q,
429 1579 606 1644 Pleminius
631 1579 753 1666 legatus
778 1581 890 1646 missus
919 1594 967 1645 est
996 1603 1070 1645 cum

27 1663 203 1750 ‘praesidio
224 1664 265 1728 ad
286 1665 485 1751 recipiendos
507 1688 527 1729 a
548 1664 864 1753 Carthaginiensibus
885 1666 1014 1744 Locros,
1037 1679 1096 1731 et.

27 1755 118 1814 ‘cum
145 1751 258 1815 eodem
287 1752 333 1816 ibi
358 1750 485 1817 relictus
514 1770 562 1816 est
586 1753 754 1839 praesidio.
806 1752 847 1817 In
876 1753 937 1817 hoc
966 1753 1071 1840 legato

27 1841 149 1901 ‘vestro
164 1836 258 1923 (daut
273 1837 359 1902 enim
379 1838 521 1904 animum
541 1837 583 1902 ad
604 1838 801 1925 loquendum
821 1838 919 1903 libere
940 1837 1070 1902 ultimae

27 1921 206 2006 ‘miseriael
231 1945 290 1987 nec
316 1922 454 1988 hominis
480 1925 651 2011 quicquam
675 1938 732 2002 est,
756 1923 867 1990 Patres
891 1925 1069 2010 conscripti,
1143 1991 1149 2002 ⁸

28 2013 37 2042 ‘
69 2022 171 2074 meter
184 2009 318 2096 figuram
333 2023 366 2074 et
381 2009 540 2095 speciem3
563 2032 669 2096 neque
686 2009 825 2075 Romani
843 2009 930 2086 civis,
945 2022 1072 2096 praeter

27 2032 200 2172 ‘debitum
215 2095 439 2182 vestitumque,
455 2109 488 2161 et
502 2118 615 2160 sonum
631 2096 765 2160 Latinae
784 2095 921 2183 linguae.
968 2095 1070 2178 Pestis

27 2186 82 2246 ‘ac
97 2181 204 2246 bellus
218 2181 374 2259 immanis,
390 2181 499 2282 quales
512 2181 629 2247 fretum
644 2181 817 2269 quondam,
829 2205 895 2269 qno
910 2181 949 2246 ab
963 2179 1071 2246 Sicilia

28 2267 228 2345 ‘dividimur,
254 2268 296 2332 ud
320 2268 496 2356 perniciem
521 2269 738 2368 navigantium
762 2267 998 2332 circumsedisse
1025 2267 1071 2332 fa-

27 2353 140 2418 ‘bulae
162 2352 277 2419 ferunt.
324 2355 371 2419 At
392 2354 419 2418 si
444 2353 555 2432 scelus,
581 2354 822 2440 hbidinemque,
849 2366 882 2418 et
907 2352 1070 2418 avaritiam

27 2439 131 2504 ‘solus
152 2440 163 2502 i
242 2462 389 2506 exercere
412 2441 447 2504 in
466 2441 567 2506 socios
581 2455 700 2507 vestros
723 2441 797 2505 satis
816 2441 956 2516 haberet,
972 2461 1070 2503 unam

27 2526 162 2612 ‘profun
203 2548 236 2589 m
273 2526 382 2592 uidem
396 2528 578 2614 voraginem
598 2541 705 2592 tamen
724 2526 879 2614 patientia
891 2540 999 2590 nostra
1014 2548 1072 2590 ex·

27 2617 37 2645 ‘
69 2612 213 2677 letemus.
251 2549 358 2677 illunc
384 2635 494 2677 omnes
519 2615 722 2679 centuriones
747 2613 926 2699 militesque
952 2624 1072 2676 vestros

27 2635 142 2784 ‘pudeo
171 2697 203 2762 in
231 2700 409 2785 promiscuo
434 2699 595 2765 licentiam
621 2713 717 2788 atque
743 2700 977 2787 improbitatem
1004 2719 1071 2763 esse
1166 2747 1170 2754 .

27 2783 161 2868 ‘voluit)
191 2784 364 2850 Pleminios
394 2786 487 2851 fecit:
523 2809 633 2852 omues
658 2787 796 2873 rapiunt,
826 2786 973 2873 spoliant,
1002 2806 1072 2849 ver·

27 2871 167 2948 ‘beraut
189 2869 366 2948 vulnerant,
390 2871 559 2937 occidunt:
591 2885 797 2958 constuprant
819 2885 986 2946 matronas,
1008 2870 1072 2934 vir-

27 2957 147 3044 ‘ginea
163 2957 328 3044 ingenuos,
344 2969 450 3044 raptos
464 2980 505 3021 ex
520 2957 688 3044 complexu
703 2968 879 3042 parentum.
917 2954 1071 3030 Quotidie

28 3043 171 3129 ‘capitur
196 3044 271 3108 urbs
297 3057 413 3119 nostra,
436 3042 580 3128 quotidie
605 3041 772 3128 diripitur;
805 3040 873 3104 dies
898 3053 1071 3126 noctesque

28 3129 156 3192 ‘omnia
187 3129 303 3216 passim
336 3127 505 3192 mulierum
538 3149 784 3214 puerorumque,
818 3127 875 3213 qui
906 3127 1073 3212 rapiuntur

28 3219 144 3301 ‘atque
163 3226 372 3302 asportantur,
410 3213 561 3278 loratibus
581 3224 704 3278 sonant
749 3211 896 3290 Miretur,
936 3213 970 3276 ui
983 3212 1071 3288 sciat,

27 3307 37 3335 ‘
71 3299 210 3365 uomodo
225 3314 281 3366 aut
294 3323 352 3364 nos
366 3237 410 3365 ad
424 3297 611 3386 patiendum
629 3298 829 3376 sufficiamus,
845 3311 901 3362 aut
956 3321 1001 3374 os,
1016 3297 1073 3384 qui

28 3323 179 3462 ‘iaciunt
208 3386 353 3451 nondum
384 3397 543 3450 tantarum
572 3384 758 3450 iniuriarum
788 3383 914 3449 satietas
942 3384 1071 3483 ceperit.

13 3471 166 3559 t‘Neqne
189 3494 249 3559 ego
271 3471 403 3558 exsequi
424 3492 562 3558 possum
577 3491 638 3535 nee
652 3470 741 3536 vobis
760 3492 875 3556 operae
895 3482 945 3535 est
963 3468 1073 3534 audire

28 3558 181 3646 ‘singula
205 3580 288 3644 quae
309 3557 394 3643 passi
413 3579 530 3622 sumus
577 3557 799 3621 Communiter
824 3557 932 3621 omnia
954 3577 1005 3619 am
1028 3554 1074 3620 le·

30 3649 126 3708 ‘etan
173 3643 268 3730 Nego
283 3642 414 3708 domum
429 3643 526 3708 ullam
542 3641 673 3720 Locris,
697 3665 738 3707 ne
800 3664 995 3730 quemquam
1039 3663 1075 3705 o-

28 3737 37 3765 ‘
50 3731 169 3794 minem
185 3742 349 3816 expertem
362 3729 496 3794 iniuriae
508 3751 593 3806 esse3
610 3751 693 3881 ngqo
708 3729 742 3794 ul
754 3752 809 3792 um
822 3751 924 3816 genus
937 3727 1073 3806 sceleris,

28 3815 199 3892 ‘libidinis
222 3815 369 3880 avaritiae
391 3837 563 3902 superesse,
587 3837 631 3917 qu
696 3816 731 3880 in
753 3815 827 3892 ullo,
850 3815 908 3901 qui
928 3813 996 3901 pati
1017 3835 1075 3902 po·

27 3907 38 3938 ‘
50 3903 155 3980 tuerit,
178 3902 437 4002 praetermissum
466 3902 515 3966 sit.
560 3900 628 3967 Vix
653 3903 732 3968 ratio
762 3901 835 3966 iniri
863 3915 976 3987 potest,
1004 3914 1076 3966 uter

29 3995 140 4053 ‘casus
158 3987 294 4053 ervitatis
313 3987 354 4052 sit
373 3986 597 4066 detestabilior,
613 4013 713 4076 quum
732 3989 838 4053 hostes
858 3987 943 4053 bello
962 3990 1076 4054 urbem

28 4081 39 4110 ‘
50 4095 173 4160 cepere,
190 4097 231 4138 an
252 4096 352 4161 quum
372 4073 542 4138 exitiabil'n
564 4087 719 4162 tyrannus
736 4075 768 4139 vi
789 4086 885 4161 atque
903 4074 999 4139 armis
1019 4097 1074 4160 op-

30 4160 171 4246 ‘pressit
206 4159 336 4246 Omnia,
348 4181 431 4247 quae
446 4173 556 4246 captae
571 4161 663 4226 urbes
678 4161 850 4247 patiuntur,
861 4161 945 4247 passi
956 4181 1074 4235 sumus,

155 4400 169 4435 a
187 4387 239 4436 Nee
249 4387 315 4436 cobis
325 4401 413 4448 operar
423 4381 471 4446 sat]
492 4383 547 4433 Nec
561 4385 629 4433 vobis
638 4389 682 4433 aut
694 4391 773 4442 vacat,
783 4389 827 4432 aut
835 4381 896 4429 utile
908 4387 952 4431 est.
