2878 4772
337 231 434 298 LIB.
458 232 605 300 XXVII.
636 233 742 300 CAP.
766 241 818 304 49.
1038 239 1100 305 397

1 427 38 466 Ἢ
53 377 168 464 ponte,
183 366 223 431 ab
238 366 346 444 latere,
359 368 399 432 ab
414 379 514 454 tergo,
526 367 723 434 trucidantur
735 366 873 455 Hispani
884 367 1100 454 Liguresque:
1114 384 1148 434 U.
1160 383 1189 434 c.
1206 395 1261 446 545·

1 439 40 544 o
50 465 89 518 et
104 452 145 518 ad
161 452 272 518 Gallos
293 453 357 517 iam
377 452 491 518 caedes
512 466 706 540 pervenerat
751 453 802 522 lbi
820 455 988 518 minimum
1003 449 1144 520 certa-⁸·
1161 449 1191 499 ⁰·
1207 459 1262 509 ²⁰⁷·

6 529 25 555 l*
51 539 151 603 minis
164 539 234 606 suit
280 537 367 604 Nam
388 552 422 604 et
442 562 515 626 pars
536 560 652 627 magna
673 541 713 606 ab
735 541 832 628 signis
853 541 993 618 aberant,
1009 553 1102 606 nocte

53 624 180 712 dilapsi,
196 626 348 725 stratique
364 648 476 691 somno
489 626 605 712 passim
619 649 679 714 per
692 649 802 714 agros:
828 639 870 704 et,
886 627 944 714 qui
961 626 1103 704 aderant,

52 711 171 777 itinere
189 734 226 776 ac
240 711 355 812 vigiliis
369 711 451 790 fessi,
467 711 744 778 intolerantissima
760 712 875 778 laboris
893 735 1034 800 corpora,
1049 713 1104 778 vix
1165 793 1168 800 Ἰ

52 821 144 863 arma
164 797 305 862 humens
326 799 501 884 gestabant
546 797 668 864 Etiam
682 799 747 863 diei
768 798 911 864 medium
928 813 1005 878 erat,
1022 799 1104 864 sitis·

53 907 121 972 que
136 897 169 949 et
183 884 268 948 calor
281 884 406 949 hiantes
421 883 599 949 caedendos
616 885 851 972 capiendosque
872 885 992 950 affatim
1012 907 1104 972 prae·

52 972 160 1036 bebat.
200 970 372 1056 Elephanti
387 970 492 1057 plures
507 971 547 1036 ab
562 971 638 1057 ipsis
648 972 832 1048 rectoribus,
865 993 939 1036 uam
951 973 991 1036 ab
1001 971 1102 1049 hoste,
1160 973 1213 1034 49.

52 1055 224 1122 interfecti
275 1056 398 1121 Fabrile
424 1057 582 1144 scalprum
607 1080 682 1122 cum
708 1057 822 1122 malleo
842 995 1026 1123 habebant:
1057 1057 1102 1135 id,
1113 1054 1249 1130 Elephanti

52 1144 115 1210 ubi
129 1143 247 1208 saevire
262 1141 386 1208 belluae
401 1165 438 1206 ac
452 1165 543 1207 ruere
559 1143 593 1207 in
608 1165 681 1208 suos
695 1156 876 1230 coeperant,
892 1144 1041 1230 magister
1054 1144 1104 1208 in·
1112 1125 1241 1232 {ufffi

53 1244 108 1295 ter
124 1251 215 1294 aures
234 1229 382 1317 positum,
398 1229 467 1316 ipso
482 1229 517 1293 in
531 1229 675 1308 articulo,
713 1253 755 1295 uo
770 1230 912 1317 iungitur
926 1231 1021 1318 capiti
1036 1247 1180 1299 cer-fecti.

51 1317 122 1394 vix,
138 1329 258 1402 quanto
279 1315 419 1380 maximo
440 1327 565 1402 poterat
584 1316 660 1394 ictu,
718 1317 832 1403 igebat.
878 1315 928 1380 Ea
941 1316 1106 1382 celerrima

18 1402 110 1470 avia
122 1403 232 1467 mortis
249 1402 284 1465 in
298 1414 404 1466 tantae
426 1400 518 1466 molis
539 1401 646 1468 bellua
666 1403 797 1468 inventa
810 1416 886 1480 erat,
902 1403 958 1468 ubi
972 1403 1105 1490 regendi

52 1511 148 1576 spem
167 1488 335 1553 vicissent:
358 1487 542 1575 primusque
564 1487 599 1552 id
621 1487 804 1553 Hasdrubal
824 1488 1013 1567 instituerat,
1037 1488 1104 1553 dux
1114 1500 1257 1576 {latoba-

80 1597 160 1640 uum
179 1596 273 1661 saepe
295 1573 370 1638 alias
391 1573 613 1653 memorabilis,
630 1589 698 1640 tum
720 1574 775 1640 illa
795 1575 964 1662 praecipue
1009 1565 1249 1662 ugna¹¹⁸f⁰mt¹t

54 1597 119 1726 hle
133 1672 311 1761 pugnantes
330 1659 498 1736 hortando,
513 1660 694 1747 pariterque
709 1661 857 1726 obeundo
871 1598 1022 1748 periculi,
1036 1683 1104 1726 sus·
1113 1629 1154 1678 ὼ·

54 1748 173 1812 tinurt:
199 1746 251 1811 ille
266 1746 363 1812 fessos
377 1747 616 1833 abnuentesque
631 1747 737 1812 taedio
752 1759 786 1812 et
799 1747 915 1828 labore,
931 1770 1018 1812 nunc
1032 1770 1105 1834 pre-

54 1833 172 1911 cando,
187 1855 274 1898 nunc
288 1831 481 1920 castigando,
497 1833 659 1898 accendit:
683 1833 736 1898 ille
756 1833 915 1920 fugientes
936 1833 1104 1910 revocavit,

54 1920 270 2006 omissamque
322 1942 440 2006 ugnam
469 1919 590 2007 aliquot
617 1919 695 1984 locis
722 1918 867 1984 restituit
928 1919 1104 1997 Postremo,
1115 1925 1219 1989 Egregie

55 2028 161 2093 quum
185 2004 272 2070 haud
297 1943 394 2070 dubie
423 2005 549 2070 fortuna
578 2005 718 2071 hostium
743 2018 899 2083 essetne
928 2005 1226 2106 superesactfflm

56 2103 150 2158 tanto
172 2092 326 2158 exercitui
347 2114 441 2156 suum
463 2113 582 2157 nomen
601 2105 720 2169 secuto,
735 2092 894 2156 concitato
911 2113 995 2178 equo
1015 2113 1049 2155 se
1070 2091 1106 2156 in

55 2177 224 2243 cohortem
240 2177 419 2242 Romanam
440 2177 580 2242 immisit.
624 2177 686 2254 lbi,
701 2190 738 2242 ut
758 2189 847 2264 patre
870 2176 1053 2242 Hamilcare
1072 2189 1107 2243 et

56 2263 244 2330 Hannibale
259 2265 353 2330 fratre
369 2263 503 2413 dilgnum
517 2276 594 2340 erat,
610 2285 756 2352 pugnans
770 2262 894 2328 cecidit

105 2349 185 2414 Nun
208 2373 282 2416 uam
297 2373 336 2417 eo
349 2351 389 2416 be
415 2373 435 2414 ο
450 2373 515 2414 una
531 2349 598 2415 acie
614 2363 738 2414 tantum
752 2349 891 2415 hostium
905 2349 1107 2416 interfectum

55 2449 119 2514 est,
134 2437 192 2502 red
216 2437 322 2523 ‘taque
342 2459 379 2502 ae
404 2459 445 2500 ua
461 2435 625 2502 Cannensi
639 2435 754 2514 clades,
769 2436 820 2502 vel
834 2435 935 2514 ducis,
949 2435 1001 2501 vel
1015 2457 1107 2500 exer-

23 2542 44 2592 9
56 2523 143 2588 citus
156 2523 297 2600 interitu,
312 2459 486 2588 videbatur.
528 2521 770 2610 Quinquaginta
783 2545 839 2588 sex
854 2522 953 2588 millia
966 2521 1106 2588 hostium
1115 2525 1229 2600 56009·0

56 2609 180 2676 occsa:
204 2621 297 2697 capta
311 2609 454 2696 quinque
475 2607 575 2674 millia
594 2621 628 2674 et
641 2609 886 2697 quadringenti:
910 2608 1029 2697 praeda
1045 2591 1206 2703 aliass'c‘ffss}lu

55 2717 177 2782 magna
192 2708 260 2761 tum
275 2695 378 2760 omnis
392 2695 525 2782 generis,
538 2708 607 2760 tum
622 2697 690 2760 auri
705 2696 802 2760 etiam
817 2696 1012 2783 argentique.
1049 2694 1106 2760 Gi·
1187 2687 1195 2703 ⁵

55 2782 149 2846 vium
163 2781 259 2846 etiam
275 2781 503 2859 Romanorum,
514 2781 571 2868 qui
585 2781 670 2868 capti
684 2782 770 2869 apud
785 2780 891 2848 hostes
901 2795 1001 2860 erant,
1011 2802 1107 2870 supra

56 2867 124 2936 tria
137 2867 236 2932 millia
248 2867 389 2968 capitum
403 2879 538 2955 recepta.
584 2866 624 2933 Id
646 2868 748 2933 solatii
768 2868 830 2933 fuit
850 2890 908 2955 pro
930 2868 1049 2932 amissis
1066 2889 1106 2932 ec

83 2953 182 3018 roelio
203 2953 364 3018 militrbus.
410 2952 497 3018 Nam
518 2953 765 3041 haudquaquam
788 2954 956 3018 incruenta
976 2953 1108 3018 victoria
1115 2964 1239 3013 Romano

54 2977 140 3105 luit:
165 3053 238 3106 octo
259 3040 358 3106 ferme
381 3039 481 3104 millia
503 3039 722 3104 Romanorum
749 3039 969 3124 sociorumque
995 3030 1254 3104 occisam¹¹¹⁸⁰⁰⁰·

57 3124 221 3213 Adeoque
236 3127 333 3191 etiam
346 3125 481 3190 victores
503 3124 664 3211 sanguinis
679 3123 848 3210 caedisque
866 3136 993 3210 ceperat
1015 3124 1108 3188 satie·

27 3224 121 3290 1tas‚
143 3226 180 3277 ut
260 3224 327 3277 tero
347 3212 412 3288 die,
428 3231 528 3298 quum
550 3221 631 3276 esset
656 3210 838 3275 nuntiatum
851 3206 954 3274 'Livio
975 3209 1107 3289 consuli,
1204 3237 1207 3242 ·

60 3296 175 3364 Gallos
195 3233 374 3386 ffilpinoe
394 3297 603 3384 Liguresque,
618 3296 676 3383 qui
696 3309 751 3362 aut
773 3295 894 3382 proelio
915 3317 980 3360 non
1003 3295 1109 3360 affuis-

55 3397 144 3462 sent,
159 3397 216 3450 aut
236 3385 320 3450 inter
337 3383 469 3449 caedem
486 3383 679 3469 effugissent,
695 3405 760 3447 uno
782 3383 908 3532 ogminc
931 3382 1018 3447 abiro
1039 3382 1108 3448 sine

56 3483 150 3538 certo
178 3470 271 3549 duce,
296 3471 365 3536 sine
395 3469 502 3557 signis,
528 3470 597 3534 sine
626 3467 738 3532 ordine
768 3492 789 3534 u
814 3492 843 3547 ο,
871 3481 926 3534 aut
953 3469 998 3533 im
1022 3468 1107 3545 e1i03

24 3589 45 3623 a
57 3579 164 3647 posse,
180 3557 206 3622 si
221 3579 286 3623 una
299 3557 445 3646 equitum
464 3555 514 3620 ala
534 3555 688 3633 mittatur,
703 3577 814 3620 omnes
828 3554 945 3632 deleri3
970 3491 1110 3640 ‘duper-

96 3793 112 3841 8
131 3793 179 3842 Ubi
195 3793 295 3856 rependi
310 3807 377 3868 apem
393 3793 518 3852 abbam]
537 3807 570 3842 sc.
603 3789 759 3852 subiunctivi,
780 3797 808 3840 ut
827 3796 924 3852 vocant,
945 3790 1021 3852 modi,
1038 3792 1111 3854 quale

60 3855 483 3914 Elusiasntstsdemmentiaut
492 3861 572 3904 rector
604 3857 941 3919 nataaearcspmdcru.
967 3855 1112 3918 Atpropter

58 3922 97 3970 dc
113 3935 157 3982 spe
173 3920 272 3983 regendi
288 3919 357 3983 qusai
375 3919 455 3970 rictus
469 3921 572 3970 deceda-
602 3919 771 3983 interpositam
791 3921 890 3982 longam
907 3919 1043 3982 periodum,
1059 3919 1112 3970 cius

60 3990 109 4034 ret.
127 3985 222 4033 Rusca.
603 3983 723 4034 rationem
739 3999 788 4032 non
803 3985 890 4033 habuit
900 3983 992 4034 Livius.
1025 3983 1111 4034 Simile

96 4048 178 4112 chc·
197 4049 276 4097 millia
297 4048 401 4097 leontium
422 4047 512 4106 occiso]
540 4047 571 4098 cf.
603 4048 653 4096 t‘ere
664 4049 806 4110 exemplum
822 4047 927 4111 reperies
938 4050 1004 4112 apud
1016 4048 1068 4099 Cic.
1080 4050 1112 4098 da

60 4113 154 4174 Polyb.
165 4111 199 4160 xi.
211 4125 235 4173 3,
245 4109 288 4174 qui
302 4111 388 4160 decem
405 4115 501 4159 tuntum
518 4111 572 4160 hoa
605 4113 647 4161 Or.
658 4112 683 4160 ii.
697 4125 735 4172 η.
754 4113 835 4162 Gasv.

60 4175 128 4226 tium
143 4175 291 4236 milliarino
307 4175 476 4224 Romanorum
493 4174 573 4224 occisa
637 4189 652 4224 a
672 4178 729 4226 Una
744 4178 852 4239 apossum
868 4178 922 4236 alo]
943 4175 991 4225 Ala
1001 4174 1111 4236 equitum

60 4239 147 4290 tradit.
605 4237 775 4288 Romanorum
786 4241 871 4288 decem
883 4245 975 4288 turmas
990 4238 1111 4297 habebat3

100 4318 111 4352 1
133 4305 166 4355 Ut
176 4311 271 4365 postero
281 4303 321 4353 dia
332 4338 356 4354 ..
369 4337 376 4354 .
387 4303 573 4366 Supcraiotio·
605 4308 694 4365 turma,
704 4301 802 4366 triginta
812 4303 863 4354 lere
873 4301 991 4352 homines.
1008 4301 1089 4352 cmv.

60 4369 131 4434 quit]
154 4367 278 4418 Particula
288 4375 317 4418 at
328 4369 462 4431 postularet
473 4367 574 4418 verbum
