2878 4772
389 235 455 298 450
782 227 895 296 ΤῙΤΙ
922 225 1060 296 LIVII

233 379 268 431 11.
280 379 310 430 c.
326 389 383 444 54⁷·
393 373 404 406 ‘
414 381 539 433 tantum
554 367 657 431 virum
669 364 862 444 insimulare,
878 388 975 454 quem
986 357 1369 452 amicissirmum

232 445 265 496 A.
281 445 312 496 ⁰·
328 455 452 519 ²⁰⁵·‘an
467 454 523 530 rei,
539 451 626 517 houd
641 473 716 516 sene
736 467 872 539 purgate
890 463 947 517 est.
995 451 1049 516 Sic
1066 451 1156 515 euim
1172 450 1368 514 honorumue

392 540 527 605 ‘fumum
544 560 650 603 rerum
670 551 829 624 gesturum
847 538 964 603 extulit
981 537 1094 613 verbis,
1117 536 1159 601 sd
1175 531 1369 621 exstinguendu

394 625 553 690 ‘invidiae
573 625 704 701 crimen,
722 638 872 711 tunquam
888 623 967 688 mihi
987 624 1027 688 ub
1042 623 1157 687 infimo
1170 644 1280 708 quoque
1294 620 1369 718 perir

395 711 481 776 ‘lum
503 712 554 788 sit,
575 733 617 775 ne
640 733 765 775 mecum
789 709 982 775 aemuletur:
1006 723 1040 774 et
1060 731 1130 774 non
1150 703 1369 794 abeo‚qu1‚qu

395 805 512 886 ‘super
525 810 647 862 ceteros
661 794 807 873 excellet,
823 819 888 883 quo
903 817 954 859 me
969 817 1097 882 quoque
1114 795 1176 859 niti
1188 817 1246 858 non
1259 789 1368 856 disindu

395 891 468 949 ‘me
483 885 543 949 sibi
558 883 687 970 sequuti
706 881 795 947 nolit.
843 882 896 948 Sic
915 904 1023 947 senem
1038 904 1072 946 se
1091 882 1281 970 perfunctum
1293 875 1379 941 hunni-⁴

395 971 483 1048 ‘bus,
499 985 532 1035 et
546 991 598 1034 me
622 969 703 1033 infra
724 981 860 1034 aetatem
880 968 938 1032 filii
958 969 1053 1034 etism
1072 969 1126 1032 sui
1146 970 1260 1055 posuit3
1277 979 1369 1048 usqum

394 1065 480 1121 ‘nou
500 1054 635 1146 longius,
656 1077 753 1142 quam
773 1069 929 1141 quantum
943 1056 1025 1120 vitae
1047 1054 1208 1119 humanae
1226 1052 1328 1141 sptium
1339 1061 1368 1110 ut

397 1151 407 1182 ‘
417 1141 574 1230 cupiditas
587 1141 705 1228 gloriae
720 1140 921 1217 extendatur,
937 1143 1141 1228 maximeque
1161 1163 1230 1228 pers
1241 1141 1295 1204 eius
1305 1139 1370 1231 inm

396 1229 550 1293 ‘moriam
572 1251 609 1292 ec
631 1228 847 1315 posteritatem
894 1227 1056 1292 romineat
1103 1227 1246 1296 Maximo
1262 1217 1370 1308 cuiqueti

398 1323 408 1354 ‘
416 1313 559 1380 accidere
575 1314 681 1378 animo
696 1313 855 1378 certumh
936 1361 945 1390 ,
959 1328 997 1379 ut
1010 1335 1043 1378 se
1058 1335 1128 1377 non
1142 1337 1215 1378 cum
1227 1307 1370 1402 praesertin

398 1409 409 1440 ‘
417 1400 523 1478 modo,
535 1401 591 1466 sed
606 1423 678 1464 cum
694 1399 798 1464 omnis
812 1398 881 1463 sevi
896 1399 988 1464 cleris
1001 1400 1086 1477 viris,
1102 1411 1283 1487 comparent.
1316 1393 1371 1476 [qur

398 1486 494 1551 ‘dem
513 1486 600 1552 haud
618 1486 791 1564 dissimulo,
813 1509 864 1550 me
885 1499 963 1563 tuus,
987 1485 1029 1561 Q,
1043 1485 1134 1562 Fabi,
1154 1485 1258 1552 laudes
1270 1503 1318 1548 non
1329 1499 1372 1542 m*

398 1572 474 1660 ‘qui
493 1572 596 1638 solum
613 1572 705 1650 velle,
720 1573 786 1650 sed,
803 1573 902 1656 (bone
919 1572 1012 1637 venis
1031 1585 1087 1637 tus
1106 1571 1286 1654 dixerimisi
1299 1584 1372 1653 pom.

398 1667 410 1700 ⁴
421 1659 517 1723 etium
533 1681 731 1746 exsuperare.
770 1658 857 1723 Illud
867 1681 928 1724 nec
944 1659 1002 1723 tibi
1011 1659 1045 1722 iu
1056 1681 1119 1736 me,
1132 1681 1198 1724 neu
1211 1657 1279 1722 mihi
1287 1653 1383 1720 inme

399 1745 505 1809 ‘ribus
519 1757 596 1809 natu
612 1744 710 1809 enimi
721 1745 771 1823 sit,
781 1759 819 1810 ut
832 1745 979 1823 nolimus,
991 1767 1189 1833 quemquam
1201 1744 1288 1810 nostri
1294 1737 1373 1804 simitffl
1397 1777 1398 1850 p

398 1831 552 1897 ‘evadere
574 1831 686 1897 civem.
732 1830 772 1895 Id
792 1831 878 1895 enim
898 1854 965 1896 non
984 1853 1093 1896 eorum
1114 1831 1221 1909 modo,
1234 1829 1373 1917 quibunt·
1397 1851 1398 1864 ¹

399 1918 571 1996 ‘derimus
587 1918 644 1983 sed
665 1915 868 2005 reipublicae,
884 1931 918 1982 et
932 1939 1034 2006 poene
1048 1919 1155 1983 omnis
1169 1915 1373 2005 generorum

399 2004 646 2070 ‘detrimentum
656 2005 705 2068 sit.
751 2002 1031 2082 Commemoravit,
1039 2019 1199 2091 quantum
1207 1991 1374 2086 emempedssffi

400 2091 573 2168 ‘editurus
588 2092 616 2155 si
630 2092 665 2154 in
680 2090 822 2154 Ati-icem
839 2090 1032 2155 traiiceretn:
1055 2105 1093 2155 ut
1107 2112 1214 2155 meam
1228 2107 1333 2177 quoque,
1342 2097 1375 2142 ΒΜ

400 2177 521 2242 ‘solum
543 2176 736 2264 reipublicae
750 2189 784 2240 et
800 2177 968 2254 exercitus,
983 2176 1085 2241 vicem
1102 2177 1262 2242 videretur
1277 2169 1373 2237 ultim

400 2263 521 2329 ‘Unde
536 2263 616 2328 haec
631 2275 762 2350 repente
785 2284 861 2327 curn
874 2263 915 2328 de
931 2285 982 2327 me
1003 2264 1140 2328 exorta?
1165 2263 1269 2339 Quum
1280 2271 1375 2347 parur*

401 2358 412 2390 ‘
424 2363 576 2437 truusque
606 2371 696 2414 meus
726 2348 894 2427 interfecti,
925 2371 1025 2436 quum
1055 2349 1121 2414 duo
1151 2349 1296 2415 exercitu
1316 2355 1374 2436 suun

399 2445 518 2524 ‘prope
544 2435 708 2500 occidione
730 2435 826 2500 occisi
847 2448 962 2514 essent,
985 2458 1085 2523 quum
1106 2437 1239 2502 amimae
1259 2431 1375 2516 Histris*¹

400 2531 522 2609 ‘quum
548 2534 700 2608 quattuor
720 2521 878 2586 exercitus
900 2522 1091 2599 Poenorum,
1115 2513 1340 2610 quattuorqued
1362 2527 1397 2602 ,j

401 2609 530 2675 ‘omnis
559 2621 646 2674 metu
670 2610 827 2695 suumque
858 2620 1012 2686 tenerent,
1039 2631 1142 2694 quum
1168 2595 1376 2697 quesumus

401 2703 412 2734 ‘
422 2695 541 2759 bellum
561 2697 731 2783 imperator
751 2717 847 2759 nemo
866 2717 900 2759 se
923 2693 1113 2772 ostenderet,
1129 2708 1253 2782 praeter
1271 2699 1376 2780 mensus*

402 2781 563 2868 ‘profiteri
577 2804 695 2846 nomeu
710 2803 804 2846 ausus
819 2793 910 2857 esset,
922 2803 1022 2867 quum
1038 2780 1116 2845 mihi
1128 2795 1273 2868 quattuor
1281 2791 1307 2842 et
1316 2773 1376 2860 ¹ng

401 2875 413 2905 ‘
423 2887 523 2931 annos
538 2879 613 2932 nato
628 2867 794 2932 detulisset
816 2867 984 2954 imperium
1003 2867 1144 2955 populus
1166 2869 1324 2936 Remum
1338 2869 1377 2940 qffi
1395 2891 1396 2924 ι

402 2953 466 3018 ‘ita
483 2965 551 3017 tum
571 2975 667 3018 nemo
689 2967 824 3018 aetatem
848 2975 961 3032 meam,
976 2955 1042 3018 vim
1061 2954 1213 3032 hostium,
1233 2946 1377 3040 diffluum

402 3039 506 3116 ‘belli,
526 3040 624 3126 patris
643 3040 812 3126 patruique
832 3053 993 3105 recentem
1014 3039 1138 3106 cladem
1159 3029 1396 3106 commemorent*

401 3123 543 3190 ‘Utrum
557 3125 657 3190 maior
672 3124 778 3211 eliqua
792 3147 880 3190 nuuc
894 3127 928 3190 in
944 3126 1055 3191 Africa
1071 3125 1234 3192 calamites
1246 3127 1377 3206 scoeptffi

401 3219 412 3249 ‘
420 3223 517 3310 quarn
532 3223 609 3276 tuuc
619 3210 652 3274 iu
670 3209 715 3274 Hi
754 3212 827 3275 ania
840 3213 930 3276 emt?
952 3212 1008 3278 Au
1019 3214 1154 3278 maiores
1168 3235 1254 3280 nunc
1266 3221 1323 3275 sunt
1332 3216 1379 3292 01?

401 3304 503 3360 ‘crtus
521 3297 556 3362 iu
579 3296 696 3373 Africa,
741 3319 816 3362 uces
837 3297 944 3383 plures
964 3298 1186 3387 melioresque,
1207 3319 1292 3386 quum
1306 3299 1379 3356 W*

400 3389 411 3422 ‘
459 3381 466 3396 '
548 3383 580 3446 iu
592 3383 746 3446 fuerunt?
769 3382 825 3447 An
845 3397 931 3448 aetus
944 3407 1016 3449 meu
1029 3397 1107 3450 tuuc
1127 3386 1276 3450 maturior
1286 3377 1380 3454 beidi*

401 3404 607 3546 ‘reiiddli'uit
619 3490 716 3555 quem
730 3491 817 3534 nunc
832 3470 902 3534 est?
925 3469 981 3534 An
995 3493 1069 3535 cum
1087 3465 1322 3572 Carthaginiens
1331 3461 1380 3550 iffi?

401 3555 456 3619 ‘in
487 3554 653 3643 Hispanis,
680 3577 777 3641 quam
806 3555 841 3619 in
865 3555 985 3634 Afiica,
1011 3555 1129 3622 bellum
1158 3579 1229 3645 gen
1249 3553 1330 3654 aptius
1343 3556 1394 3642 ᾧ]

401 3639 526 3706 ‘Facile
542 3655 599 3719 est,
614 3654 686 3728 post
700 3640 785 3705 firsos
803 3641 991 3730 fugatosque
1007 3655 1157 3728 quattuor
1170 3654 1314 3708 exercitu
1326 3631 1394 3696 Pte*

401 3737 486 3807 ‘cos
498 3741 569 3815 post
584 3741 632 3794 tot
643 3728 737 3792 urbes
747 3727 779 3792 vi
790 3740 907 3816 captus,
917 3741 973 3794 aut
983 3741 1073 3794 metu
1082 3731 1228 3796 subactas
1238 3731 1269 3793 in
1277 3721 1380 3789 ditiones

432 3921 629 3980 8Persunctum
647 3920 791 3981 Ιιοηοτίὀω]
812 3919 908 3970 Vocem
939 3927 1050 3971 nostrum
1077 3923 1215 3986 legenu'bus
1239 3917 1377 3970 obrem-ts

400 3983 615 4046 mortbmquem
629 3983 742 4047 Sigonius
754 4000 785 4032 ex
798 3991 908 4034 veterum
939 4001 1006 4048 supr.
1018 3987 1052 4036 iii.
1066 4001 1102 4049 η.
1119 4002 1142 4038 r.
1158 3986 1196 4050 36.
1214 3985 1260 4036 viii.
1274 3997 1307 4045 31·
1328 3969 1380 4051 W:

401 4046 518 4095 librorum
529 4049 578 4097 fide
588 4047 701 4110 restitut,
710 4047 791 4096 omisit
800 4047 909 4101 Bekker.
940 4051 1015 4100 modo
1026 4051 1115 4111 facero
1134 4055 1162 4100 ὄπ
1180 4053 1262 4115 alique
1278 4059 1314 4108 ΡΝ
1327 4054 1380 4112 ‘'f''

400 4111 617 4172 Sedperfunotum
627 4112 693 4159 nude
704 4117 730 4160 et
743 4113 909 4174 obsolutepo·
941 4119 1056 4174 statuere,
1076 4113 1133 4164 infr.
1148 4115 1232 4164 xxxiv.
1251 4126 1285 4174 gs
1320 4105 1380 4151 W

399 4175 474 4222 eitum
494 4173 534 4222 vix
553 4173 734 4223 admittendum
753 4189 806 4224 esse
824 4182 909 4226 censet
940 4178 1122 4228 emendandum
1153 4183 1236 4226 cenat
1265 4171 1380 4234 Orrss'sszf'*

400 4237 507 4287 Crevier·
941 4241 1105 4294 Duronum
1119 4241 1263 4292 sentem
1276 4237 1319 4288 ein
1329 4237 1392 4282 Ψ

432 4302 522 4362 9Neu
543 4301 603 4350 mitt
623 4301 652 4348 r'u
672 4302 807 4352 usmetum
828 4307 906 4366 notu]
940 4305 1041 4358 aceedit.

402 4360 459 4412 Hoc
475 4377 552 4425 genus
566 4362 682 4426 loquendi
696 4363 764 4416 haud
773 4379 828 4418 raro
838 4370 907 4433 opud
