3002 4798
368 206 409 270 m
759 202 870 270 mm
896 169 1044 270 nrvrr'

208 354 241 404 U.
253 355 282 403 c.
296 365 350 413 534.
368 339 463 403 titisse
478 339 638 416 scribunt3
669 339 725 426 qui
740 339 918 415 minimum,
933 338 1047 426 viginti
1067 338 1166 404 millia
1185 339 1339 427 peditum,
1359 361 1440 404 sexi

206 420 237 471 A.
254 421 284 470 ⁰·
296 417 351 470 ²¹⁸·
370 425 524 512 equiturn.
570 424 608 489 L.
624 423 757 490 Cincius
772 425 963 502 Alimentus,
974 425 1031 512 qui
1046 439 1173 512 captum
1189 447 1222 489 se
1238 427 1277 491 ab
1291 424 1442 498 Hanni-3

369 511 440 576 bale
460 511 578 588 scribit,
600 511 737 575 maxime
760 524 872 575 auctor
888 533 938 575 me
963 524 1113 587 moveret,
1129 511 1190 574 nisi
1207 510 1421 576 confunderet

369 618 548 673 numerum,
567 596 668 661 Gallis
690 596 924 684 Liguribusque
940 596 1073 662 additis:
1098 617 1172 661 cum
1191 596 1241 660 his
1256 597 1421 682 octoginta

370 683 470 747 millia
483 682 638 769 peditum,
651 683 763 748 decern
774 683 929 770 equitum,
939 682 1078 747 adducta
1089 683 1122 746 in
1134 680 1277 748 Italiam:
1301 683 1442 770 (magiss

371 769 528 833 affluxisse
539 769 707 834 verisimile
722 781 780 846 est,
792 782 825 833 et
839 769 884 833 ita
895 767 1026 855 quidam
1040 781 1183 832 auctores
1191 767 1282 854 sunt)
1292 791 1333 832 cx
1349 769 1420 855 ipso

371 870 478 920 autem
494 855 617 920 audisse
640 853 832 942 Hannibale,
847 867 1015 942 postquam
1036 853 1231 918 Rhodanum
1248 853 1420 931 transierit,

371 941 500 1028 triginta
514 963 569 1006 sex
585 941 684 1006 millia
698 941 874 1017 hominum,
891 941 1118 1090 ingentemque
1134 963 1304 1005 numerum
1318 963 1421 1028 equo-

370 1051 440 1092 rum
452 1045 485 1093 et
500 1027 633 1093 aliorum
647 1029 861 1092 iumentorum
875 1027 1024 1104 amrsisse,
1072 1026 1200 1103 aurinis,
1216 1047 1299 1112 quae
1316 1025 1421 1091 Gallis

369 1114 514 1200 proxima
532 1135 612 1199 gens
631 1127 708 1190 erat,
724 1113 758 1176 in
773 1111 897 1180 ltaliam
919 1112 960 1177 de
1017 1134 1111 1176 ssum.
1157 1111 1197 1185 Id
1213 1133 1313 1198 quum
1336 1114 1442 1186 inter5

371 1221 481 1264 omnes
495 1203 628 1276 constet,
637 1223 676 1264 eo
688 1199 788 1286 magis
802 1199 900 1263 miror
913 1135 1040 1284 ambiEi,
1053 1219 1192 1298 quanam
1204 1197 1306 1286 Alpes
1317 1211 1421 1262 trans

370 1286 460 1349 ierit:
486 1299 519 1350 et
532 1285 627 1386 vulgo
649 1285 788 1362 credere,
804 1285 939 1362 Penino,
955 1296 1050 1371 atque
1066 1284 1142 1348 inde
1157 1305 1276 1348 nomen
1290 1285 1322 1349 ei
1343 1283 1444 1371 iuges

371 1370 506 1458 Alpium
535 1372 682 1450 inditum,
713 1385 948 1458 transgressum.
1002 1369 1132 1435 Coelius
1161 1391 1219 1458 per
1248 1369 1443 1470 Cremonisg

369 1459 480 1544 iugum
495 1457 574 1523 dicit
596 1458 759 1522 transisse:
784 1458 841 1544 qui
859 1458 951 1522 ambo
966 1457 1062 1521 saltus
1084 1480 1158 1522 eum
1174 1479 1238 1521 non
1254 1457 1289 1520 in
1304 1456 1422 1522 Tauri-

369 1566 438 1620 nos,
454 1543 511 1608 sed
531 1567 589 1630 per
605 1543 742 1608 Salassos
762 1555 928 1608 montanos
950 1541 992 1606 ad
1006 1543 1127 1607 Libuos
1144 1541 1254 1607 Gallos
1268 1541 1422 1607 deduxis-
1490 1621 1491 1632 ἵ

371 1643 450 1693 sent
498 1628 570 1694 Nec
594 1628 763 1694 verisimile
793 1642 850 1705 est,
875 1651 913 1692 ea
942 1641 1010 1693 tum
1040 1629 1082 1693 ad
1113 1628 1250 1693 Galliam
1279 1631 1444 1716 patuisseo
1490 1633 1491 1636 ’

370 1715 485 1778 itinera
493 1737 502 1791 ;
526 1715 648 1814 utique,
660 1738 742 1802 quae
754 1715 795 1779 ad
806 1714 967 1779 Peninum
978 1714 1093 1792 semul,
1106 1715 1255 1801 obsaepta
1269 1717 1424 1802 gentibus
1490 1739 1491 1778 r

370 1801 607 1888 semigermanis
625 1801 765 1865 fuissent.
812 1800 939 1887 Neque,
960 1800 1099 1877 hercule,
1123 1801 1284 1864 montibus
1306 1801 1358 1866 his
1379 1801 1423 1887 (si

370 1908 467 1971 quem
481 1886 562 1950 forte
583 1887 617 1950 id
636 1885 758 1973 movet)
773 1888 812 1951 ab
835 1887 968 1950 transitu
989 1887 1170 1952 Poenorum
1192 1885 1257 1951 ullo
1273 1885 1422 1973 Veragri,

371 1971 494 2037 incolae
523 1973 592 2058 iugi
621 1973 699 2050 eius,
725 1986 845 2037 norunt
873 1994 989 2036 nomen
1018 1973 1174 2048 inditum3
1213 1972 1270 2036 sed
1299 1973 1341 2037 ab
1371 1995 1442 2049 eo,1

370 2081 477 2209 bitem,
489 2058 523 2121 in
538 2081 662 2123 summo
673 2072 829 2124 sacratum
838 2059 965 2134 vertice,
978 2058 1139 2122 Petrinum
1155 2059 1299 2122 montani
1311 2058 1422 2145 appel-

304 2273 311 2287 ·
413 2231 519 2318 Perop
561 2243 655 2296 rtune
684 2230 725 2295 ad
754 2229 910 2317 principia
938 2249 1043 2292 rerum
1069 2229 1228 2307 Taurinis,
1255 2232 1423 2316 proximae

370 2318 469 2402 genti,
484 2341 502 2381 a
525 2339 633 2381 versus
652 2316 802 2381 Insubres
817 2331 939 2380 motum
960 2313 1079 2380 bellum
1093 2331 1169 2380 erat
1217 2315 1283 2381 Sed
1298 2337 1422 2382 armare

405 2613 418 2646 2
436 2600 484 2656 Qut
497 2598 730 2660 minimum,oi9inti
744 2599 822 2646 millia
832 2613 878 2708 pe·
930 2600 994 2658 'ter,
1013 2603 1076 2648 teste
1093 2600 1179 2648 eodem
1198 2598 1251 2650 cie.
1273 2598 1334 2649 ibid.
1352 2607 1378 2650 et
1397 2601 1423 2650 in
1488 2641 1489 2652 .

371 2663 640 2725 clitum,seaequltum]
655 2661 696 2709 lta
704 2667 822 2710 memorat
854 2677 878 2709 o-
936 2667 999 2721 ruto,
1019 2677 1070 2713 roa.
1105 2663 1172 2712 Hinc
1191 2663 1249 2712 satis
1267 2666 1424 2726 cognoscitur

373 2725 462 2788 lybias,
477 2725 519 2787 qui
535 2725 635 2786 quidem
654 2740 706 2773 sese
723 2725 749 2773 id
767 2725 879 2773 didicisse
911 2739 960 2786 quo
973 2731 1084 2788 tempore
1097 2727 1199 2785 rixent3
1216 2727 1372 2776 Gracchanis
1387 2729 1422 2777 ni·

372 2794 476 2838 testetur
494 2804 524 2836 ex
544 2804 615 2837 aerea
633 2789 718 2837 tabula
735 2789 829 2837 anirrii
847 2789 879 2836 ab
912 2789 1001 2836 mirum
1027 2790 1186 2853 temporibus,
1207 2795 1236 2838 ut
1260 2791 1327 2840 clare
1348 2792 1422 2840 docet

372 2851 426 2914 ipso
446 2853 589 2901 Hannibale
610 2851 727 2914 iuscripta
748 2859 774 2900 et
794 2851 878 2900 incisa.
912 2851 970 2900 Val.
982 2853 1051 2901 Max.
1063 2854 1078 2902 i.
1093 2865 1113 2916 7.
1125 2860 1150 2902 et
1161 2859 1199 2902 sat
1212 2853 1255 2902 diu
1272 2855 1348 2902 etiam
1368 2865 1422 2918 post

371 2917 452 2966 Cant.
912 2915 1045 2965 Gracchos.
1078 2917 1212 2980 scripserat
1223 2917 1349 2966 historiam
1362 2919 1423 2967 belli

405 2983 464 3042 31..
474 2981 574 3029 Cincius
584 2981 736 3040 Alimentus]
761 2979 813 3035 Qui
825 2981 879 3028 dlli-
911 2979 985 3026 huius
1004 2979 1172 3038 Hannibalici,
1194 2987 1221 3030 nt
1243 2981 1370 3044 colligitur
1390 2999 1422 3032 ex

370 3059 431 3104 pm
449 3050 658 3094 monumentorum
676 3050 762 3092 oacmr
780 3049 880 3091 vocatur
912 3042 959 3090 hoc
974 3048 999 3090 et
1015 3057 1064 3092 non
1076 3044 1310 3106 paucisaliishuius
1321 3047 1424 3095 decadis

371 3121 436 3168 supr.
448 3107 487 3155 vit.
498 3123 521 3169 3,
532 3107 602 3154 Fabii
615 3105 719 3154 Pictoris
728 3107 845 3168 aequalis.
910 3105 1015 3166 lociain
1027 3107 1115 3168 quibus
1130 3123 1146 3156 a
1160 3108 1421 3160 Iiriotestiscitstm.
1486 3071 1487 3162 l

404 3171 667 3234 4Mays'saffiuctrse]
691 3169 776 3218 Potius
792 3171 877 3218 afflux·
910 3171 991 3220 Onsv.
1486 3209 1487 3248 p

371 3233 425 3293 isse,
436 3249 510 3296 quam
521 3235 628 3284 adducta
638 3249 697 3284 esse.
715 3233 839 3283 Rrscnro.
942 3235 957 3282 8
973 3235 1096 3284 cremato
1112 3237 1210 3298 tamn]
1229 3234 1370 3286 Glareanus
1387 3245 1422 3286 te-

403 3301 515 3360 5Qnam
526 3301 591 3347 inter
601 3314 682 3347 omnes
691 3299 794 3357 emutat]
808 3299 877 3354 Quo-
910 3302 988 3346 statur
1001 3299 1027 3346 in
1044 3300 1214 3348 vetustioribus
1229 3300 1354 3348 codicibus
1373 3303 1420 3364 legi
1485 3327 1486 3330 κ

371 3375 429 3409 nam
448 3363 538 3412 modo?
559 3377 634 3424 quum
654 3360 772 3424 Polybius
787 3361 820 3410 iii.
838 3360 877 3424 56.
909 3364 1031 3411 centronis
1042 3365 1135 3424 lupum.
1167 3364 1232 3412 Sane
1248 3363 1315 3412 baud
1332 3369 1420 3428 procul

371 3425 460 3474 diserte
478 3425 514 3474 ait
533 3425 700 3478 Hannibalern
718 3425 743 3473 in
763 3425 878 3474 Insubres
910 3426 1044 3474 sPennino
1055 3427 1112 3489 iugo
1124 3427 1263 3476 incolebant
1274 3428 1421 3488 Ceutrones,

370 3489 535 3548 descendisse3
550 3504 566 3536 a
577 3505 625 3552 qno
639 3489 740 3537 minime
756 3488 877 3550 discrepat
910 3488 1023 3538 Gallicus
1039 3493 1161 3553 populum
1177 3497 1202 3540 et
1215 3491 1420 3541 Oentmnicerum

371 3553 479 3612 Caelius,
498 3553 583 3602 Litus
602 3552 667 3600 enim
686 3553 801 3600 Insubres
817 3552 877 3599 olim
910 3552 1010 3614 Alpium
1031 3554 1181 3603 mentionem
1197 3555 1256 3604 fecit
1271 3553 1370 3605 Plinius
1385 3557 1420 3608 H.

369 3615 613 3727 pffitrmponsae
630 3615 785 3663 Ptolemaeus
802 3631 826 3677 Ρ·
837 3613 876 3674 64⁸
911 3615 1257 3743 Nbxtqpinpsppodm]
1277 3683 1420 3746 Augumum

401 3742 417 3791 6
439 3743 635 3804 Vulpocredere]
666 3742 707 3790 Itu
717 3740 782 3790 Ptin.
795 3741 830 3790 Η.
843 3741 876 3791 N.
911 3743 976 3804 Imp.
987 3745 1037 3793 duo
1050 3745 1137 3793 itinera
1150 3761 1193 3810 per
1204 3747 1282 3810 Alpes
1292 3747 1383 3798 Graias
1394 3757 1420 3798 el

368 3805 402 3854 iii.
417 3815 453 3866 17.
910 3805 1014 3855 Peninus
1036 3809 1161 3858 struxisse.
1170 3811 1257 3860 Strabo
1272 3809 1303 3860 ir.
1319 3826 1344 3874 p.
1361 3815 1419 3874 3¹⁸·

403 3869 542 3929 70oels'us]
572 3867 600 3917 L.
618 3869 719 3917 Coelius
738 3869 876 3931 Antipater,
908 3877 996 3920 narrat
1011 3872 1302 3933 Sedeundemanctorem
1310 3883 1419 3935 secutm,

369 3931 472 3993 scriptor
482 3946 531 3980 non
542 3931 670 3980 mediocris
683 3933 750 3995 apud
763 3933 876 3994 antiquos
908 3935 1046 3984 cramerius
1055 3937 1119 3984 viam
1131 3953 1175 4000 per
1184 3939 1230 3986 bos
1239 3945 1419 3990 montesantea

369 3997 464 4044 famae:
483 3996 525 4057 qui
542 4011 573 4043 ex
589 3995 716 4044 ieiunitate
728 4003 836 4046 veterum
851 4004 876 4046 et
908 3998 1016 4060 petuisse
1026 4006 1115 4050 censet.

368 4064 481 4122 serpente
507 4059 576 4108 humi
600 4059 758 4122 simplicitate
784 4061 876 4122 primns
946 4077 957 4111 r
978 4065 1027 4113 Sed
1047 4066 1078 4112 el
1099 4067 1139 4126 eo]
1171 4063 1267 4114 Vocem
1288 4068 1419 4117 Prutsrem

364 4125 506 4184 paullulum
520 4139 546 4172 se
560 4126 647 4182 erecte,
656 4131 680 4173 st
696 4127 790 4173 addidit
804 4125 875 4174 listo-
908 4133 993 4175 contra
1002 4143 1018 4175 a
1028 4127 1124 4177 Celtica
1135 4143 1194 4178 voce
1204 4131 1287 4189 Pron,
1298 4145 1363 4192 quae
1374 4133 1419 4180 ho-

366 4189 420 4236 rtae
435 4189 550 4236 mamma
565 4203 651 4235 sonam
665 4191 736 4246 soem,
747 4194 775 4236 ut
786 4189 821 4238 ait
832 4189 872 4239 ci-
905 4191 946 4239 die
961 4192 1028 4252 apud
1040 4194 1179 4242 Armorieos
1193 4193 1293 4243 Galliae
1308 4197 1420 4256 populos

367 4265 422 4297 cero
433 4250 464 4298 de
476 4251 517 4300 Or.
529 4251 553 4298 ii.
567 4263 604 4312 54.
632 4253 660 4300 L.
671 4252 763 4310 Cbmrt,
773 4252 873 4315 insignis
905 4263 988 4304 vertes
999 4261 1024 4303 et
1034 4264 1110 4318 caput
1120 4257 1218 4318 dicitur,
1228 4259 1363 4308 cleritatem
1381 4263 1418 4310 fn·

366 4313 433 4362 illius
449 4313 557 4374 oratoris,
568 4317 713 4375 familiaria,
724 4315 775 4364 imo
787 4321 812 4365 et
822 4333 871 4366 ma·
904 4318 950 4368 isse
962 4319 1047 4381 procul
1059 4319 1134 4368 dubio
1144 4328 1188 4373 est.
