2874 4772
385 227 448 288 336
767 221 880 290 ΤΙΤΙ
907 221 1043 288 LIVII

230 367 264 418 U.
276 369 305 419 (t.
322 357 529 436 542.‘milites,
545 357 620 422 binc
635 357 788 436 classicos,
804 381 862 448 per
876 381 987 424 omnes
1001 358 1078 423 deos
1095 369 1217 445 paratos
1230 357 1330 434 iurare,
1343 377 1387 420 ma·
1402 427 1403 430 Ἴ

229 434 259 480 Α·
275 436 305 484 0·
322 449 376 486 ²¹⁰·
387 445 452 533 ‘gis
470 468 551 532 quae
572 445 680 523 velint,
695 468 792 532 quem
807 468 889 533 quae
911 446 1021 524 sciant,
1043 467 1119 510 vera
1138 467 1215 522 ⁶⁵⁸0,
1237 459 1269 508 ⁰¹
1287 444 1387 508 ⁰b⁸ffi¹t
1402 469 1403 472 ’

385 541 479 682 :fiere
493 533 631 618 periurio
646 555 712 597 non
726 554 759 597 se
774 532 877 598 solum
891 554 1048 632 suumque
1063 545 1168 618 eaput,
1184 531 1241 596 sed
1253 531 1332 616 signa
1348 529 1387 591 mi

427 619 514 695 tario,
530 631 563 683 et
578 619 707 706 aquilas,
723 620 973 720 sacramentique
988 641 1023 683 re
1069 619 1184 684 'ouem
1230 615 1403 702 Haecseadi

385 714 478 770 ‘eum
499 705 540 770 de
562 706 719 770 sententia
741 705 777 770 P.
796 705 939 772 Cornelii
961 719 994 770 et
1082 703 1260 793 Sempronii
1281 703 1386 766 deterre?

385 791 501 880 Scipio,
517 792 695 857 collaudato
710 791 831 870 Laelio,
843 793 884 857 ad
898 793 1085 857 concionem
1099 791 1272 868 advocavit,
1301 812 1386 852 roum

382 879 545 966 flevitque,
567 878 631 944 ‘Se
653 879 727 944 satis
749 891 945 980 compertum
967 879 1093 956 habere,
1119 877 1161 953 Q
1175 877 1241 942 Tre
1300 877 1351 938 'um
1365 891 1384 937 et

384 964 476 1031 ‘Seru
494 965 654 1053 Digitium
679 966 796 1053 pariter
820 989 854 1029 m
878 983 1004 1030 munim
1029 965 1228 1030 escendisse:
1250 983 1403 1050 sequeus

383 1061 393 1091 ‘
400 1055 519 1130 ambos,
537 1053 662 1118 virtutis
687 1075 789 1131 causa,
813 1053 937 1118 coronis
962 1052 1134 1116 muralibus
1154 1051 1291 1117 donara’
1326 1049 1403 1124 Tun¹

381 1139 530 1227 reliqum,
552 1152 648 1226 prout
668 1141 785 1226 cuique
809 1139 958 1204 meritum
979 1140 1141 1225 virtusque
1168 1151 1248 1216 erat,
1272 1134 1381 1200 donavit:

380 1239 454 1292 ante
469 1249 579 1292 omncs
596 1226 635 1291 C.
649 1225 795 1290 Laelium
817 1225 1010 1313 praefectum
1029 1224 1135 1291 classis
1149 1239 1185 1290 et
1199 1225 1284 1290 omni
1301 1243 1382 1310 geren

380 1311 482 1377 laudis
507 1314 634 1378 sibimet
657 1313 724 1400 ipse
748 1313 906 1399 aequavit,
925 1325 958 1378 et
979 1335 1095 1378 corona
1116 1334 1217 1378 aurea
1238 1335 1273 1377 ac
1291 1307 1382 1395 aigina

379 1399 483 1464 bubus
496 1400 635 1466 donavit.

314 1538 322 1555 .
424 1486 510 1551 Tum
525 1487 649 1552 obsides
663 1486 836 1552 civitatium
849 1485 1022 1575 Hispaniae
1036 1486 1142 1552 vocari
1156 1485 1265 1552 iumit:
1285 1503 1381 1572 quonm

380 1586 517 1659 quantus
538 1596 689 1638 numerus
707 1574 812 1653 fuerit,
827 1574 915 1675 piget
929 1575 1073 1651 scribere,
1088 1574 1214 1661 quippe
1228 1595 1317 1661 quum
1333 1567 1381 1634 albi

380 1671 538 1724 trecentos
558 1659 667 1738 ferme,
692 1659 766 1725 abbi
788 1674 1004 1748 septingentos
1025 1660 1137 1748 viginti
1159 1663 1301 1747 quinque
1318 1656 1380 1720 iuis

378 1745 545 1811 inveniam.
589 1747 704 1834 Aeque
719 1760 753 1813 et
766 1747 828 1813 alia
841 1747 925 1812 inter
938 1760 1080 1812 auctores
1094 1747 1286 1834 discrepant.
1317 1743 1381 1806 Prae

377 1832 494 1896 sidium
509 1832 667 1898 Punicum
682 1833 762 1898 alius
776 1834 898 1910 decem,
914 1835 993 1898 alius
1007 1847 1138 1920 septem,
1154 1833 1239 1898 alius
1253 1829 1326 1896 isui
1336 1827 1380 1924 pli
1402 1885 1403 1898 ,

376 1941 474 2020 quam
488 1919 588 1985 duum
603 1920 738 1986 millium
752 1920 847 1986 fuisse
862 1921 978 1986 scribit.
1013 1920 1116 2008 Capta
1130 1919 1211 1986 alibi
1225 1919 1325 1984 decem
1336 1911 1380 1978 nul·
1402 1975 1403 1980 ,

376 2005 419 2071 lm
432 2007 581 2096 capitum,
598 2006 671 2072 alibi
686 2030 781 2095 supra
794 2007 937 2095 quinque
953 2021 986 2072 et
1000 2006 1113 2094 viginti
1127 2007 1281 2072 invenias
1320 2002 1379 2099 Smi-

375 2094 486 2180 piones
501 2095 633 2159 maiores
648 2094 848 2180 minoresque
869 2094 910 2158 ed
931 2095 1094 2181 sexaginta
1107 2116 1145 2158 ca
1167 2109 1222 2160 tos
1235 2093 1378 2179 scripserit
1402 2125 1403 2166 1

375 2181 402 2244 si
417 2195 577 2247 auctorem
594 2180 753 2246 Graecum
769 2203 883 2268 sequar
898 2180 1058 2245 Silenum:
1082 2180 1109 2246 si
1122 2116 1289 2246 tlaleiium
1302 2173 1403 2258 Anisa

375 2279 450 2346 tem,
466 2269 620 2333 maiorum
643 2266 845 2355 scorpionum
866 2289 922 2332 sex
945 2267 1052 2345 millia,
1068 2267 1233 2332 minorum
1250 2263 1377 2332 aeduin

374 2353 455 2418 adeo
471 2355 576 2420 nullus
591 2354 767 2420 mentiendi
781 2355 895 2419 modus
910 2367 967 2419 est.
1013 2353 1066 2419 Ne
1081 2353 1121 2419 de
1136 2352 1275 2420 ducibus
1287 2349 1377 2440 quiden

374 2443 532 2506 convenit.
578 2441 727 2528 Plerique
754 2440 900 2505 Laelium
925 2441 1095 2528 praelirisse
1119 2439 1233 2517 classi3
1256 2452 1328 2512 sunt,
1344 2453 1376 2518 qu

374 2525 423 2590 M.
440 2526 569 2593 Iunium
597 2528 740 2592 Silanum
765 2527 882 2592 dicant
932 2527 1067 2592 Arinem
1095 2527 1270 2614 praefuisse
1293 2521 1376 2590 Punici
1402 2537 1403 2612 t

373 2613 540 2698 praesidio,
562 2614 771 2702 deditumque
795 2614 957 2692 Romanis,
980 2614 1094 2679 Antias
1114 2613 1280 2688 Valerius;
1301 2609 1376 2693 bitti

373 2720 447 2762 nem
463 2699 515 2764 alii
530 2701 696 2788 scriptores
712 2701 850 2766 tradunt
896 2700 973 2766 Non
987 2701 1029 2765 de
1044 2723 1176 2765 numero
1201 2701 1321 2765 narium
1331 2715 1376 2777 (sp
1402 2715 1403 2762 i

373 2797 485 2864 tarum,
512 2810 578 2852 non
599 2788 640 2853 de
665 2788 806 2876 pondere
837 2787 906 2852 auri
932 2801 1027 2874 atque
1055 2786 1189 2874 argenti,
1213 2802 1249 2853 et
1272 2784 1376 2850 reditui
1402 2765 1403 2848 l

433 2873 536 2952 oniae,
552 2875 708 2940 convenit.
757 2873 791 2940 si
805 2873 847 2938 ali
871 2875 962 2940 uibus
977 2873 1120 2940 assentiri
1135 2897 1267 2940 necesse
1280 2886 1376 2960 estut·

214 2971 337 3035 Scipionis
396 2958 425 3024 ‘a
446 2960 604 3026 simillima
624 2963 706 3026 veris
726 2975 809 3026 sunt.
888 2974 1010 3026 aterum
1030 2961 1146 3048 Scipio,
1162 2963 1283 3026 voeatis
1297 2952 1376 3022 obsidi-

214 3037 241 3148 ἓξ
252 3039 360 3154 Μᾴἰ
371 3047 440 3125 bus,
451 3048 590 3135 primum
601 3049 763 3113 universos
777 3048 896 3112 bonum
912 3049 1052 3112 animum
1067 3047 1185 3113 habere
1202 3047 1297 3112 iussit.
1322 3038 1375 3137 ‘lt

233 3115 316 3152 ”mm
372 3135 476 3200 ‘nisse
502 3158 556 3200 eos
580 3137 615 3199 in
641 3134 751 3236 populi
776 3133 913 3198 Romani
944 3147 1142 3221 potestatem,
1167 3135 1228 3222 qui
1251 3129 1374 3199 benefico

372 3228 383 3258 ‘
415 3243 488 3285 uam
512 3235 610 3300 metu,
634 3221 772 3309 obhgare
794 3221 940 3286 homines
961 3220 1066 3298 malit3
1093 3233 1282 3308 exterasque
1301 3229 1374 3304 gente

372 3315 382 3345 ‘
391 3243 455 3372 ide
470 3331 507 3373 ac
521 3309 670 3374 societate
685 3309 808 3374 iunctas
829 3307 956 3386 habere,
972 3331 1068 3396 quam
1084 3308 1165 3374 tristi
1179 3309 1326 3374 subiectas
1336 3319 1373 3363 su·

402 3550 875 3628 5Saerammtq=urett9om1ttuip
907 3555 934 3599 to
944 3549 1040 3599 silentio
1052 3549 1156 3612 premit?
1189 3549 1263 3598 Idem
1276 3553 1299 3595 et
1312 3537 1373 3590 iniis

369 3631 402 3678 pe
421 3617 520 3666 Laelius
539 3618 674 3680 periculum
694 3631 746 3665 ease
765 3617 876 3678 putabat,
908 3613 967 3664 locis
981 3615 1013 3662 ab
1024 3629 1053 3662 eo
1064 3614 1203 3662 factitatum
1220 3613 1372 3678 aliquotiens

369 3695 410 3740 ae,
426 3681 467 3743 qui
482 3697 526 3744 per
541 3682 610 3744 signa
624 3680 739 3729 militaria
754 3679 875 3742 pderare·
907 3679 1055 3739 monuimus,
1075 3684 1104 3726 ut
1126 3675 1153 3726 iu
1176 3678 1280 3725 transitu
1300 3674 1373 3731 Alpina

368 3743 426 3818 rint,
436 3746 523 3794 eadem
539 3745 589 3794 irae
602 3746 702 3794 deorum
714 3743 838 3802 obiiciant,
849 3750 874 3792 et
906 3742 1006 3792 Tarenti
1022 3741 1167 3805 proditioue,
1177 3731 1372 3847 expugnatioffissb

400 3933 459 3984 ost
472 3945 593 3987 auctorem
604 3941 724 3988 Graecum
738 3939 874 4002 septemti-
906 3943 970 3986 tunt.
1003 3935 1371 3998 Seupaemtroeltommnsii·

367 4000 465 4049 lenum
481 4005 503 4050 at
519 4003 641 4050 Valerium
652 4004 789 4062 Antiatem]
809 4003 874 4058 Quia
906 4001 1000 4049 mordio
1016 4001 1090 4058 urbis,
1105 4003 1167 4048 teste
1182 3997 1257 4047 Dion.
1270 3987 1370 4068 idlll‘

367 4077 417 4111 non
434 4063 534 4114 miretur
543 4065 693 4128 diligentiam
708 4066 772 4115 Livii
788 4067 814 4116 in
830 4083 845 4115 a
906 4081 989 4124 naeus,
999 4065 1041 4114 xii.
1056 4079 1091 4114 rr.
1104 4063 1254 4112 mentionem
1264 4061 1315 4108 taut
1323 4055 1370 4103 Μ

367 4127 488 4188 pellendis
503 4129 533 4176 iis
549 4129 687 4179 auctoribus
699 4147 760 4192 quos
775 4131 873 4190 reselht,
905 4129 1037 4189 Calactini,
1046 4128 1088 4190 qui
1098 4126 1221 4176 historiam
1234 4124 1329 4174 Siculam
1337 4127 1370 4162 ὑῒ

367 4189 455 4250 quibua
471 4193 570 4254 derogat
587 4192 677 4252 finem
697 4195 757 4242 dum
774 4195 872 4256 Polybii
905 4193 1009 4242 diderit:
1032 4207 1105 4255 quem
1119 4193 1217 4256 quidem
1235 4188 1328 4256 eundem
1340 4187 1369 4226 fl*

367 4268 465 4314 nomen,
482 4255 550 4303 cuius
566 4271 580 4303 e
596 4255 658 4303 libro
673 4272 698 4305 x.
714 4263 791 4305 totam
808 4258 872 4306 hanc
905 4273 960 4304 cum
973 4257 1020 4306 hoc
1027 4272 1107 4306 rerum
1117 4257 1281 4306 Romanam
1290 4254 1369 4307 sentim

366 4325 520 4388 expugnatae
528 4319 682 4380 Carthaginis
692 4319 780 4369 Novae
792 4337 871 4369 narra-
905 4321 1053 4370 nihilvetnt.
1086 4321 1126 4370 De
1138 4319 1237 4368 Valerio
1249 4315 1334 4366 Amisit
1342 4319 1369 4365 ts*

367 4385 457 4428 tionem
473 4397 536 4442 pene
546 4383 579 4431 ad
590 4383 690 4430 verbum
701 4383 827 4444 expromt,
837 4386 871 4432 cl-
905 4400 960 4433 mus
970 4401 1036 4448 supr.
1047 4385 1081 4434 iii.
1094 4397 1117 4446 5.
1134 4385 1212 4434 caat.
