2878 4772
315 200 381 264 416
705 191 821 260 ΤΙΤῙ
849 191 985 260 LIVll

159 342 238 460 r:
253 332 456 495 aaut
480 330 651 482 risit
675 328 1088 504 tiuarpthiffi‘r·
1101 323 1372 486 iffi

316 503 441 590 longior
454 439 489 568 dt
502 502 559 567 diu
573 438 722 602 ambing
735 524 778 588 pu
856 503 926 567 fuit
973 500 1014 566 Se
1053 521 1159 586 quum
1175 499 1219 564 ab
1235 497 1373 563 stationi·

317 591 377 655 bus
396 587 533 676 primum
553 587 722 674 expedrtae
743 610 782 653 co
806 601 899 665 ortes,
915 586 1033 652 deinde
1054 609 1098 650 ex
1119 607 1224 672 opere
1248 583 1373 648 deducti

318 675 445 752 milites,
461 686 556 760 atque
572 696 659 740 arma
672 697 785 760 capere
800 674 876 739 iussi
891 672 998 760 plures
1012 684 1047 736 et
1060 671 1184 758 integri
1198 670 1295 735 famis
1308 670 1388 742 sub-3

318 761 412 838 irent,
424 781 638 846 magnumque
654 759 717 824 iam
732 783 846 846 agmen
862 769 1053 824 armatorum
1068 781 1090 822 a
1103 757 1223 822 eastris
1239 757 1277 820 in
1290 778 1373 843 prce

319 845 398 910 lium
413 858 528 921 rueret,
544 858 632 931 terga
650 844 737 911 haud
757 846 853 911 dubie
868 857 997 910 vertunt
1011 841 1115 908 Poeni
1131 841 1371 928 Numidaeque.

321 931 366 997 Et
378 933 482 1018 primo
498 931 657 996 turmatim
674 931 813 1008 abibant,
828 931 909 995 nihil
928 943 1059 1017 propter
1074 951 1238 1015 pavorem
1254 927 1373 992 festina

321 1019 479 1082 tionemve
494 1016 631 1082 confusis
646 1017 827 1082 ordinibus:
850 1017 936 1093 dein,
947 1029 1117 1115 postquam
1131 1015 1248 1079 acrius
1264 1013 1372 1077 ultimis

319 1103 481 1168 incidebat
497 1103 670 1179 Romanus,
686 1125 792 1189 neque
812 1103 959 1168 sustinen
979 1101 1119 1187 impetus
1139 1113 1288 1188 poterat,
1303 1097 1372 1162 nihil

319 1189 383 1254 iam
398 1188 546 1254 ordinum
561 1210 725 1267 memores,
740 1188 866 1275 passim,
882 1210 947 1273 qua
965 1187 1082 1273 cuique
1101 1187 1299 1272 proximum
1312 1185 1372 1258 fuir

319 1274 355 1339 in
375 1275 483 1361 fugam
504 1273 721 1338 effunduntur.
768 1273 812 1338 Et
825 1295 1007 1361 quanquam
1027 1294 1067 1337 eo
1087 1271 1221 1358 proelio
1236 1271 1375 1358 aliquau-

321 1372 389 1426 tum
409 1374 443 1426 et
458 1360 613 1424 Romanis
638 1361 723 1424 aucti
745 1372 778 1424 et
803 1360 960 1425 deminuti
981 1358 1126 1424 hostibus
1148 1358 1259 1422 animi
1283 1365 1374 1432 eran:

321 1459 428 1512 tamen
444 1468 609 1532 nunquam
623 1444 746 1531 aliquot
759 1446 964 1533 insequentes
980 1444 1048 1508 dies
1067 1443 1108 1508 ab
1129 1443 1375 1508 excursioniha

321 1531 466 1618 equitum
481 1531 621 1618 levisque
636 1545 811 1596 armaturae
827 1545 982 1596 cessatum
996 1543 1053 1594 est

214 1625 264 1686 14.
366 1616 433 1680 Ubi
454 1618 529 1681 satis
551 1629 690 1682 tentatae
711 1641 769 1705 per
790 1617 869 1682 haec
890 1617 972 1682 levia
992 1615 1172 1681 certamina
1186 1616 1279 1680 vires
1300 1631 1374 1688 sunt,

164 1708 213 1758 Pro
224 1707 290 1756 vallo
321 1702 408 1790 prior
419 1700 600 1766 Hasdrubal
615 1703 649 1766 in
663 1704 763 1768 aciem
778 1703 884 1790 copias
898 1703 1027 1768 eduxit:
1051 1700 1174 1766 deinde
1191 1717 1229 1766 et
1243 1701 1375 1766 Romani

163 1775 299 1883 ffiffi?
322 1809 508 1875 processere.
556 1786 620 1852 Sed
645 1802 778 1875 utraque
802 1789 886 1854 acies
908 1811 966 1876 pro
982 1785 1064 1852 vallo
1086 1787 1181 1852 stetit
1204 1789 1374 1852 instructa:

163 1850 244 1948 adesi
321 1887 355 1940 et
369 1895 468 2023 quum
484 1873 523 1938 ab
538 1874 658 1938 neutris
672 1887 904 1962 puguacocpta
917 1887 1007 1950 esset,
1020 1873 1083 1937 iam
1098 1872 1153 1936 die
1171 1873 1218 1936 ad
1235 1895 1377 1938 ocmsrrm

320 1960 373 2025 inc
398 1972 503 2037 naute,
519 1983 539 2024 a
553 1958 664 2024 Poeno
679 1962 775 2046 prius,
790 1961 908 2024 deinde
922 1961 962 2024 ab
979 1959 1127 2024 Romano
1147 1959 1189 2021 in
1210 1973 1321 2024 castra
1333 1981 1377 2022 m·

321 2046 392 2134 piae
407 2045 566 2110 reductae.
612 2044 686 2110 Hoc
701 2046 786 2110 idem
804 2067 863 2146 per
881 2045 949 2110 dies
968 2045 1090 2131 aliquot
1102 2043 1246 2109 factum.
1296 2044 1377 2108 Prior

321 2154 446 2220 semper
460 2131 588 2196 Poenus
603 2153 641 2195 co
664 2131 709 2196 ias
724 2145 833 2196 castus
847 2132 1018 2197 educebat:
1042 2129 1130 2216 prior
1149 2129 1250 2194 semis
1271 2129 1376 2194 stando

320 2217 448 2305 signum
470 2217 613 2304 receptui
698 2231 739 2282 at
785 2218 840 2283 Ab
861 2229 974 2284 neutra
1104 2238 1318 2302 procrusum,
1338 2231 1377 2278 re·

321 2303 428 2368 lumvc
450 2304 589 2381 missum,
614 2315 670 2370 aut
693 2327 757 2368 vox
782 2303 847 2370 ulla
872 2315 948 2368 orta.
1033 2302 1141 2366 ediam
1169 2303 1285 2366 aciem
1311 2303 1375 2366 hinc
1434 2327 1435 2372 r

323 2389 472 2466 Romani,
496 2388 582 2454 illinc
607 2388 886 2477 Carthaginienses
911 2387 1003 2453 mixti
1027 2387 1125 2464 Afris,
1150 2410 1286 2453 cornua
1311 2387 1376 2452 socii

323 2476 491 2540 tenebant:
516 2487 606 2540 eraut
634 2488 741 2540 autem
769 2475 930 2561 utrimque
958 2473 1094 2561 Hispani
1123 2496 1187 2560 pro
1220 2475 1375 2538 cornibus

324 2564 412 2624 Ante
429 2560 584 2625 Punicam
599 2561 701 2626 aciem
716 2561 877 2647 elephanti
891 2559 1089 2630 castellorum
1104 2560 1227 2646 procul
1243 2561 1376 2648 speciem

323 2645 525 2732 praebebant
571 2645 640 2711 Iam
653 2646 714 2710 hoc
729 2648 763 2711 in
779 2647 919 2733 utrisque
935 2646 1043 2711 castris
1057 2646 1222 2710 sermonis
1237 2661 1321 2722 erat,
1331 2647 1376 2718 iu,

324 2743 361 2795 ut
375 2729 520 2794 instructi
533 2733 702 2810 stetissent,
717 2755 741 2820 p
807 2746 921 2798 aturos.
946 2731 1073 2797 Medias
1087 2731 1174 2796 scies
1193 2731 1377 2798 Romanurn

324 2813 544 2902 Poenumque,
560 2840 640 2904 quos
662 2818 745 2882 inter
787 2818 841 2883 elli
860 2841 954 2884 causa
973 2829 1063 2896 esset,
1081 2818 1152 2904 pari
1171 2819 1301 2884 robore
1320 2818 1379 2882 nni·

324 2923 448 2966 morum
466 2924 689 2991 armorumque
704 2927 918 2970 concursuros
966 2903 1072 2990 Scipio
1095 2903 1153 2968 ubi
1174 2903 1266 2969 haec
1290 2903 1379 2970 obsti·

323 3001 398 3052 nate
410 2987 531 3054 credita
544 2989 776 3067 animadvertit,
789 2991 897 3056 omnia
909 2990 950 3054 de
965 2989 1121 3054 industria
1135 2988 1171 3052 in
1188 3012 1273 3054 eum
1289 2989 1378 3064 diem,

324 3095 389 3222 quo
403 3087 601 3160 pugnaturus
615 3089 693 3152 erat,
705 3077 848 3141 mutavit
881 3076 1046 3140 Tesseram
1061 3075 1187 3162 vesperi
1204 3098 1270 3163 per
1285 3089 1381 3141 ossus

347 3159 423 3236 edit,
439 3173 476 3224 ut
493 3173 567 3225 ante
586 3159 691 3226 lucem
706 3162 765 3226 viri
787 3163 925 3248 equique
946 3161 1046 3227 curati
1065 3174 1099 3225 et
1119 3163 1236 3247 pransi
1256 3179 1378 3228 essent:

167 3259 260 3334 Hortos
270 3274 310 3323 aga
325 3257 463 3309 armatus
488 3268 586 3332 eques
607 3245 745 3313 frenatos
765 3248 974 3333 instratosque
994 3258 1117 3312 teneret
1136 3269 1256 3334 equos.
1307 3248 1381 3312 Vix·

165 3325 274 3436 ffiu'
325 3329 404 3394 dum
418 3330 491 3394 satis
505 3345 591 3396 certa
604 3331 685 3410 luce,
702 3333 880 3432 equitatum
894 3355 1022 3398 omnem
1037 3355 1110 3398 cum
1130 3332 1198 3398 levi
1220 3347 1379 3400 umatum

208 3402 224 3449 Ρ
249 3423 257 3438 ’
325 3415 360 3480 in
388 3415 540 3480 stationes
565 3416 703 3482 Punicas
732 3419 878 3484 immisit:
903 3419 978 3484 inde
1004 3418 1170 3484 confestim
1203 3420 1278 3506 ipse
1311 3441 1379 3484 enm

324 3501 411 3588 gravi
433 3501 559 3588 agmine
580 3501 742 3652 legionum
763 3504 915 3591 procedit,
931 3517 1056 3592 praeter
1075 3503 1269 3591 opinionem
1286 3505 1380 3570 desti
1435 3489 1436 3574 i

324 3597 431 3652 natam
457 3610 585 3652 suorum
637 3589 827 3676 ostiumque,
851 3590 998 3655 Romano
1024 3590 1123 3654 milite
1147 3592 1310 3656 cornibus
1331 3593 1379 3654 fir·

325 3673 427 3750 matis,
449 3675 542 3739 sociis
563 3674 597 3738 in
619 3675 757 3740 mediam
782 3676 883 3742 aciem
908 3677 1053 3763 acceptis
1100 3673 1305 3755 Hasdrubal,
1321 3677 1379 3742 ols·

325 3779 412 3823 more
427 3759 573 3846 equitum
587 3761 751 3839 excitabis,
764 3775 800 3827 ut
815 3785 855 3828 ex
871 3761 1072 3828 tabemaculo
1086 3761 1248 3848 prosiluit,
1260 3762 1378 3828 tumul·

357 3997 373 4046 3
389 3985 473 4047 Atque
486 4002 558 4036 amm
572 4003 660 4050 :epm
674 3991 736 4038 iussi
746 3991 833 4052 pluro:
865 3990 955 4040 Sensus
965 3989 1065 4039 omnino
1076 3991 1157 4040 elsrus
1167 3995 1214 4040 cst.
1242 3993 1378 4054 Quumque

324 4055 350 4100 st
365 4050 455 4109 integri
466 4051 541 4108 senta
557 4052 678 4112 adirent]
697 4053 832 4119 Revocari·
864 4056 947 4130 pluras
957 4055 1016 4114 iam,
1026 4053 1091 4116 iique
1101 4055 1199 4117 integri,
1207 4070 1282 4104 arms
1294 4071 1379 4118 capue

325 4127 381 4186 mus
399 4112 500 4186 verbum
516 4115 636 4173 mbirerrt,
652 4117 718 4176 quod
738 4117 832 4166 Grono-
864 4118 931 4177 russi,
950 4119 1109 4167 srreosdersnt
1129 4118 1155 4166 in
1175 4133 1266 4167 comm
1290 4121 1379 4176 locum,

326 4189 380 4224 uus
397 4189 501 4223 mmrum
520 4176 649 4225 obsecutus
667 4179 761 4240 aliquot
780 4195 832 4230 uss.
864 4180 1194 4244 quisessipugnandoerant.
1206 4183 1296 4233 Can.
1320 4184 1378 4232 Gra

325 4237 464 4310 auctoritati
481 4238 621 4296 sustulerat,
636 4253 713 4298 quum
732 4242 785 4291 sina
803 4257 832 4292 eo
864 4245 1045 4296 noviosuctorc
1054 4243 1378 4298 Rskkemooemmtasu
1435 4239 1436 4252 ¹

326 4303 404 4346 aratro
430 4305 500 4349 curta
525 4307 551 4348 et
582 4301 689 4362 abrupta
716 4303 832 4356 videatur.
865 4306 963 4362 delevit.
1037 4355 1040 4368 ,
