2888 4768
340 187 437 256 LIB.
461 187 573 256 XXV.
608 187 720 258 CAP.
747 196 796 256 10.
1029 196 1091 260 241

59 349 159 392 manus
172 337 247 405 erat,
259 348 332 392 cum
345 325 439 392 solito
453 339 564 414 captae
577 326 755 394 venationis
769 349 882 394 onere:
906 327 1004 394 ceteri
1019 351 1092 416 pro-
1101 347 1134 400 u.
1146 349 1177 400 c.
1193 361 1248 412 542

58 413 164 479 ditores
174 437 219 491 ea,
252 436 310 479 uae
322 413 496 501 composita
504 425 604 492 erant,
616 415 850 502 exspectabant
888 413 1130 480 Convenerat*
1147 415 1178 464 0·
1194 427 1249 464 ²1²·

57 513 162 578 autem,
177 515 213 566 nt
223 439 439 578 llhilemenus,
450 499 577 587 portula
590 514 714 566 assueta
727 501 928 568 venationem
943 501 1091 578 inferens,

57 601 179 652 armatos
206 587 389 652 induceret:
424 601 513 674 purte
543 587 604 652 alia
632 590 756 675 portam
782 587 962 654 Temenida
989 588 1092 654 adiret

38 671 215 738 7Hannibal.
262 673 311 738 Ea
332 672 562 739 mediterranea
582 675 711 760 regione
734 675 888 740 orientem
910 676 1089 762 spectabat:

55 759 241 847 aliquantum
262 761 346 826 intra
367 760 494 825 moenia
512 759 728 826 includuntur.
776 760 886 836 Quum
903 773 1013 848 portae
1035 783 1091 849 ap-

54 848 278 935 propinquaret,
294 847 399 913 editus
418 869 460 910 ex
479 847 653 934 composito
673 846 755 934 ignis
773 847 813 912 ab
832 845 1013 912 Hannibale
1031 861 1089 925 est,

53 933 235 1022 refulsitque.
281 933 371 999 Idem
382 932 544 998 redditum
555 935 594 999 ab
609 931 735 998 Nicone
747 933 890 1021 signum:
914 935 1090 1000 exstinctae

52 1019 158 1086 deinde
174 1022 270 1086 utrim
294 1044 334 1086 ue
349 1021 494 1085 flammae
509 1032 591 1085 sunt
639 1018 802 1084 Hannibal
816 1020 942 1086 silentio
953 1020 1091 1086 ducebat

52 1106 88 1170 ad
107 1124 236 1207 portam.
319 1108 368 1172 ico
386 1129 426 1171 ex
448 1106 619 1194 improviso
640 1105 768 1171 adortus
784 1107 903 1195 sopitos
923 1106 1034 1195 vigiles
1055 1107 1090 1171 in

51 1193 198 1260 cubrlibus
212 1195 277 1260 suis
291 1195 468 1270 obtruncat,
481 1206 667 1280 portamque
683 1193 793 1281 aperit
838 1193 1002 1260 Hannibal
1016 1215 1090 1259 cum
1099 1209 1235 1285 rmum

51 1280 185 1366 peditum
207 1282 334 1369 agmine
356 1279 542 1367 ingreditur,
565 1281 689 1367 equites
714 1280 881 1346 subsistere
904 1280 1012 1346 iubete
1043 1293 1089 1358 ut,
1098 1275 1232 1338 rngmditur

51 1389 109 1451 quo
121 1389 169 1432 res
183 1367 334 1456 postulet,
350 1389 514 1432 occurrere
529 1366 628 1432 libero
643 1389 755 1454 campo
770 1380 907 1454 possent
955 1366 998 1433 Et
1012 1366 1090 1433 Phi-
1100 1338 1235 1390 Haemus.

51 1450 184 1518 lemenus
198 1454 342 1542 portulae
357 1466 446 1541 parte
461 1452 531 1530 alia,
546 1477 611 1540 qua
625 1475 801 1518 commeare
817 1467 965 1532 assuerat,
977 1477 1091 1542 appro-

50 1539 223 1626 pinquabat.
270 1540 359 1605 Nota
376 1561 440 1604 vox
459 1539 528 1605 eius
547 1552 580 1605 et
598 1539 749 1606 familiare
769 1541 833 1604 iam
848 1541 975 1628 signum
989 1563 1090 1629 quum

50 1627 207 1692 excitasset
217 1626 356 1714 vigilem,
366 1626 496 1703 dicenti,
508 1626 562 1690 vix
571 1627 726 1693 sustinere
733 1627 862 1714 grandis
870 1628 989 1693 bestiae
999 1649 1089 1706 onus,

50 1713 166 1811 portula
186 1713 336 1802 aperitur.
382 1712 558 1778 Inferentes
580 1735 691 1801 aprum
713 1713 793 1780 duos
814 1715 944 1780 iuvenes
963 1728 1090 1780 secutus

50 1821 109 1886 ipse
134 1824 207 1866 cum
231 1800 383 1888 expedito
406 1811 566 1877 venatore,
588 1799 727 1888 vigilem,
751 1801 909 1866 incautius
938 1801 1090 1866 miraculo

50 1887 269 1974 magnitudinis
283 1887 395 1964 ineos,
411 1887 468 1973 qui
482 1886 634 1964 ferebant,
646 1908 780 1965 versum,
792 1885 949 1952 venabulo
964 1888 1087 1954 traiicit.

49 1969 178 2060 ingressi
192 1973 312 2040 deinde
333 1973 463 2061 triginta
475 1972 540 2038 fere
561 1973 682 2051 annati,
697 1985 819 2038 ceteros
833 1972 943 2060 vigiles
958 1973 1090 2039 obtrun-

50 2073 125 2137 cant,
140 2061 382 2147 refringrmtque
436 2071 516 2124 rtam
527 2060 721 2146 proximam:
745 2072 779 2124 et
793 2081 909 2146 agmen
923 2060 982 2125 sub
991 2061 1015 2124 s'
1064 2059 1071 2075 '

49 2147 206 2214 confestim
217 2147 340 2234 irrupit
426 2145 468 2210 de
482 2167 556 2209 cum
571 2144 698 2209 silentio
715 2145 750 2209 in
764 2145 868 2210 forum
881 2145 980 2223 ducti,
997 2083 1090 2211 ff

49 2231 139 2298 nibali
152 2257 220 2300 sese
237 2234 480 2298 coniunxerunt.
529 2230 615 2296 Cum
629 2230 753 2296 duobus
767 2232 907 2296 millibus
924 2231 1089 2299 Gallorum

49 2316 178 2399 Poenus,
198 2321 235 2384 in
255 2333 319 2384 tres
333 2318 441 2384 divisis
459 2331 574 2405 partes,
589 2340 648 2405 per
664 2318 775 2382 urbem
790 2317 923 2385 dimittit
941 2319 1090 2386 Tarenti·

48 2425 109 2483 nos,
131 2421 164 2473 et
184 2407 301 2471 itinera
326 2428 422 2557 quam
445 2405 582 2470 maxime
603 2405 783 2507 frequentia
804 2428 883 2471 oocu
906 2429 958 2472 are
980 2406 1086 2472 iubet:

49 2493 181 2560 tumultu
215 2505 296 2570 orto,
361 2513 491 2558 omanus
519 2492 635 2593 passim
648 2491 765 2593 ‘cnedp
795 2492 870 2644 oppi
894 2493 962 2559 anis
988 2494 1087 2595 parci.

28 2575 118 2658 used,
136 2594 172 2646 ut
192 2580 265 2645 fieri
286 2578 321 2644 id
338 2591 452 2666 posset,
493 2579 813 2666 raec1prt1uvembus
862 2580 1023 2659 arentinrs,
1042 2593 1088 2659 ut,

48 2665 97 2730 ubi
117 2689 213 2755 quem
237 2687 367 2731 suorum
406 2688 460 2731 roc
512 2665 675 2743 vidissent,
696 2665 858 2752 quiescere
878 2679 911 2732 et
930 2667 1032 2746 silere,
1051 2689 1088 2734 ac

46 2749 123 2818 bono
138 2755 247 2820 animo
261 2775 330 2818 esse
349 2752 383 2817 iu
423 2765 503 2817 rent.
549 2750 619 2817 Iam
640 2752 793 2817 tumultus
807 2766 876 2819 eret
894 2754 1086 2843 clamorque,
1187 2803 1196 2820 .

46 2839 141 2923 qualis
159 2863 232 2908 esse
252 2838 287 2904 in
305 2850 399 2939 capta
416 2839 494 2903 urbe
514 2837 610 2939 solet3
634 2838 701 2916 sed,
717 2838 797 2926 quid
816 2840 863 2904 rei
877 2853 969 2940 esset,
992 2863 1088 2906 nemo

46 2926 118 3078 sagq
127 2939 291 3081 prprgedrto
310 2948 398 2992 seue.
444 2925 613 3076 Hahrgntmr
634 2923 857 3074 llooeplrauopfiad
875 2925 1086 3076 dmpildadain

27 3033 150 3171 oir'rdtuil
169 3102 212 3168 ab
242 3023 770 3188 dbbffimommall’mraefeclbb,
800 3033 1088 3184 quulqpupqcitptug

47 3188 191 3268 tumultu,
205 3187 240 3252 in
251 3199 379 3276 portum
390 3184 515 3272 effugitr
539 3183 625 3262 inde,
637 3196 784 3272 acceptus
798 3183 923 3272 scapha,
934 3185 970 3249 in
983 3206 1088 3251 arcem

48 3417 105 3470 risse
125 3421 186 3471 dicit
208 3420 322 3484 κνέφαος
344 3418 397 3482 byn
416 3416 551 3481 γενομένου,
582 3418 625 3466 Ea
645 3417 822 3467 mediterranea
847 3420 946 3480 regione
967 3420 1090 3469 &uuum

47 3485 109 3544 quod
124 3487 225 3548 quidem
243 3485 361 3547 potrussat
377 3483 448 3544 verti,
463 3485 552 3546 primia
582 3488 683 3544 mecm,
697 3481 730 3530 od
745 3482 815 3530 hetta
831 3499 894 3546 queas
909 3485 979 3532 intra
994 3485 1089 3534 moenia

48 3547 382 3600 memineramus.
398 3549 480 3598 Cast.
582 3546 753 3594 uanam.
770 3546 850 3596 caer.

80 3615 149 3674 7Ea
163 3614 342 3664 manea
437 3613 550 3674 aliqum
618 3610 634 3658 8
652 3610 804 3670 Tarentinis]
839 3610 954 3673 intellige
970 3612 1088 3672 quosdam

47 3679 108 3738 mm]
121 3677 203 3728 Locus
211 3683 345 3740 corruptus.
367 3674 486 3739 Polybius
494 3689 550 3723 auo·
583 3688 614 3722 ex
631 3672 1003 3732 conituatiautdisertirrerbis
1017 3675 1089 3725 docet

48 3745 85 3789 tor
98 3748 143 3803 est,
160 3743 193 3791 ad
211 3756 266 3791 eam
283 3745 379 3804 portum
395 3741 427 3789 de
446 3755 496 3802 qua
510 3737 551 3788 hia
583 3735 709 3801 Polybius,
725 3737 806 3788 Cast.

47 3805 132 3867 agitur,
149 3807 215 3856 intra
232 3805 331 3854 moenia
350 3804 423 3854 bursa
439 3803 552 3866 sepulcra
614 3817 631 3866 9
646 3801 801 3863 Praefertur,
814 3803 895 3865 primo
912 3804 1032 3852 sedtum
1049 3809 1088 3854 ta·

49 3866 242 3930 Tarentinorum,
256 3869 288 3918 ad
304 3883 367 3931 quse
387 3867 452 3918 Nico
468 3867 552 3916 sedare
582 3867 674 3927 multu]
692 3867 732 3915 M.
740 3867 835 3926 Lirim,
848 3871 876 3914 ut
891 3881 957 3929 supr.
972 3867 1038 3918 xxiv.
1050 3883 1088 3919 ao.

48 3931 149 3984 debebat
157 3933 326 3984 Hannibalem
337 3937 489 3995 eupectans
511 3930 552 3980 De
584 3930 679 3994 legitur.
714 3931 763 3980 Sed
781 3931 868 3995 Polyb.
886 3929 912 3979 in
932 3932 1090 3994 praenomine

49 4131 133 4174 cantur
140 4079 553 4190 SigbniusetuterqueGronoriru,
584 4137 651 4172 mero
672 4129 726 4174 tum
747 4123 854 4174 maxime
872 4127 999 4188 crapulam
1021 4125 1089 4178 odor·

49 4188 90 4249 qui
110 4189 175 4238 varie
196 4191 261 4240 hunc
286 4191 368 4240 locum
395 4188 553 4240 refinxmunt
585 4187 665 4239 mine.

50 4251 120 4302 erril
133 4253 221 4304 melius
231 4254 336 4316 ridetur,
346 4267 420 4316 quam
435 4253 455 4303 si
472 4252 552 4315 legas:

92 4335 167 4381 vola.
183 4337 217 4385 11.
897 4335 919 4378 a
