2966 4778
353 183 394 246 96
743 173 856 246 um
884 175 1020 244 LIVII

197 335 230 386 υ.
243 335 273 384 c,
290 329 344 396 ⁵36·
352 309 510 402 prioribus
531 312 643 390 annis3
666 311 743 400 quia
763 335 863 400 spem,
886 333 977 400 poma
1003 311 1089 376 vinci
1110 311 1246 387 bostem,
1269 310 1408 376 dictator

196 401 226 448 A.
244 399 273 448 θ’
290 396 548 488 ²¹⁶·praebuerat.

399 485 563 562 Ceterum,
579 485 666 573 prius

690 507 763 550 uam
879 486 919 551 ab
934 485 1012 550 urbe
1027 507 1128 585 nopae
1139 485 1283 586 legiones
1299 505 1408 548 move-

881 585 977 723 [ἔξω
999 571 1155 657 inspicere
1174 593 1253 635 russi
1276 583 1409 658 propter

354 660 480 724 territos
495 658 590 745 vulgo
605 657 888 745 hominesuovisp
947 657 1026 746 igiia
1073 655 1169 735 Nam,
1182 670 1216 722 et
1231 657 1360 721 Romae
1375 657 1408 719 in

355 745 519 810 Aventino
534 757 567 810 et
582 743 709 808 Ariciae
726 743 907 808 nuntiatum
923 757 1001 821 erat,
1012 742 1072 807 sub
1083 742 1169 808 idem
1185 757 1316 830 tempus
1330 742 1409 830 lapi-

354 830 448 896 dibus
473 831 608 918 pluisse:
632 843 666 896 et
688 829 790 894 multo
811 853 922 895 cruore
944 829 1036 917 signa
1058 830 1092 893 in
1118 829 1244 894 Sabinis
1266 829 1430 905 sudasse„

354 941 515 1005 aquasque
530 939 549 982 e
564 917 653 982 fonte
668 915 785 982 calidas
799 939 949 982 manasse.
995 914 1036 980 Id
1050 915 1181 1003 quidem
1192 916 1304 993 etiam,
1321 915 1410 1002 quod

354 1005 479 1093 saepius
508 1003 676 1081 acciderat,
700 1001 800 1090 magis
829 1003 988 1068 terrebat.
1022 1001 1066 1066 Et
1092 1003 1126 1066 in
1148 1002 1201 1066 via
1226 1001 1430 1077 Fomicatas

355 1113 438 1177 quae
452 1089 494 1154 ad
511 1089 671 1178 Campum
691 1102 768 1166 erat,
785 1088 908 1176 aliquot
926 1088 1071 1154 homines
1091 1088 1132 1153 de
1147 1087 1236 1153 coelo
1257 1089 1339 1154 tacti
1354 1111 1411 1155 ex-

355 1177 550 1262 animatique
564 1176 698 1240 fuerant.
746 1174 795 1240 Ea
808 1175 953 1263 prodigia
966 1197 1007 1240 ex
1018 1174 1105 1239 libris
1119 1187 1298 1263 procurata.
1347 1175 1411 1238 Le·

397 1262 422 1328 ti
436 1285 456 1327 a
469 1262 584 1342 Paesto
599 1274 723 1349 pateras
738 1284 847 1327 aureas
863 1261 1000 1326 Romam
1015 1260 1198 1348 attulerunt.
1245 1259 1303 1339 Iis,
1329 1261 1412 1326 sicut
1478 1265 1479 1282 ¹

393 1348 588 1436 eapoliteuis,
603 1348 721 1435 gratiae
736 1361 844 1424 actae3
868 1371 980 1412 aurum
995 1369 1061 1412 non
1076 1361 1252 1435 acceptum.

247 1437 299 1502 37.
401 1435 466 1500 Per
479 1435 607 1501 eosdem
627 1434 696 1498 dies
715 1435 754 1499 ab
771 1433 913 1499 Hierone
934 1433 1039 1498 clamis
1061 1433 1183 1499 Ostiam
1199 1456 1276 1498 cum
1290 1456 1411 1522 magno

200 1539 285 1602 Legae
293 1553 350 1586 eum
358 1535 538 1587 commeatu
556 1520 695 1586 accessit.
741 1519 789 1586 Le
846 1521 853 1535 '
880 1519 903 1585 S
941 1519 1068 1585 acusani
1085 1519 1121 1584 in
1140 1532 1289 1585 senatum
1309 1521 1411 1586 intro·
1478 1537 1479 1588 l

201 1603 314 1715 {ipsium
358 1607 446 1672 ducti
470 1608 674 1673 nuntiarunt:
708 1534 871 1672 ‘Caeilbtdr
929 1605 1101 1672 ,Flaminii
1125 1605 1264 1671 consulis
1285 1608 1413 1672 exerci-
1478 1599 1479 1610 ¹

229 1682 311 1716 ’Μ
359 1702 392 1758 ‘t
452 1716 492 1757 ue
518 1692 644 1758 allatam
670 1692 751 1758 adeo
775 1715 868 1780 aegre
892 1692 1000 1758 tulisse
1025 1715 1133 1780 regem
1157 1691 1352 1770 Hieronem,
1377 1707 1413 1758 ut
1478 1757 1479 1760 ,

228 1795 233 1806 ·
261 1794 276 1844 ·.
358 1779 435 1844 ‘nul
448 1802 468 1843 a
480 1780 674 1867 sarapropria
684 1779 838 1866 regnique
846 1778 897 1844 sui
911 1779 1001 1844 clade
1013 1779 1133 1844 moveri
1144 1780 1243 1866 magis
1256 1780 1411 1867 potuerit

358 1865 501 1953 ‘Itaque
517 1888 700 1966 quanquam
715 1867 813 1953 probe
831 1867 922 1942 sciat,
937 1863 1190 1952 magnitudinem
1210 1864 1328 1953 populi
1346 1865 1414 1931 Ro-
1478 1863 1479 1956 l

358 1952 466 2018 ‘mani
480 1951 745 2016 admirabrliorem
760 1974 858 2039 prope
873 1951 1011 2016 adversis
1022 1951 1126 2029 rebus,
1159 1973 1233 2016 uam
1247 1953 1412 2030 secundis,

358 2047 463 2115 ‘esse3
488 2057 594 2104 tamen
611 2059 645 2102 se
666 2039 782 2116 omnia,
798 2038 915 2124 quibus
931 2061 951 2102 a
970 2037 1062 2104 bonis
1075 1975 1294 2124 'fidelibusque
1317 2041 1414 2104 sociis
1478 2097 1479 2122 i

358 2123 465 2191 ‘bella
484 2125 586 2190 iuvari
607 2124 739 2202 soleant,
757 2123 898 2189 misisse:
922 2147 1004 2211 quae
1024 2147 1065 2188 ne
1088 2123 1230 2211 accipere
1253 2125 1413 2202 abnuant,
1478 2123 1479 2160 l

359 2221 495 2301 ‘magno
515 2233 611 2300 opere
628 2233 662 2276 se
683 2209 794 2275 Patres
813 2209 1007 2297 conscriptos
1028 2231 1126 2275 orare.
1172 2209 1240 2274 Iam
1263 2213 1415 2276 omnium

359 2299 515 2384 ‘primum
531 2297 646 2363 ominis
660 2319 754 2362 causa
768 2294 944 2362 Victoriam
962 2317 1090 2362 auream
1104 2295 1213 2383 pondo
1228 2310 1416 2362 treoenurm

360 2383 493 2470 ‘viginti
512 2385 623 2448 afferre
638 2405 715 2447 sese.
762 2383 957 2470 Acciperent
970 2405 1050 2459 earn,
1068 2395 1288 2469 tenerentque,
1303 2397 1343 2449 et
1357 2385 1416 2450 ha·

360 2469 494 2536 ‘berent
507 2491 566 2556 pro
588 2468 666 2532 riam
681 2482 715 2533 et
728 2490 769 2556 pe
828 2481 924 2534 nram
963 2467 1141 2534 Advenisse
1155 2469 1251 2533 etiarn
1267 2483 1417 2537 trecenta

360 2554 480 2619 ‘millia
500 2577 532 2618 m
578 2554 643 2619 'um
663 2554 769 2632 tritici,
808 2568 925 2620 uceuta
943 2553 1065 2632 hordei,
1080 2577 1122 2619 ne
1143 2571 1343 2620 commeatus
1357 2557 1417 2622 de-

360 2650 504 2705 ‘easentt
528 2652 571 2716 et,
587 2653 743 2726 quantum
762 2654 926 2728 praeterea
945 2663 1025 2728 opus
1043 2653 1216 2728 essetque
1235 2641 1417 2720 iussissent,

360 2726 593 2791 ‘subvecturos
639 2723 745 2791 Milite
760 2739 856 2826 atque
872 2727 980 2814 equite
995 2727 1084 2805 scire,
1100 2727 1162 2792 nisi
1182 2727 1333 2792 Romano
1351 2729 1417 2795 La-

361 2812 506 2899 ‘tinique
521 2810 669 2889 nominis,
684 2834 751 2876 nou
765 2825 811 2876 utr
828 2813 983 2901 populum
1002 2813 1203 2878 Romanum:
1227 2813 1350 2879 levium
1366 2832 1436 2881 ar-6

361 2908 506 2966 ‘morum
526 2897 645 2962 auxilia
663 2898 760 2962 etiem
778 2913 911 2964 externa
923 2899 1039 2964 vidisse
1059 2899 1094 2964 in
1114 2899 1222 2964 castris
1243 2900 1416 2968 Romanis

360 2984 493 3072 ‘Itaque
517 2984 635 3050 misisse
658 2983 744 3050 mille
766 2985 998 3072 sagittariorum
1020 3008 1057 3052 ac
1076 2985 1285 3065 funditorum,
1304 3003 1417 3076 aptam
1475 3025 1476 3028 ¹

362 3081 510 3136 ‘manum
533 3071 681 3136 adversus
704 3069 844 3137 Baliares
866 3095 903 3136 ac
925 3071 1067 3149 Mauros,
1087 3095 1313 3174 pugnacesque
1339 3077 1417 3141 alias

362 3156 492 3222 ‘missili
506 3157 569 3222 telo
584 3156 715 3245 gentes'
758 3157 814 3222 Ad
832 3158 969 3223 eudone
986 3157 1153 3224 eonsilrum
1168 3181 1297 3259 quoque
1313 3161 1417 3228 adde·

360 3246 448 3322 bant,
470 3243 538 3310 ‘Ut
557 3257 692 3332 praetor,
708 3241 760 3308 cui
779 3243 942 3331 provincia
962 3243 1070 3310 Sicilia
1092 3259 1257 3323 evemsset,
1279 3246 1417 3314 classem

363 3330 417 3395 ‘in
432 3330 576 3395 Africam
592 3331 769 3407 traiiceret3
793 3342 830 3394 ut
840 3345 874 3394 et
884 3328 991 3395 hostes
1006 3331 1040 3395 in
1051 3346 1135 3396 terra
1148 3353 1206 3396 sua
1219 3331 1344 3398 bellum
1362 3335 1417 3400 ha-
1474 3377 1475 3398 r

363 3417 504 3495 ‘berent
520 3417 688 3504 minusque
709 3415 881 3482 laxamenti
896 3416 1026 3481 daretur
1042 3417 1081 3482 iis
1096 3417 1137 3482 ad
1152 3417 1269 3483 auxilia
1285 3417 1417 3485 Hauni-

364 3501 446 3569 ‘bali
467 3502 715 3582 summittenda)
760 3503 814 3567 Ab
838 3515 951 3567 senatu
974 3502 1020 3568 ita
1040 3526 1225 3590 responsum
1251 3506 1320 3593 regi
1347 3523 1413 3572 est:

363 3589 496 3654 ‘Virum
512 3588 633 3654 bonam
647 3587 874 3676 egregiumque
889 3589 1010 3654 socium
1029 3588 1206 3655 Hieronem
1220 3613 1300 3670 esse,
1316 3607 1417 3681 atque
1473 3647 1474 3679 p

354 585 435 649 rent,
458 571 631 636 decemviri
653 509 749 636 libros
767 484 865 636 diffisa

396 3793 412 3834 4
427 3775 505 3836 Sipus
515 3775 543 3822 ln
553 3773 652 3822 Sublatis
665 3775 774 3834 Meua,
784 3789 871 3838 aquea
905 3781 969 3835 cata,
976 3775 1026 3825 sive
1037 3776 1267 3835 consumaremie.
1276 3777 1416 3839 porticibus

365 3839 526 3901 quaesonta]
546 3837 663 3900 Vulgolu
674 3839 773 3886 Sabinis
783 3841 872 3899 camb,
904 3839 1095 3902 instructaque
1109 3841 1142 3889 ad
1159 3855 1274 3904 campum
1294 3842 1417 3892 Matium

347 3955 353 3970 ¹
365 3917 443 3964 aquas
460 3917 474 3949 a
481 3902 560 3961 forde.
595 3901 644 3948 Pro
658 3903 748 3960 suedia
764 3902 873 3952 Caerites
905 3903 1105 3964 deseendebatun
1113 3905 1145 3954 cf.
1154 3904 1259 3954 Nardini
1270 3905 1350 3956 Rom.
1360 3908 1418 3956 Vct

367 3964 496 4026 legendum
514 3965 602 4014 suadet
613 3963 722 4013 Gronov,
755 3965 872 4014 Ceterum
906 3965 937 4016 vi.
951 3981 987 4017 ro.
1471 4007 1472 4018 ,

366 4027 506 4086 lectionem,
520 4043 595 4090 quam
612 4026 736 4091 Kreyssig.
754 4029 874 4090 probarit,
937 4029 1070 4081 nnana
1088 4047 1211 4080 omarum
1228 4033 1342 4094 auxula]
1374 4035 1418 4082 Pro
1471 4027 1472 4062 ³

367 4107 419 4144 aas.
435 4097 487 4156 opt.
503 4107 561 4156 praa
575 4107 601 4141 se
615 4091 704 4142 larunt.
721 4091 753 4148 cr*⁴
775 4091 873 4144 lauerat
908 4093 971 4156 vulp
989 4097 1079 4146 lenium
1094 4102 1252 4156 amoenam,
1266 4111 1300 4144 ex
1319 4101 1417 4148 emend

368 4171 390 4205 v.
405 4157 473 4205 1128.
907 4157 1035 4217 Graeculi,
1045 4174 1118 4220 quam
1131 4159 1237 4209 Bekker.
1248 4162 1347 4222 probat.

400 4231 414 4280 5
431 4221 464 4268 ln
472 4220 514 4268 cla
524 4220 669 4280 For-alcaeo]
689 4218 729 4267 De
740 4219 779 4269 via
790 4219 873 4268 Fumi-
