3002 4798
411 197 507 264 LIB.
532 197 646 264 XXII.
679 197 789 266 CAP.
815 202 844 266 7.
1107 204 1146 269 67

98 347 136 399 et
148 335 264 401 robora
276 335 414 400 virorum
429 337 651 422 sequebantur,
664 349 697 401 et
710 337 787 438 ipse,
803 357 993 425 quacunque
1008 336 1042 402 in
1057 351 1145 426 parte
1156 354 1190 405 U.
1202 357 1231 406 ο.
1244 371 1299 420 5³5·

96 422 204 520 premi
233 445 270 488 ac
295 421 435 488 laborare
460 437 599 488 senserat
621 445 703 500 suos,
730 424 863 511 impigre
888 423 1008 489 ferebat
1031 420 1184 512 opem3b
1201 422 1297 484 0217·

96 510 323 596 msignemque
339 509 431 573 armis
446 522 479 574 et
492 509 597 574 hostes
611 531 733 574 summa
746 510 779 573 vi
792 510 952 610 petebant,
964 524 998 577 et
1012 512 1144 577 tueban-

72 608 153 664 3tur
167 597 269 660 cives:
293 596 396 661 donec
411 595 544 660 Insuber
557 619 655 684 eques
669 597 825 684 (Ducano
840 619 958 662 nomen
972 597 1222 686 erat)facieM913
1232 611 1288 660 Fla-

95 704 231 768 quoque
242 682 410 760 noscitans,
424 681 571 760 ‘Consul
584 685 646 760 en,'
657 683 771 771 inquit,
785 683 851 748 ‘hic
863 685 930 762 est’
940 685 1145 771 popularibus
1153 689 1230 724 Μ

96 769 174 846 suis,
195 769 272 855 ‘qui
293 769 434 857 legiones
455 784 576 834 nostras
597 770 721 847 cecidit,
743 791 817 856 agro
855 793 895 834 ue
913 783 948 834 et
968 772 1079 836 urbem
1096 786 1144 837 est

95 854 340 943 ‘depopulatus
386 854 454 920 Iam
476 878 536 942 ego
559 856 641 921 hanc
663 856 824 921 victimam
885 856 996 921 auibus
1018 881 1143 945 perem-

96 949 249 1028 ‘ptorum
263 942 356 1006 foede
373 943 490 1006 civium
505 942 619 1007 dabo:’
641 942 837 1029 subditisque
859 943 1030 1008 calcaribus
1047 967 1142 1031 equo,

95 1051 156 1115 per
171 1028 429 1093 confertissimam
440 1029 579 1094 hostium
594 1029 717 1094 turbam
733 1029 887 1116 impetum
896 1029 986 1095 facit:
1011 1031 1142 1096 obtrun-

94 1129 233 1202 catoque
249 1115 335 1202 prius
349 1117 511 1203 armigero,
525 1117 580 1202 qni
595 1139 628 1180 se
643 1115 757 1181 infesto
765 1116 906 1180 venienti
918 1116 1040 1181 obviam
1056 1119 1143 1183 obie-

94 1215 194 1279 cerat,
207 1201 368 1266 consulem
383 1201 492 1267 lancea
501 1202 664 1267 transfixit.
698 1201 839 1290 Spoliare
854 1203 1035 1291 cupientem
1045 1204 1143 1269 triarii

95 1288 231 1353 obiectis
250 1289 345 1353 scutis
365 1310 501 1354 arcuere.
547 1288 686 1377 Magnae
706 1291 804 1377 partis
817 1289 893 1376 firga
910 1289 986 1354 inde
1004 1289 1141 1377 primum
1151 1307 1260 1370 Fugiunt

95 1375 221 1462 coepit:
245 1375 349 1440 etiam
359 1398 418 1441 nec
433 1376 1033 1464 laeuanecmontesobstabantpavori.
1079 1377 1143 1443 Per
1151 1371 1266 1422 Romani.

94 1461 206 1526 omnia
220 1475 287 1526 arta
326 1477 534 1562 raeruptaque
549 1462 636 1527 velut
653 1463 738 1528 caeci
758 1462 915 1527 evadunt:
940 1485 1088 1550 armaque
1109 1479 1143 1530 et

93 1547 156 1611 viri
171 1569 266 1634 super
280 1485 376 1613 alium
391 1549 444 1614 abi
459 1549 713 1636 praecipitantur.
758 1548 835 1614 Pars
850 1571 972 1637 magna,
985 1551 1040 1614 ubi
1055 1550 1143 1616 locus

92 1635 190 1721 fugae
212 1634 311 1712 deest,
334 1657 392 1722 per
413 1636 515 1723 prima
534 1635 615 1701 vada
640 1636 763 1723 paludis
784 1636 818 1700 in
841 1658 954 1722 aquam
978 1639 1140 1725 progressi,

118 1721 204 1786 uoad
213 1721 367 1808 capitibus
375 1721 705 1810 humerisqueexstare
715 1736 856 1811 possunt,
864 1723 1138 1812 seseimmergmrt.

93 1743 210 1885 luere,
222 1831 301 1908 quos
316 1808 511 1873 inconsultus
519 1831 616 1897 pavor
630 1809 738 1874 nando
751 1809 847 1874 etiam
861 1831 1021 1897 capessere
1032 1810 1140 1898 firgam

93 1893 267 1981 impulerit.
294 1948 302 1976 ,
317 1895 408 1970 Quae
424 1896 479 1960 ubi
494 1895 646 1961 immensa
665 1919 701 1960 ac
716 1897 783 1966 sine
800 1917 855 1983 spe
870 1909 946 1973 erat,
962 1910 1017 1961 aut
1031 1897 1140 1962 delici-

93 1980 362 2046 entibus-animis
384 1981 610 2053 hauriebantur
631 1983 817 2069 gurgitibus,
843 1995 898 2046 aut
926 1973 1140 2072 nequicquam

92 2068 169 2132 fessi
182 2068 263 2132 vada
276 2082 361 2134 retro
375 2069 755 2156 aegerrime‘repetebant,
771 2081 865 2156 atque
880 2067 925 2132 ibi
939 2068 979 2132 ab
994 2069 1140 2155 ingressis

92 2177 211 2242 aquam
222 2154 361 2220 hostium
372 2155 532 2242 equitibus
545 2155 660 2242 passim
672 2154 917 2219 trucidabantur.
931 2194 938 2207 ‹
965 2154 1029 2219 Sex
1041 2155 1140 2220 millia

91 2241 194 2306 ferme
208 2241 303 2341 primi
315 2241 458 2328 agminis,
473 2263 531 2328 per
544 2241 689 2306 adversos
703 2241 810 2305 hostes
824 2240 989 2328 eruptione
1004 2241 1080 2329 imp'
1120 2265 1140 2307 e

91 2327 188 2406 facta,
214 2329 315 2415 ignari
342 2328 495 2404 omnium,
521 2350 602 2415 quae
626 2339 698 2415 post
722 2349 755 2392 se
785 2325 962 2414 agerentur,
987 2349 1028 2392 ex
1057 2341 1138 2394 satu

90 2437 230 2480 evasere.
276 2413 329 2491 Et,
346 2437 445 2502 quum
467 2415 501 2478 in
524 2413 648 2480 tumulo
671 2413 810 2501 quodam
835 2413 1056 2493 constitissent,
1076 2415 1139 2480 cla·

90 2523 216 2567 morem
237 2502 333 2567 modo
351 2525 387 2566 ac
407 2523 520 2566 sonum
538 2523 696 2567 armorum
718 2501 891 2578 audientes,
909 2523 991 2588 quse
1012 2501 1139 2568 fortuna

91 2611 220 2676 pugnae
246 2601 337 2666 esset,
363 2611 468 2674 neque
493 2588 582 2665 scire,
609 2610 668 2653 nec
697 2588 874 2676 perspicere
922 2583 981 2653 rae'
1002 2589 1138 2676 caligine

134 2687 247 2740 terant.
295 2673 450 2740 Inclinata
478 2674 618 2760 denique
643 2696 686 2752 re,
710 2697 810 2762 quum
835 2610 1044 2740 incalescente
1070 2676 1135 2742 sole

163 2761 233 2827 ulsa
257 2761 375 2827 nebula
403 2761 575 2848 aperuisset
602 2761 793 2850 diem,tuu1
821 2760 944 2848 liquida
972 2761 1035 2826 iam
1063 2761 1137 2828 luce

90 2861 217 2914 montes
236 2849 404 2936 campique
423 2847 562 2934 perditas
578 2871 628 2912 res
650 2860 839 2935 stratamque
860 2847 1027 2912 ostendere
1041 2848 1135 2913 foede

91 2933 272 3001 Romanam
290 2935 399 3000 aciem.
445 2933 567 3022 Itaque,
583 2957 624 2999 ne
639 2934 673 2998 in
688 2946 872 3022 conspectos
892 2934 1003 3022 procul
1017 2934 1135 2999 immit-

90 3034 212 3087 teretur
226 3019 478 3123 equeqsublatis
488 3021 602 3108 raptim
617 3021 724 3107 signis,
737 3042 833 3108 quam
848 3020 1030 3120 qitanssimo
1044 3035 1134 3108 pote-

66 3123 162 3175 4rant
181 3131 317 3196 agmine,
338 3130 404 3172 sese
425 3108 638 3207 abripuerunt.
684 3105 814 3172 Postero
834 3106 897 3182 dre,
943 3129 1020 3171 uum
1040 3131 1135 3204 super

89 3205 197 3259 eetera
210 3195 456 3260 extremafames
468 3207 562 3259 etiam
574 3205 713 3272 instaret,
725 3193 822 3258 fidem
831 3191 894 3256 dan
976 3193 1132 3276 aharbale,

90 3281 147 3382 qui
162 3302 235 3346 cum
250 3281 396 3346 omnibus
416 3280 613 3367 equestribus
628 3280 725 3367 copiis
739 3291 833 3344 noete
853 3291 1039 3344 consecutus
1054 3293 1132 3360 erat,

89 3390 212 3438 amma
220 3367 430 3445 tradidissent,
440 3368 525 3432 abire
534 3370 607 3431 cuin
617 3366 747 3453 singulis
753 3364 949 3444 uestimentis
957 3387 1132 3453 passurum,

89 3475 156 3520 sese
180 3453 380 3520 dediderunt
429 3453 520 3530 Quae
543 3452 667 3517 Punica
683 3452 834 3540 religione
857 3464 978 3526 servata
991 3452 1070 3516 fides
1092 3453 1133 3518 ab

89 3539 344 3619 Hannibalecst,
359 3564 378 3605 a
415 3563 454 3605 ue
470 3541 504 3605 in
518 3539 645 3605 vincula
658 3561 768 3605 omnes
782 3538 925 3604 coniecit.

133 3627 225 3694 Haec
249 3641 298 3693 est
322 3651 365 3692 no
389 3627 419 3641 ‘'
466 3626 507 3691 ad
532 3626 752 3691 Trasimenum
781 3649 825 3714 pu
870 3647 898 3703 a,
922 3637 1018 3714 atque
1047 3627 1130 3691 inter
1203 3635 1232 3700 7.

111 3737 204 3780 aucas
218 3712 508 3802 memoratapopuli
519 3713 659 3778 Romani
667 3713 791 3778 clades.-
861 3712 1021 3796 uindecim
1031 3711 1130 3778 millia
1138 3719 1262 3771 Numera

87 3737 312 3867 itomanorum'
329 3801 364 3865 in
384 3801 450 3865 scie
468 3822 558 3866 caesa
571 3813 663 3876 sunt3
687 3799 798 3865 decem
816 3797 922 3876 millia,
938 3797 1043 3888 spairsa
1054 3800 1261 3898 fugafffmm

87 3911 146 3975 per
169 3909 299 3953 omnem
324 3887 494 3964 Etruriam,
516 3886 647 3951 diversis
668 3885 837 3954 itineribus
862 3887 974 3951 urbem
997 3888 1126 3976 petiere.
1185 3865 1266 3914 mque.

120 4097 257 4159 masura
274 4098 358 4159 equa]
386 4097 508 4146 Adversus
523 4094 593 4143 lnsrr·
626 4109 701 4156 quum
717 4095 743 4142 in
757 4093 968 4157 vicumquendarn
980 4095 1128 4164 Etruriaepa

86 4161 142 4209 brss
159 4160 248 4210 Gallos
265 4160 292 4208 in
310 4159 389 4223 priore
405 4175 449 4209 suo
466 4159 594 4209 consulatu
626 4157 948 4222 recepissentaMaharbals
955 4161 1130 4223 circumsessos,

87 4223 226 4299 lllanrinius
240 4225 334 4273 bellum
355 4229 466 4287 gesserat
489 4223 519 4272 cl
538 4223 591 4272 Pol
626 4223 648 4270 el
669 4223 720 4298 fide
739 4229 841 4287 accepta
861 4239 888 4273 ss
905 4225 1026 4276 dedidisse
1048 4231 1130 4274 narrat

86 4303 395 4416 111Ξτὲεξ.αὸνίριιιναηι]
421 4351 476 4400 Hos
486 4351 592 4414 quidem,
626 4287 724 4335 Pom
737 4289 775 4346 8⁴·
936 4419 956 4477 2

901 4435 921 4478 1
