2878 4772
236 181 239 186 ’
324 195 419 264 mn.
443 195 575 275 xxtx.
609 195 720 264 cnr.
745 207 775 263 a.
1012 205 1075 268 rer
1122 159 1124 164 ’

40 349 125 411 tores,
151 332 188 398 L.
205 331 363 402 Lentulus
387 346 422 399 et
447 331 485 398 L.
503 331 646 400 Manlius
673 333 839 412 Acidinus,
866 357 908 402 ne
933 335 1079 422 glisceret
1090 351 1123 404 U.
1135 353 1165 404 c,
1181 368 1237 418 547·

38 422 134 510 prima
155 419 347 507 negligendo
368 419 499 499 bellum,
522 420 639 486 iunctis
660 432 694 486 et
715 419 776 508 ipsi
797 422 999 500 exercitibus,
1022 445 1080 510 per
1089 419 1119 468 A.
1135 419 1164 467 ⁰·
1182 433 1236 480 ²05·

37 530 142 595 agrum
171 507 382 584 Ausetanum,
410 505 542 582 hostico,
572 519 725 606 tanquam
754 519 877 595 pacato,
907 509 1081 576 clementer

36 593 136 660 ductis
163 592 326 670 militibus,
359 591 401 660 ad
429 591 538 660 sedem
566 592 704 660 hostium
734 616 918 681 pervenere.
964 596 1079 661 Trium

37 681 165 746 millium
191 679 294 766 spatio
320 677 431 766 procul
454 701 473 742 a
496 679 604 744 castris
630 701 740 746 eonnn
763 697 938 767 posuerunt
967 695 1077 748 castra.

36 767 140 832 Primo
157 788 218 867 per
238 765 358 853 legatos
379 765 594 852 nequicquam
619 778 786 844 tentatum,
807 780 844 832 ut
863 768 1080 834 discederetur

35 855 74 918 ab
91 875 191 918 srmtS.
236 852 334 928 Dein,
356 873 456 938 quum
478 851 513 916 in
537 851 736 938 pabulatores
755 849 917 920 Romanos
940 855 1079 942 impetus

36 953 162 1027 repente
185 939 224 1003 ab
247 938 408 1025 equitibus
433 936 586 1024 Hispanis
608 938 709 1004 sectus
732 951 825 1017 esset,
849 940 1016 1005 summisso
1038 943 1079 1006 ab

34 1027 165 1092 statione
189 1024 336 1092 Romana
360 1024 515 1110 equitatu,
541 1024 697 1111 proelium
723 1040 870 1112 equestre
894 1027 966 1104 fuit,
992 1025 1080 1092 haud

34 1135 108 1178 sene
128 1110 332 1176 memorando
354 1111 389 1175 iu
410 1123 532 1197 partem
556 1109 653 1188 ullam
676 1126 803 1178 eventu.
851 1112 924 1178 Sole
945 1113 1232 1190 orientalesque

35 1212 158 1287 postero
174 1197 227 1262 die
249 1197 360 1262 annati
382 1196 591 1283 instructique
613 1219 724 1262 omnes
746 1197 832 1263 mille
851 1198 950 1264 ferme
970 1205 1216 1285 passusll¹¹⁰f¹¹¹¹¹·

35 1284 142 1372 procul
156 1283 297 1350 scaettis
313 1283 469 1350 Romanis
483 1283 585 1348 aciem
599 1283 774 1349 ostendere.
807 1283 911 1350 Medii
922 1286 1079 1350 Ausetani

34 1383 142 1436 erantr
169 1391 288 1434 cornua
309 1368 457 1436 dextrum
480 1368 641 1455 Ilergetes,
664 1369 789 1436 laevum
811 1371 967 1471 ignobiles
989 1384 1080 1436 tene·

34 1459 110 1522 bunt
124 1455 260 1543 Hispani
280 1454 399 1542 populi.
445 1453 535 1520 Inter
554 1477 674 1520 cornus
693 1469 727 1520 et
748 1456 885 1522 mediam
908 1459 1081 1523 aciem¹in-

34 1542 161 1608 tervslle
184 1543 328 1629 petentia
352 1541 427 1608 setis
452 1540 515 1606 late
540 1540 699 1606 fenerante
727 1565 792 1642 qua
813 1544 1002 1630 equitatum,
1025 1544 1081 1609 ubi

35 1643 158 1716 tempus
187 1641 278 1704 esset,
303 1629 494 1694 emitterent.
541 1626 585 1692 Et
615 1627 763 1706 Romam,
789 1651 878 1695 more
904 1653 962 1696 suo
990 1653 1081 1696 exer-

33 1717 133 1780 citum
151 1736 250 1801 quum
273 1712 505 1790 instruxissent,
523 1712 558 1778 id
579 1712 675 1780 modo
697 1715 837 1781 hostium
859 1716 974 1782 imitati
995 1730 1081 1794 sunt,

34 1815 69 1866 ut
90 1803 172 1865 inter
191 1799 332 1886 legiones
352 1813 385 1864 et
406 1799 466 1886 ipsi
485 1811 631 1886 patentes
650 1801 752 1887 equiti
771 1802 991 1889 relinquerent
1004 1803 1080 1867 rias.

36 1887 189 1952 Ceterum
204 1885 372 1963 Lentulus,
392 1886 424 1950 ei
444 1885 527 1972 parti
548 1908 642 1952 usum
663 1887 780 1972 equitis
801 1887 868 1953 fore
888 1901 983 1967 ratus,
999 1905 1235 1975 quaereremus

34 1973 119 2060 prior
147 1973 181 2036 in
210 1972 429 2038 dehiscentem
459 1971 631 2036 intervallis
659 1971 798 2038 bostium
829 1974 930 2039 aciem
959 1974 1083 2061 equites
1092 1969 1160 2017 tium.

34 2059 196 2136 emisisset,
219 2057 285 2124 Ser.
303 2057 455 2124 Cornelio
479 2057 607 2123 tribuno
629 2057 768 2126 militum
791 2059 935 2146 imperat,
1001 2061 1083 2126 uites

34 2169 91 2247 por
104 2157 250 2232 patentes
263 2145 298 2210 in
313 2144 453 2210 hostium
470 2145 538 2209 acie
553 2144 618 2210 vias
635 2145 818 2231 permittere
837 2169 935 2232 equos
953 2083 1080 2212 dibeat:

34 2255 110 2320 ipse,
129 2243 243 2319 coepta
263 2253 376 2319 parum
398 2253 546 2318 prospere
568 2231 709 2318 pedestri
729 2253 847 2319 pugna,
867 2246 991 2298 tautum
1014 2256 1083 2298 mo-

34 2331 128 2395 ratus,
156 2318 234 2385 dum
264 2317 392 2384 cedenti
422 2316 630 2383 duodecimae
660 2317 790 2405 legioni,
814 2341 896 2419 quae
927 2319 961 2384 in
992 2319 1082 2386 laevo

34 2428 131 2470 comu
162 2404 311 2469 adversus
341 2403 494 2504 Ilergetes
526 2402 629 2468 locata
661 2415 738 2481 erat,
768 2417 893 2470 ternam
924 2405 1081 2471 decimam

34 2491 192 2577 legionem
223 2513 265 2555 ex
297 2489 445 2558 subsidris
476 2489 512 2553 in
544 2489 679 2590 primam
711 2490 813 2556 aciem
845 2491 1081 2558 firmamentum

34 2579 141 2653 ducit;
165 2590 335 2678 postquam
358 2589 493 2663 aequata
515 2576 560 2641 ib1
582 2599 692 2664 pugna
713 2589 772 2655 est,
795 2577 836 2642 ad
858 2578 897 2644 L
911 2577 1082 2656 Manlium,

34 2666 115 2729 inter
153 2687 233 2730 nme
246 2663 271 2728 ε’
318 2662 542 2742 ehortsntem,
558 2685 595 2728 ao
614 2663 763 2742 subsidia,
779 2665 895 2751 quibus
909 2687 959 2730 res
974 2678 1083 2753 postu-

34 2751 117 2816 labat
129 2687 220 2828 lbcis,
236 2750 270 2818 in
294 2762 452 2826 ucentem,
468 2750 565 2815 venit
600 2749 726 2816 Iudicat
742 2763 811 2816 tuta
824 2752 864 2817 ab
878 2751 968 2818 laevo
982 2775 1083 2816 cornu

34 2860 119 2902 esset
155 2837 218 2901 iam
250 2836 379 2902 missum
409 2835 449 2900 ab
480 2858 513 2900 se
547 2835 734 2901 Cornelium
768 2836 913 2904 Servium
967 2837 1083 2902 rocella

34 2923 172 3010 equestri
195 2922 302 2988 hostes
323 2921 594 2987 circumfusorum.
640 2921 708 2986 Vix
729 2921 808 2988 haec
831 2923 917 2988 dicta
940 2861 1081 3000 dederat,

34 3033 134 3096 quum
161 3008 301 3076 Romeni
328 3008 463 3094 equites,
490 3009 524 3070 in
554 3006 675 3073 medios
700 3007 818 3072 invecti
847 3007 962 3086 hostes,
989 3009 1083 3074 simul

34 3096 196 3184 pedestres
207 3095 291 3160 acies
303 3095 479 3170 turbarunt,
492 3091 587 3158 simul
597 3092 759 3179 equitibus
771 3091 988 3181 Hispanorum
1001 3095 1083 3158 viam

34 3181 229 3248 immittendi
243 3203 344 3268 equos
358 3180 548 3246 clauserunt
583 3179 707 3265 Itaque,
720 3179 835 3246 omissa
849 3201 957 3266 pugna
970 3202 1084 3266 eques-

34 3269 80 3346 :ri,
105 3269 149 3334 ad
171 3267 353 3356 pedestrem
372 3265 416 3330 H·
457 3266 510 3331 ani
531 3264 774 3332 descenderunt
822 3265 961 3330 Romani
982 3265 1084 3353 impe·

34 3367 162 3431 ratores,
193 3367 231 3420 ut
260 3353 402 3420 ttubatos
456 3351 572 3418 ostium
606 3350 743 3428 ordines,
773 3364 807 3418 et
839 3352 1082 3439 trepidationem

34 3461 258 3527 savoremque,
270 3450 303 3504 et
319 3438 506 3505 fluctuantis
520 3437 669 3502 viderunt
683 3438 783 3524 signs,
797 3437 975 3515 hortantur,
990 3449 1085 3502 orant

34 3522 160 3604 milites,
195 3535 253 3591 ‘ut
277 3523 438 3612 perctdsos
467 3522 629 3599 invadent,
655 3544 721 3588 neu
745 3523 869 3589 restitui
897 3525 999 3588 aciem
1027 3545 1084 3609 pa-

34 3615 194 3680 ‘riantur’
240 3611 318 3676 Non
339 3610 562 3678 sustinuissent
582 3622 647 3674 tam
667 3608 817 3674 infestum
838 3609 994 3695 impetum
1013 3608 1084 3674 ber·
1093 3622 1204 3672 Vincunt

34 3701 108 3777 sari,
135 3701 173 3800 ni
201 3698 331 3785 regulus
358 3698 427 3798 ipse
453 3695 601 3797 Indibilis
626 3716 700 3762 cum
729 3693 891 3781 equitibus
917 3694 959 3759 ad
985 3695 1083 3796 pedeq
1094 3688 1209 3800 munz

34 3787 189 3873 legressrs
222 3797 297 3850 ante
327 3805 431 3872 pruma
458 3804 549 3870 signa
575 3781 720 3870 peditum
750 3803 784 3846 se
813 3780 987 3846 obiecisset.
1033 3781 1194 3864 Ibloectsus

34 3871 231 3960 tliquemdiu
250 3883 341 3935 atrox
360 3890 470 3970 pugna
489 3867 584 3934 stetit
630 3867 964 3969 Tandempostqqam
979 3868 1012 3945 ii,
1027 3868 1085 3955 qui

34 3959 114 4024 eirea
145 3979 265 4046 regern,
296 3975 489 4022 seminecem
519 3966 701 4032 restantem,
733 3952 851 4019 demde
882 3953 949 4043 prlo
982 3966 1084 4020 terrae

56 4167 72 4216 5
95 4155 132 4203 Ut
152 4153 219 4202 luter
238 4152 343 4214 lepiones
360 4182 404 4199 ...
419 4147 541 4210 relinque
575 4161 690 4210 prospera
701 4161 759 4196 usus
769 4152 813 4198 est.
831 4147 862 4196 ot'.
874 4146 930 4196 intr.
942 4161 1000 4195 xxx.
1013 4159 1052 4207 33.

34 4225 81 4267 ent
98 4217 170 4276 vias]
191 4215 242 4266 Ilio
256 4215 407 4264 linearnenta
420 4211 541 4273 quaedem
606 4209 680 4260 6Ad
691 4213 826 4273 Μανῆ»
837 4211 948 4272 Hispani
960 4211 1085 4259 ammae

34 4280 155 4330 :ernimm
175 4278 243 4328 illius
264 4276 373 4336 rationis,
391 4290 441 4338 qus
459 4273 542 4336 Scipio
574 4277 647 4334 runt]
665 4289 699 4322 sc.
715 4273 755 4324 Ex
771 4273 841 4336 equis
856 4272 1043 4332 descenderunt,
1056 4279 1085 4322 ut

34 4345 54 4392 d
72 4345 184 4392 Zamam
200 4343 225 4390 in
243 4341 379 4404 legionibus
396 4337 542 4392 instruendis
575 4337 712 4398 pedestrem
724 4337 832 4388 Martem
843 4341 1004 4398 mpensreut.
