2874 4772
120 2475 121 2483 ¹
204 2467 315 2518 elabitur.

359 221 424 283 ³00
743 212 857 280 ΤΙΤΙ
882 211 1019 280 LIVII

202 365 236 416 U.
248 367 278 417 c,
295 350 523 430 541.reddenda
542 351 582 414 ab
605 349 710 416 Roma
727 351 898 452 quotannis
920 351 1076 416 missuros.
1122 349 1172 415 Ita
1195 351 1236 416 ad
1257 349 1373 438 Capuam

202 433 232 480 A.
249 432 278 481 ⁰·
295 445 349 479 ²¹¹·
358 461 408 503 res
423 437 624 525 compositae,
637 437 768 502 consilto
783 438 823 502 ab
838 437 925 502 omni
961 451 1026 502 arte
1041 437 1198 502 laudabili.
1246 437 1344 502 Serere
1353 451 1375 500 et

358 525 505 591 celeriter
513 525 546 588 in
556 524 694 588 maxime
703 525 816 589 noxios
824 461 1090 589 animadversum:
1110 524 1373 588 multitudocirium

359 611 510 712 dissipata
531 611 564 674 in
580 609 699 675 nullam
721 633 810 698 spem
825 610 964 675 reditus:
988 633 1053 675 non
1075 611 1228 675 saevitum
1250 609 1375 674 incendiis

359 697 524 784 ruinisque
544 696 578 761 in
595 709 679 762 tecta
692 697 825 762 innoxia
839 719 1027 784 murosque:
1051 710 1083 762 et
1104 719 1177 762 cum
1193 697 1375 762 emolumento

360 785 504 872 quaesita
526 784 622 848 etiam
644 782 730 870 apud
755 783 855 848 socios
879 783 1017 848 lenitatis
1039 785 1167 872 species,
1191 783 1374 848 incolumitate

360 871 448 936 urbis
473 869 683 936 nobilissimae
710 869 1039 957 opulentissimaeque,
1066 871 1154 936 cuius
1180 870 1278 934 ruinis
1300 868 1375 932 omnis

363 957 549 1044 Campania,
570 978 689 1034 omnes,
708 956 765 1042 qui
787 955 995 1044 Campaniam
1018 957 1101 1022 circa
1122 955 1277 1034 accolunt,
1293 979 1330 1042 po
1345 954 1375 1018 nli

359 1044 605 1132 ingemuissent:
630 1042 784 1108 consessio
801 1065 949 1130 expressa
967 1043 1059 1120 hosti,
1081 1057 1202 1131 quanta
1220 1044 1265 1107 vis
1283 1043 1313 1105 in
1328 979 1376 1103 lta

361 1131 463 1195 mania
478 1130 518 1195 ad
542 1128 734 1216 expetendas
750 1153 868 1216 poenas
883 1130 923 1194 ab
944 1129 1126 1194 infidelibus
1140 1131 1244 1207 sociis,
1259 1143 1290 1194 et
1307 1149 1376 1214 quan

331 1269 347 1312 .·
361 1217 442 1282 nihil
466 1217 500 1281 in
525 1214 706 1281 Hannibale
731 1215 840 1280 auxilii
864 1215 905 1280 ad
928 1229 1071 1304 receptos
1094 1217 1251 1281 infidam
1273 1213 1377 1281 tuendos

362 1317 452 1369 earet.

254 1397 304 1463 17.
407 1389 544 1455 Romani
570 1389 690 1467 Patres,
711 1388 878 1489 perfuncti,
899 1389 987 1476 quod
1009 1389 1050 1454 ad
1073 1388 1223 1477 Capuam
1244 1387 1376 1460 attinebat¹

362 1499 447 1554 eura,
466 1475 504 1541 C.
519 1475 642 1540 Neroni
657 1498 698 1539 ex
715 1476 754 1540 tis
769 1475 891 1540 duabus
903 1475 1090 1564 legionibus,
1106 1499 1186 1564 quas
1207 1475 1248 1540 ad
1264 1475 1376 1562 Capuan

363 1563 524 1639 habuerat,
535 1585 590 1627 sex
606 1561 704 1626 millia
714 1562 869 1649 peditum,
882 1575 915 1627 et
930 1575 1087 1627 trecentos
1101 1563 1237 1650 equites,
1247 1583 1319 1650 quos
1331 1562 1376 1645 ipae

363 1649 497 1736 legisset,
508 1662 540 1714 et
551 1649 670 1713 socium
683 1649 791 1712 Latini
802 1649 938 1713 nominis
953 1649 1096 1737 peditum
1108 1672 1277 1714 numerum
1288 1668 1376 1735 pamm,

205 1749 338 1801 Neaitin
364 1735 606 1822 etoctingentos
617 1735 740 1821 equites
750 1735 935 1800 decernunt.
983 1735 1065 1800 Eum
1081 1732 1377 1800 exercitumPuteolis

205 1817 296 1891 ttiapa
363 1822 397 1885 in
426 1843 522 1886 naves
555 1823 737 1909 impositum
768 1821 857 1886 Nero
886 1823 920 1885 in
957 1821 1144 1909 Hispaniam
1174 1819 1376 1909 transportavit

203 1896 279 1928 mam.
365 1908 475 1984 Quum
488 1909 700 1973 Tarraconem
715 1909 847 1972 navibus
858 1909 1003 1986 venisset,
1013 1910 1228 1996 expositisque
1244 1909 1285 1973 ibi
1295 1907 1375 1990 copiis,

363 2008 396 2060 et
418 1996 550 2060 navibus
574 1994 744 2071 subductis,
768 1995 869 2058 socios
893 2017 1019 2082 quoque
1044 1996 1168 2060 navales
1197 1990 1377 2060 multitudinis

363 2081 526 2169 augendae
552 2103 645 2146 causa
673 2095 840 2158 armasset3
870 2081 1029 2169 profectus
1058 2082 1099 2146 ad
1123 2081 1253 2146 Iberum
1278 2081 1376 2152 flumen,

363 2169 536 2234 exercitum
549 2169 589 2233 ab
604 2169 644 2232 T.
658 2166 791 2232 Fonteio
806 2183 839 2232 et
851 2167 888 2231 L.
903 2167 1026 2233 Marcio
1038 2169 1166 2255 accepit.
1216 2163 1377 2253 Indepergit

205 2275 346 2324 Haemum
363 2255 403 2320 ad
418 2255 524 2321 hostes
537 2257 592 2320 ire.
639 2252 819 2319 Hasdrubal
836 2253 1024 2319 Hamilcaris
1038 2256 1079 2321 ad
1091 2254 1233 2342 Lapides
1247 2267 1320 2319 anos
1332 2272 1376 2314 cm·

204 2340 411 2406 cireumten·tra
433 2342 568 2407 habebat
589 2342 623 2405 in
645 2341 823 2405 Ausetanis.
870 2340 901 2404 Is
923 2341 1010 2405 locus
1030 2354 1078 2407 est
1098 2342 1181 2406 inter
1204 2340 1315 2430 oppida
1331 2336 1376 2400 llli·

203 2410 244 2452 tus
254 2404 337 2453 ‘md‘
363 2429 470 2514 turgin
485 2441 518 2493 et
534 2427 730 2493 Mentissam.
778 2425 884 2492 Huius
900 2427 995 2492 saltus
1006 2429 1112 2493 fauces
1127 2427 1219 2494 Nero
1234 2423 1375 2519 occuparit¹

363 2513 553 2592 Hasdrubal,
576 2537 618 2578 ne
640 2515 675 2577 in
697 2527 766 2580 arto
788 2537 837 2578 res
859 2527 950 2592 esset,
975 2515 1215 2579 caduceatorem
1239 2514 1324 2587 misit,
1339 2503 1388 2598 qut}

385 2601 569 2679 remitteret,
585 2601 611 2665 si
633 2599 707 2665 inde
730 2601 842 2665 missus
860 2600 951 2678 foret,
967 2624 999 2666 se
1022 2624 1149 2666 omnem
1171 2602 1375 2666 exercituum

361 2623 519 2772 llispania
544 2688 792 2773 deportaturum.
841 2687 947 2763 Quam
974 2711 1039 2753 rem
1087 2711 1163 2752 uum
1194 2688 1278 2753 laeto
1298 2685 1375 2749 animo

363 2771 527 2837 Romanus
548 2773 729 2860 accepisset,
754 2774 838 2838 diem
861 2789 1022 2861 posterum
1081 2774 1229 2840 asdmbal
1250 2768 1375 2856 coloquio

363 3018 531 3066 Praefectura-s
539 3016 678 3066 conditione
689 3017 738 3066 fere
749 3015 870 3065 dediticiis
902 3016 1003 3066 videtur.
1027 3017 1138 3066 ctFuss.
1155 3018 1230 3067 Rom.
1249 3019 1301 3066 Ant.
1315 3014 1326 3071 i
1341 3007 1374 3082 ”l

362 3081 459 3144 oppidis
480 3082 594 3144 aequarit
616 3081 720 3144 vulgaris
741 3081 868 3140 sententia,
901 3081 1012 3130 Creuzer.
1028 3082 1109 3140 §aaa
1125 3081 1177 3131 cte.
1195 3083 1228 3130 ad
1246 3081 1329 3130 Dirers
1342 3075 1373 3121 titt

362 3152 387 3194 ct
403 3152 477 3206 recte,
487 3147 506 3194 si
519 3146 627 3193 omnium
639 3146 733 3204 eadem,
746 3161 809 3206 quae
821 3146 867 3194 Ca-
904 3159 939 3193 11.

363 3225 435 3272 puae,
450 3210 556 3258 conditio
573 3210 718 3268 luisset,sed
734 3208 866 3257 receutiaai·
936 3211 1004 3260 rNe
1021 3211 1050 3258 ia
1068 3217 1122 3260 arto
1138 3227 1178 3261 ras
1196 3212 1269 3270 esest]
1297 3207 1327 3256 Ut
1341 3213 1374 3249 Μ

362 3273 675 3336 ιηίειιιοιοτοε,8εινίςη)ἰιιῐι
683 3271 867 3337 secuti(Geacb.
900 3288 969 3321 suam
986 3275 1103 3336 angustiis
1119 3275 1255 3337 expediret,
1270 3269 1372 3322 nisiinter

362 3337 405 3386 dea
418 3339 489 3386 Ram.
502 3337 602 3387 Rechts.
613 3335 721 3401 ἢθη.)
733 3338 867 3400 praefectu-
899 3337 989 3398 pretari
1008 3337 1088 3396 malis,
1107 3353 1137 3386 ne
1159 3338 1185 3386 iu
1207 3347 1260 3388 arto
1278 3351 1321 3385 rem
1336 3341 1371 3378 t'ffl

363 3417 401 3450 ras
421 3417 438 3449 a
458 3401 597 3464 municipiis
614 3403 743 3462 Praefecto
762 3407 867 3460 tantum,
899 3401 1100 3464 hostibusgerere
1112 3409 1245 3464 cogeretur.
1263 3403 1341 3450 ama

363 3466 428 3514 unde
444 3481 532 3514 nomeu
549 3465 648 3524 habent,
659 3465 823 3528 discrepantes
833 3465 867 3513 fa·
938 3467 1167 3527 aCadueeatoram]
1204 3468 1315 3529 Legebat]
1336 3469 1371 3505 ΝΗ

364 3530 439 3589 ciunt,
457 3545 529 3592 quem
549 3529 594 3578 iuri
614 3529 719 3577 dicundo
738 3529 868 3591 quotannis
900 3531 1016 3589 caduceo,
1028 3530 1069 3592 qui
1086 3546 1173 3592 pacem
1190 3538 1290 3593 peteret
1318 3521 1371 3574 (ata

363 3609 394 3642 ex
413 3595 473 3642 urba
489 3595 588 3642 missum
607 3595 694 3642 Festus
713 3599 822 3642 testatur.
844 3610 866 3642 v.
901 3609 969 3642 ceum
993 3601 1030 3642 est
1051 3593 1117 3668 virga
1138 3596 1242 3644 duorum
1266 3597 1370 3654 serptssffl?

363 3661 546 3719 Praefectum.
579 3659 636 3717 Sed,
646 3659 709 3706 sicut
719 3657 829 3706 civitates
839 3657 867 3705 il·
899 3658 1009 3721 implexa
1024 3659 1139 3720 imagine,
1149 3659 1190 3721 qui
1206 3659 1286 3708 media
1297 3659 1372 3717 mmm?

363 3723 399 3770 laa
407 3721 717 3772 universeadediticiorum
729 3721 867 3770 conditione
901 3729 969 3784 parte
985 3724 1050 3770 nodo
1066 3723 1168 3785 alligati,
1185 3724 1309 3786 primisque
1322 3718 1371 3777 ΡΨ·

364 3787 435 3848 longa
455 3794 560 3834 remotas
576 3786 650 3834 fuisse
667 3801 807 3848 persuasum
827 3787 867 3834 ha·
900 3787 946 3834 bus
961 3787 1046 3836 inflexi
1062 3786 1088 3834 in
1104 3788 1205 3836 modum
1219 3775 1371 3846 decubuerit

363 3849 868 3908 besaitaaliasaliisdeterioriaiurisfuiaae
900 3850 1010 3913 iungunt.
1045 3851 1116 3898 Haec
1128 3857 1164 3900 est
1175 3851 1305 3914 symbolum
1320 3853 1371 3909 prta}

364 3914 403 3960 rel
413 3913 471 3961 inde
482 3913 604 3971 coniicias,
615 3915 679 3975 quod
691 3915 717 3961 in
728 3914 789 3962 alias
799 3930 815 3962 a
826 3930 867 3976 po-
902 3914 975 3963 Hanc
989 3915 1077 3964 Graeci
1092 3915 1203 3978 aliaeque
1220 3921 1298 3978 genta·
1311 3910 1371 3968 Ψ

362 3977 431 4038 pulo,
442 3977 467 4024 in
478 3977 539 4026 alias
549 3978 689 4026 aPraetore
699 3978 785 4038 lactus,
795 3979 867 4027 Prae·
900 3979 949 4027 auia
963 3979 1062 4036 dabant,
1073 3995 1148 4040 quum
1165 3996 1207 4028 eoa
1223 3979 1331 4026 mitterent
1343 3981 1370 4028 l*

362 4042 441 4088 l'ectus
451 4040 600 4089 mittebatur.
630 4042 866 4102 Praesertumisa·
900 4058 953 4091 cem
976 4048 1090 4092 oraturos.
1128 4043 1191 4092 Eam
1212 4043 1335 4090 fabulantur
1350 4031 1370 4102 tl

364 4104 477 4167 viguyum
492 4103 629 4162 audiamus,
639 4106 822 4155 duumuir-onem
834 4107 867 4154 si·
900 4107 1017 4169 Apolline
1039 4108 1160 4156 Mercurio
1182 4109 1245 4156 dono
1264 4107 1340 4154 datam·
1354 4108 1369 4139 Ν

363 4183 417 4216 cam
428 4168 556 4228 implebat,
567 4168 608 4229 qui
624 4168 649 4216 in
666 4169 720 4217 aliia
730 4163 868 4219 civitatibus
900 4173 1037 4220 mercedem
1049 4173 1116 4233 lyrae
1126 4173 1158 4220 ab
1168 4187 1197 4220 ao
1207 4175 1319 4232 acceptae
1343 4159 1369 4206 Dr

364 4232 445 4279 liberis
461 4231 550 4279 civium
567 4231 684 4293 suffragiis
699 4233 744 4280 iuri
762 4233 868 4282 dicundo
901 4236 1008 4284 caduceo
1026 4235 1073 4284 vid.
1089 4237 1154 4286 Serv.
1173 4237 1206 4284 ad
1222 4237 1280 4285 Aen.
1294 4231 1320 4278 lt·
1333 4235 1368 4282 24³·

364 4297 516 4353 emebantur,
532 4296 574 4343 scd
593 4295 678 4344 Fussio
697 4311 744 4344 non
764 4303 814 4344 tarn
832 4298 868 4360 ip-
901 4299 982 4349 cerv,

364 4357 414 4406 aius
424 4359 489 4406 urbis
500 4375 573 4420 quem
590 4359 691 4421 regionis
707 4359 779 4408 iudex
795 4361 868 4410 luisse
