2966 4778
383 247 480 314 LIB.
503 247 618 314 XXII.
653 249 765 316 CAP.
790 257 841 318 59.
1079 255 1138 322 117

83 379 245 446 ‘tivorum
260 379 518 448 redimendorum
533 385 636 471 gretia
651 385 829 450 Tarentum
846 387 977 452 misisse.
1024 387 1071 452 At
1094 387 1137 466 ui,
1148 407 1183 456 U.
1195 407 1226 458 c.
1241 405 1296 470 53⁶·

86 473 142 532 ‘et
162 467 205 532 ad
220 466 341 533 Alliam
363 491 437 534 oum
454 469 565 547 Gallis,
581 484 614 536 et
636 469 678 535 ad
698 469 886 540 Heracleam
908 496 983 538 eum
1003 411 1177 562 Pyribo,A
1195 472 1225 522 st
1241 469 1295 521 ²¹⁶·

83 559 243 640 ‘utraque
265 577 332 620 non
354 569 419 620 tam
445 555 534 622 clade
562 557 697 635 infamis,
725 581 821 644 quam
888 582 962 625 vore
988 583 1026 626 ac
1051 560 1136 648 fuga,

84 645 217 726 ‘pugna
236 640 305 706 fuit
353 641 541 708 Cannenses
560 665 687 731 campos
705 645 810 708 acervi
864 668 1050 712 omanorum
1069 669 1138 714 cor·

83 732 222 810 ‘porum
246 739 377 814 tegrmt:
408 750 469 792 nec
490 751 695 817 supersumus
716 752 852 817 pugnae,
875 731 937 796 nisi
961 733 996 797 in
1021 733 1138 819 quibus

84 811 303 878 ‘tmcidandis
321 825 355 878 et
371 813 489 880 ferrum
510 829 542 880 et
560 815 643 881 vires
669 815 794 880 hostem
815 816 1008 883 defecerunt
1056 819 1138 884 Sunt

84 897 205 962 ‘etiam
227 898 269 964 de
290 900 404 965 nostris
426 901 566 988 quidam,
583 902 640 988 qui
654 925 696 966 ne
718 902 753 966 in
773 903 840 967 acie
859 903 991 990 quidem
1013 905 1138 991 refuge·

84 991 197 1048 ‘runtt
220 984 286 1064 sed,
296 987 454 1074 praesidio
465 989 573 1053 castris
583 987 696 1065 relicti,
706 1011 807 1075 quum
818 1001 920 1054 castra
928 989 1136 1069 traderentur,

84 1069 142 1134 ‘in
164 1083 353 1156 potestatem
373 1072 513 1138 hostium
535 1087 701 1140 venerunt
748 1073 848 1139 Haud
869 1075 1020 1176 equidem
1042 1076 1138 1142 ullius

57 1155 184 1225 s‘civis
201 1169 235 1222 et
254 1158 478 1224 commilitonis
497 1161 643 1226 fortunae
658 1173 713 1226 aut
732 1161 909 1226 conditiom
923 1162 1061 1240 invideo,
1077 1185 1137 1228 nec

84 1243 284 1328 ‘premendo
298 1243 397 1310 alium
412 1267 462 1310 me
478 1247 628 1312 extulisse
643 1247 757 1314 velim:
782 1270 823 1312 ne
841 1247 887 1312 illi
903 1248 1044 1348 quidem,
1060 1249 1137 1336 (nisi

84 1329 303 1414 ‘pernicitatis
324 1330 444 1418 pedum
466 1345 500 1396 et
520 1355 631 1398 cursus
653 1331 783 1420 aliquod
801 1355 978 1420 praemrum
996 1336 1060 1424 est)
1103 1337 1137 1400 ui

84 1413 252 1502 ‘plerique
273 1417 411 1483 inermes
425 1441 467 1482 ex
489 1419 557 1484 acie
571 1419 730 1506 firgientes
748 1443 814 1486 non
833 1421 932 1507 prius,
948 1444 1046 1508 quam
1068 1361 1102 1488 {l
1122 1458 1137 1471 -

83 1507 94 1537 ‘
102 1501 214 1566 nnsiae
229 1513 285 1567 aut
301 1501 446 1580 Caninii,
462 1505 683 1584 constiterunt,
695 1528 728 1570 se
744 1505 836 1571 nobis
850 1507 963 1572 merito
978 1507 1137 1594 praetule-

83 1585 181 1662 ‘rint‚
196 1585 385 1738 ploriatique
407 1591 481 1668 sint,
496 1591 531 1655 in
551 1614 583 1656 se
598 1590 680 1678 plus,
696 1614 794 1678 quam
814 1592 850 1656 in
870 1593 971 1671 nobie,
986 1594 1136 1680 praesidii

83 1672 198 1760 ‘reipu
220 1672 298 1740 linae
321 1698 397 1742 esse.
446 1675 511 1742 Sed
527 1677 589 1742 illis
606 1689 640 1742 et
662 1678 754 1744 bonis
774 1691 807 1744 et
827 1679 961 1746 fortibus
983 1679 1136 1746 militibus

84 1759 260 1824 ‘utemini:
284 1774 318 1826 et
339 1761 431 1828 nobis
450 1763 548 1828 etiam
567 1764 815 1850 promptioribus
836 1788 894 1852 pro
917 1766 1028 1853 patria,
1049 1766 1137 1854 quod

83 1845 264 1911 ‘beneficio
283 1861 387 1912 vestro
406 1847 564 1936 redempti
578 1861 675 1936 atque
690 1851 725 1914 in
739 1851 873 1938 patriam
888 1853 1026 1916 restituti
1039 1853 1137 1918 fueri-

84 1939 186 1996 ‘mus
232 1931 406 1999 Delectum
425 1936 569 2000 exomni
587 1948 688 2002 aetate
704 1949 738 2002 et
755 1937 884 2003 fortuna
897 1937 1039 2003 habetis:
1063 1951 1136 2004 octo

83 2016 204 2084 ‘millia
213 2019 616 2088 servorumsudioarmari.
662 2022 741 2088 Non
756 2023 860 2088 minor
868 2045 1019 2088 numerus
1028 2037 1136 2090 noster

84 2112 161 2181 ‘est
177 2127 238 2169 nec
252 2105 370 2171 maiore
384 2106 486 2193 pretio
500 2106 616 2174 redimi
630 2129 806 2195 possumus,
819 2131 915 2194 qnam
926 2109 960 2174 hi
975 2123 1134 2174 emuntur.

84 2188 193 2256 ‘Nam
207 2192 234 2256 si
249 2192 409 2256 conferam
423 2215 482 2258 nos
499 2193 659 2271 cumillis,
674 2193 823 2260 iniuriam
843 2195 966 2260 nomini
987 2194 1135 2260 Romano

84 2275 226 2342 ‘faciam
272 2275 358 2344 Illud
387 2279 483 2344 etiam
511 2280 547 2344 in
572 2279 629 2344 tali
657 2279 789 2346 consilio
818 2281 1136 2346 animadvertendum

84 2363 193 2428 ‘vobis
215 2385 371 2441 censeam,
388 2364 500 2431 Patres
519 2365 698 2452 conscripti,
714 2365 757 2452 (si
777 2377 885 2430 tamen
904 2366 1046 2432 duriores
1066 2391 1134 2434 esse

84 2448 218 2527 ‘velitis
234 2450 323 2551 quod
339 2450 428 2516 nullo
443 2465 551 2516 nostro
566 2451 679 2518 merito
698 2450 901 2602 faciatisploui
915 2475 973 2518 nos
987 2453 1070 2520 hosti
1084 2478 1135 2520 re·

54 2534 303 2602 6‘licturis1tis.
349 2537 473 2626 Pyrrho
492 2537 651 2616 videlicet,
667 2537 723 2626 qni
745 2560 804 2604 nos
842 2540 981 2626 ospitum
1000 2562 1134 2606 numero

83 2621 218 2688 ‘babuit
230 2646 268 2688 oa
291 2623 380 2701 tivos,
398 2647 440 2688 sn
459 2625 591 2690 barbaro
602 2647 639 2689 ao
653 2624 785 2701 Poen03
833 2625 866 2688 ui
880 2637 988 2692 utrum
1002 2627 1134 2704 avarior,

82 2717 148 2774 ‘an
162 2646 393 2787 crudedbnsit,
404 2709 458 2774 vix
470 2710 643 2776 existimari
658 2721 770 2798 potest
809 2648 987 2778 dividentis
996 2726 1133 2793 catenes,

82 2794 293 2881 ‘squalorem
307 2795 553 2862 deformitatem
582 2796 700 2864 civium
725 2809 910 2878 vestrorum,
936 2821 1003 2864 non
1028 2801 1134 2865 minus

83 2881 246 2967 ‘profecto
266 2904 323 2948 vos
344 2905 383 2946 es
404 2882 524 2970 species
546 2895 679 2960 moveat,
698 2905 795 2983 quam
817 2884 844 2948 si
866 2907 908 2949 ex
929 2885 1028 2950 altera
1044 2897 1133 2973 perte

83 2975 93 3005 ‘
101 2968 240 3038 cernatis
255 2980 365 3034 stratas
382 2966 604 3034 Cannensibus
618 2991 738 3056 campis
751 2969 892 3056 legiones
906 2983 1032 3035 vestras.
1078 2970 1133 3036 In·

82 3061 93 3092 ‘
106 3053 189 3117 tueri
204 3055 335 3140 potestis
346 3053 592 3120 sollicitudinem
603 3069 637 3120 et
650 3054 793 3119 lacrimas
807 3055 843 3119 in
856 3056 1012 3120 vestibulo
1027 3057 1132 3122 curiae

82 3138 258 3204 ‘stantium
286 3151 493 3227 cognatorum
521 3153 710 3218 nostrorum,
741 3141 1057 3229 exspectantiumque
1083 3165 1133 3207 re·

82 3234 255 3311 ‘sponsum
269 3238 417 3292 vestrum.
466 3226 577 3300 Quum
592 3226 616 3289 ii
629 3249 688 3326 pro
703 3227 795 3291 nobis
806 3248 926 3312 proque
941 3227 990 3305 iis,
1006 3227 1063 3314 qui
1077 3229 1133 3292 ab·

81 3320 190 3388 ‘sunt
205 3311 250 3376 ita
263 3312 407 3398 suspensi
421 3334 458 3376 ac
478 3310 603 3376 solliciti
618 3325 682 3376 arnt
690 3335 699 3388 ;
723 3333 820 3396 quem
840 3313 975 3378 censetis
990 3313 1132 3379 animum

81 3398 245 3483 ‘ipsorum
253 3421 331 3475 esse,
344 3397 713 3484 quorumindiscrimine
722 3397 787 3461 vita
795 3396 985 3485 libertasque
995 3400 1062 3466 est?
1086 3399 1130 3478 si,

81 3493 154 3547 ‘me
169 3483 242 3547 dius
256 3483 360 3560 fidius,
376 3484 443 3571 ipse
458 3484 493 3548 in
508 3506 566 3548 nos
580 3483 665 3548 mitis
685 3482 849 3550 Hannibal
863 3497 973 3550 contra
986 3498 1131 3552 naturam

80 3579 194 3634 ‘sunm
214 3593 281 3634 esse
295 3570 382 3648 velit,
397 3569 479 3636 nihil
499 3581 606 3634 tamen
620 3569 712 3634 nobis
732 3569 796 3634 vita
815 3593 894 3657 opus
914 3593 981 3636 esse
1003 3594 1132 3637 censea-

53 3665 183 3732 7‘mus,
206 3679 307 3743 quum
325 3656 461 3742 indigni,
482 3668 519 3722 ut
540 3679 559 3720 a
579 3656 668 3722 vobis
685 3655 922 3734 redimeremur,
941 3657 1001 3722 visi
1022 3658 1129 3723 simus.

80 3741 244 3808 ‘Rediere
266 3743 404 3808 Romam
426 3742 588 3829 qnondam
607 3743 729 3808 remissi
751 3765 770 3808 a
791 3742 915 3830 Pyrrho
937 3745 1006 3810 sine
1027 3746 1130 3832 pretio

78 3829 206 3916 ‘capti3
230 3829 286 3894 sed
301 3829 423 3894 rediere
439 3851 512 3894 cum
524 3829 647 3979 ppos,
659 3829 849 3916 primoribus
864 3831 1008 3909 civitatis,
1025 3833 1066 3897 ad
1080 3855 1130 3897 re·

582 3937 599 3979 e

79 3914 272 3980 ‘dimendos
293 3939 360 3980 sese
383 3915 501 3980 missis:
602 3937 654 3980 am
675 3938 735 4002 ego
757 3916 791 3980 in
813 3917 956 4004 patriam,
980 3919 1130 3984 trecentis

114 4121 200 4179 5Nco
211 4119 342 4180 premendo
357 4118 447 4177 olium]
471 4116 502 4164 cl.
517 4117 589 4178 supr.
622 4118 803 4179 legendnmpro
812 4118 973 4180 valeramus.
997 4118 1130 4170 Nouenirn

81 4197 120 4232 rs.
160 4183 589 4245 mmmmm-torentem.
622 4195 673 4228 rem
691 4181 796 4229 nffinnat
813 4187 910 4242 oraton
926 4184 978 4242 sed,
992 4183 1012 4230 si
1027 4197 1058 4230 ea
1074 4199 1130 4232 con-

147 4248 196 4304 Qur'
207 4261 251 4294 aar
263 4247 384 4307 hospitam
393 4245 508 4303 numero]
527 4243 590 4294 Nos·
624 4243 710 4306 tingat,
726 4245 785 4307 quid
804 4244 849 4294 sibi
867 4245 944 4294 animi
961 4245 1071 4296 futurum
1090 4247 1130 4308 sit,

78 4309 245 4368 nosscilieet,
256 4311 295 4358 vel
307 4309 440 4358 Romanoa
459 4308 564 4357 Dnuss.
624 4312 734 4358 testatur.

48 4423 55 4434 ,
116 4385 130 4435 7
145 4371 203 4422 'Vara'
217 4374 305 4433 simtu]
325 4374 366 4422 lta
379 4373 493 4422 Muretus
509 4377 591 4421 censet
