2966 4778
346 171 407 232 142
738 161 851 229 r1r1
882 163 1013 232 mvn
1472 2 1480 259 l

187 307 264 360 Μ
280 307 335 372 536·
346 300 429 366 isset
475 299 535 364 Illa
548 299 635 364 enim
656 299 817 364 cunctatio
832 298 992 364 distulisse
1012 297 1108 364 modo
1123 298 1287 364 victoriam
1304 297 1406 363 videri

345 387 470 536 potuim
504 387 557 451 hic
578 407 666 450 error
688 385 770 450 vires
793 383 947 450 ademisse
971 385 1012 450 ad
1027 385 1230 450 vincendum.
1280 383 1405 472 ltaque
1478 369 1480 430 l

369 472 485 550 ercule,
501 472 627 538 velutsi
642 493 716 537 cum
730 471 793 536 alio
807 472 951 536 exercitu
966 494 985 535 a
1001 469 1115 559 Capua
1128 472 1241 548 exiret,
1255 471 1342 536 nihil
1356 495 1407 535 us-

345 582 442 646 quam
457 558 608 646 pristinae
621 557 807 658 disciplinae
823 557 935 622 tenuit.
983 555 1069 622 Nam
1081 571 1115 623 et
1129 558 1297 622 rediemnt
1311 558 1408 644 pleri·

346 668 409 732 que
432 646 543 710 scortis
565 644 731 731 impliciu:
756 656 798 721 et,
814 643 870 710 ubi
893 643 1031 744 primum
1053 645 1112 708 sub
1132 643 1273 731 pellibus
1295 643 1428 710 haberis
1479 661 1480 736 ι

346 753 403 797 coe
427 731 451 796 ti
466 746 551 808 sunt,
565 732 680 818 viaque
696 745 729 795 et
743 729 824 796 alius
839 729 983 794 mihtaris
1004 729 1093 796 labor
1107 730 1246 880 excepit,
1263 730 1407 796 tironum

187 377 216 422 Δ.
234 377 263 422 0.
281 372 336 424 216.

346 839 378 882 m
422 817 635 906 ocor-poribus
643 817 822 903 animisque
832 816 1042 882 deficiebant:
1066 831 1100 882 et
1108 817 1186 881 dein
1209 839 1299 904 eper
1310 839 1406 882 omne

346 905 535 970 aestivorum
555 919 680 991 tempus
696 925 727 966 m
791 926 810 967 a
828 923 899 990 pars
913 902 982 967 sine
1004 903 1235 968 commeatibus
1250 904 1293 968 ab
1307 905 1408 990 signis

346 990 585 1142 gilabebantur:
610 1012 716 1076 neque
727 1012 747 1053 a
759 1011 806 1054 rae
821 987 971 1067 latebrae,
982 1011 1078 1076 quam
1096 988 1220 1077 Capua,
1232 988 1408 1055 desertori-

369 1100 406 1142 us
420 1090 520 1142 erant.

278 1209 286 1224 .
391 1163 556 1240 Ceterum,
567 1162 752 1227 mitescente
762 1162 825 1226 iarn
835 1161 1074 1239 hieme,educto
1084 1183 1124 1226 ex
1135 1162 1280 1228 hibernis
1292 1163 1406 1239 milite,

349 1248 527 1315 Casilinum
537 1248 629 1313 redit.
666 1247 1234 1336 Ubisquanquamaboppugnatioue
1244 1262 1407 1314 cessatum

346 1349 423 1414 erat,
439 1335 562 1402 obsidio
577 1351 684 1399 tamen
699 1335 885 1399 continuata
898 1334 1076 1421 oppidanos
1086 1333 1354 1422 praesidiumque
1368 1335 1407 1400 ad

346 1423 494 1487 ultimum
509 1421 635 1508 inopiae
647 1420 833 1485 adduxerat.
881 1419 1002 1486 Castn's
1019 1420 1174 1485 Romanis
1185 1421 1236 1485 Ti.
1253 1421 1408 1509 Sempro·

346 1509 418 1574 nius
444 1520 598 1595 praeerat,
621 1506 774 1572 dicmtore
797 1506 1009 1594 auspiciorum
1036 1506 1288 1595 repetendorum
1311 1529 1408 1572 causa

346 1594 487 1682 profecto
511 1593 658 1658 Romam.
705 1591 906 1670 Marcellum,
929 1608 963 1657 et
985 1593 1089 1680 ipsum
1112 1593 1298 1680 cupientem
1323 1594 1407 1659 ferre

345 1680 501 1746 auxilium
528 1679 671 1756 obsessis,
698 1693 732 1744 et
754 1678 934 1744 Vulturnus
960 1679 1062 1743 amnis
1088 1679 1215 1744 indatus
1239 1681 1350 1767 aquis,
1374 1699 1407 1746 et

346 1787 457 1854 preces
470 1765 668 1830 Nolanorum
678 1779 775 1852 atque
792 1765 1027 1830 Acerranorum
1042 1766 1203 1843 tenebant,
1217 1764 1428 1854 Campanoet

348 1853 540 1929 timentium,
550 1852 576 1916 si
585 1852 778 1938 praesidium
788 1851 972 1917 Romanum
984 1851 1190 1917 absceisset.
1223 1851 1406 1930 Gracchus,

346 1939 487 2006 assidens
510 1951 634 2004 tantum
659 1937 811 2014 Casilino,
828 1936 905 2025 quia
923 1938 1123 2024 praedictum
1144 1951 1213 2003 erat
1226 1938 1426 2018 dictatoris,1

346 2047 388 2090 ne
403 2025 482 2114 quid
497 2026 627 2090 absente
650 2047 689 2090 eo
703 2024 750 2089 rei
764 2037 898 2110 gereret,
914 2022 995 2088 nihil
1016 2025 1178 2090 movebat:
1203 2047 1406 2112 quanqumn,

369 2135 428 2178 uae
450 2111 541 2178 facile
563 2133 693 2176 omnem
720 2110 906 2197 patientiam
929 2110 1104 2189 vincerent,
1126 2111 1363 2176 nuntiabantur
1386 2136 1408 2178 a

346 2135 499 2266 basilino.
547 2195 633 2262 Nam
649 2209 691 2275 et,
701 2196 922 2284 praecipitasse
937 2219 970 2261 se
980 2197 1134 2297 quosdam
1147 2219 1213 2262 non
1228 2197 1406 2264 tolerantes

344 2285 471 2363 famem,
487 2285 668 2361 constabat3
692 2297 726 2348 et
739 2295 822 2348 stare
841 2282 978 2347 inermes
993 2305 1027 2347 ιιι
1043 2283 1150 2362 muris,
1167 2283 1253 2348 nuda
1268 2307 1407 2386 corpora

345 2371 386 2436 ad
407 2370 574 2436 missilium
595 2370 731 2436 telorum
746 2369 828 2434 ictus
849 2369 1045 2455 praebentes.
1092 2369 1142 2434 Ea
1161 2393 1255 2458 aegre
1274 2386 1406 2471 patiens

347 2455 524 2534 Gracchus,
536 2477 636 2542 quum
652 2477 756 2542 neque
768 2477 909 2542 pugnam
925 2477 1089 2522 conserere
1100 2456 1263 2521 dictatoris
1278 2457 1406 2523 miuasu

346 2542 487 2620 auderet,
503 2541 728 2630 (pugnandum
749 2555 857 2606 autem
872 2561 950 2619 esse,
966 2542 992 2605 si
1010 2541 1114 2629 palam
1128 2542 1327 2608 trumentum
1344 2545 1406 2608 im-

346 2640 495 2716 portaret,
511 2627 654 2712 videbat)
671 2650 778 2715 neque
793 2626 876 2692 clam
897 2627 1091 2715 importandi
1198 2643 1291 2706 esset,
1305 2629 1405 2708 farre,

347 2737 387 2779 ex
403 2715 485 2802 agris
494 2714 577 2779 circa
588 2713 666 2778 undi
690 2736 731 2778 ue
746 2725 909 2791 convecto,
923 2737 1024 2801 quum
1038 2651 1202 2802 comitilia
1212 2714 1299 2781 dolia
1313 2739 1407 2782 eom·

188 2821 327 2896 occlusum
346 2799 473 2889 plesset,
488 2801 637 2866 nuntium
653 2737 695 2864 ad
712 2799 930 2886 magistratum
949 2800 1128 2865 Casilinum
1150 2802 1245 2879 misit,
1261 2816 1300 2866 ut
1313 2804 1406 2868 exci·
1478 2857 1479 2882 ι

189 2886 299 2935 l⁰d⁰¹¹¹¹
346 2899 460 2990 perant
494 2887 588 2964 dolia,
618 2909 700 2974 quae
734 2887 836 2950 amnis
865 2885 1011 2951 deferret.
1070 2888 1259 2975 Insequenti
1295 2905 1405 2968 nocte,
1478 2897 1479 2970 ξ

188 2965 338 3064 ffiussffl
347 2975 479 3040 mtentis
493 2973 640 3039 omnibus
654 2973 689 3037 in
700 2973 821 3037 flumen
835 2994 872 3036 ac
943 2993 975 3036 m
990 2973 1030 3038 ab
1045 2975 1159 3038 nuntio
1172 2973 1323 3039 Romano
1339 2979 1406 3042 fac·

189 3077 302 3130 mittitur.
347 3073 422 3138 tam,
434 3059 520 3126 dolia
533 3060 641 3125 medio
652 3060 747 3125 missa
760 3057 847 3123 amni
858 3058 899 3124 de
924 3073 1070 3124 uxenmt
1118 3059 1309 3148 Aequaliter
1318 3063 1407 3128 inter
1478 3077 1479 3096 i

345 3169 458 3214 omnes
479 3147 674 3212 frumentum
704 3145 850 3210 divisum.
896 3143 936 3209 Id
1023 3158 1091 3211 tero
1119 3169 1249 3234 quoque
1280 3148 1338 3213 die
1370 3174 1406 3216 ac
1478 3205 1479 3220 ι

347 3233 574 3300 eructantem
594 3247 651 3299 est
698 3229 804 3297 Nocte
819 3243 852 3294 et
872 3231 963 3296 mitte
986 3245 1081 3296 antur
1094 3245 1128 3297 et
1149 3235 1403 3333 perveniebant:

346 3343 385 3387 eo
400 3319 558 3385 custodias
573 3319 712 3384 hostium
725 3316 885 3382 fallebant.
932 3315 1091 3383 Imbribus
1105 3318 1224 3384 demde
1239 3322 1405 3388 continuis
1478 3319 1479 3402 l

346 3406 471 3472 citatior
496 3406 589 3471 solito
614 3405 726 3482 amnis,
751 3417 926 3469 transverso
948 3405 1067 3471 vortice
1098 3404 1184 3470 dolia
1208 3406 1346 3494 impulit
1366 3410 1405 3474 sd
1478 3453 1479 3456 =

347 3493 458 3580 ripam,
474 3515 571 3594 quam
592 3492 698 3557 hostes
711 3491 885 3556 servabant.
933 3487 983 3555 Ibi
1003 3489 1167 3558 haerentia
1180 3492 1266 3558 inter
1284 3495 1406 3560 obnata

346 3579 423 3668 ripis
437 3579 547 3644 salicta
560 3578 817 3666 conspiciuntur:
841 3575 1088 3664 nuntiatumque
1105 3576 1282 3644 Hannibali
1298 3595 1361 3660 est,
1373 3597 1406 3648 et

347 3666 464 3732 deinde
474 3665 644 3731 intentiore
659 3663 951 3740 custodiacautum,
963 3685 1005 3729 ne
1017 3664 1096 3750 quid
1106 3663 1229 3730 falleret
1238 3664 1427 3734 Vulturnus

384 3915 466 3964 sset
483 3915 603 3977 pellitias]
633 3913 664 3964 ln
683 3913 801 3963 tentoriis.
825 3914 856 3963 cl'.
889 3914 914 3962 ii.
929 3929 966 3964 ιο.
983 3915 1034 3964 xxi.
1049 3930 1085 3966 ιο.

348 3993 414 4042 supr.
426 3994 448 4027 r.
461 3992 482 4026 a.
504 3979 556 4027 Sul>
565 3979 671 4040 pellibus
680 3979 780 4026 durare.
922 3992 935 4026 a
953 3981 1088 4030 [menam
1098 3981 1220 4040 emedio]
1240 3981 1352 4032 Obiecta
1364 3999 1407 4046 per
1477 3999 1478 4038 ι

380 4057 396 4108 9
412 4043 607 4103 Acerranorum]
628 4041 690 4100 Qui,
700 4041 760 4089 urbo
771 4056 816 4090 sua
825 4042 857 4088 ab
888 4041 998 4091 medium
1017 4057 1116 4092 amnem
1133 4050 1229 4104 catena,
1245 4050 1312 4096 tame
1327 4049 1405 4097 Fron-
1477 4039 1478 4094 ἶ

350 4106 492 4156 Hannibale
500 4107 596 4168 direpta
603 4111 677 4167 etque
688 4105 796 4163 incensa,
805 4105 856 4153 No·
889 4105 933 4155 tin.
951 4107 1053 4169 Strateg.
1071 4107 1158 4169 iii.14.
1191 4109 1312 4158 Oetemm
1330 4112 1405 4161 Prae
1477 4105 1478 4132 ³

349 4171 399 4219 lam
413 4171 578 4232 confligerent
889 4170 997 4218 nominos
1018 4173 1132 4221 Nucula
1154 4173 1297 4234 appellatos
1319 4177 1405 4224 scribit

385 4248 394 4282 ι
414 4237 479 4292 Quia
491 4235 644 4297 praedictum
654 4241 709 4282 arat
718 4234 855 4293 dictatoris]
890 4233 986 4293 Festus,
997 4235 1087 4296 “quod
1101 4235 1189 4285 inclusi
1202 4251 1217 4284 a
1231 4237 1324 4286 Poenis
1334 4240 1405 4290 ean

350 4297 374 4346 h.
386 4312 407 4346 e.
422 4299 577 4355 luteumve!
593 4296 721 4346 monitum.
745 4297 775 4343 cl.
791 4311 856 4358 supr.
890 4295 933 4343 lini
944 4297 1034 4346 famem
1047 4299 1151 4348 nucibus
1161 4307 1360 4352 stratentanurt.”
1477 4287 1478 4382 l
