2888 4768
348 173 410 236 258
736 166 849 234 ΤΙΤΙ
875 165 1012 234 LIVII

195 319 229 371 υ.
240 319 270 370 ο.
286 332 340 382 540·
349 315 475 370 rentum
505 303 639 370 duxerat
667 302 827 391 legiones3
862 325 929 390 spe,
958 315 1014 368 ant
1041 302 1083 380 vi,
1113 313 1169 366 aut
1196 299 1283 378 dolo,
1314 301 1394 364 arcis

191 385 224 435 Α·
241 385 271 435 ⁰·
287 391 542 456 ²¹⁹·Tarentinae
571 389 753 478 potiundae.
812 389 910 466 Quod
937 390 993 455 nbi
1160 386 1326 476 processit,
1358 386 1395 450 ad

349 477 557 543 Brundisium
575 477 665 543 flexit
682 479 752 554 iter,
767 477 858 565 prodi
878 477 912 542 id
934 477 1009 566 oppi
1034 500 1087 541 nm
1107 489 1201 540 ratus.
1247 473 1301 538 Ibi
1316 496 1395 560 quo

350 587 412 652 qne
433 587 532 652 quum
550 565 664 630 frustra
683 579 798 629 tereret
818 579 952 652 tempus,
967 563 1063 652 legati
1079 561 1237 650 Campani
1258 561 1302 625 ad
1322 583 1395 624 eum

193 660 320 735 Hannibal
349 665 514 730 venerunt,
534 666 705 738 querentes
726 651 829 728 simul,
852 664 1060 738 orantesque:
1113 650 1206 714 uibus
1229 646 1395 712 Hannibal

192 725 312 838 “ffiffi
347 739 515 827 magnifice
534 739 707 827 respondit,
722 751 755 802 et
775 752 868 803 antea
886 737 1012 802 solvisse
1031 674 1239 813 obsidionem,
1256 748 1293 799 et
1311 758 1395 799 nune

191 853 333 916 Campania
349 825 622 891 adventumsuum
633 825 776 891 consules
788 847 852 890 non
863 824 990 889 laturos.
1037 823 1122 889 Cum
1133 823 1193 887 hac
1204 845 1264 910 spe
1276 821 1395 886 dimissi

348 911 453 1000 legati,
468 913 523 978 vix
537 912 661 1000 regredi
673 911 828 998 Capuam,
839 912 903 975 iarn
923 910 1044 999 duplici
1061 911 1142 976 fossa
1155 908 1308 996 valloque
1332 909 1396 973 cin·

347 1015 442 1077 ctam,
457 1012 637 1088 potuerunt.

240 1093 291 1152 23.
395 1086 505 1162 Quum
534 1086 670 1151 maxime
697 1083 812 1173 Capua
838 1083 1134 1162 circumvallaretur,
1166 1083 1396 1184 Syracusarum

347 1173 543 1274 oppugnatio
558 1173 711 1237 adfinem
725 1172 822 1250 venit,
837 1185 1057 1260 praeterquam
1072 1171 1103 1235 vi
1120 1193 1157 1234 ac
1171 1183 1295 1236 virtute
1309 1171 1396 1234 ducis

348 1275 580 1347 exercitusque,
595 1259 746 1323 intestina
765 1258 862 1323 etiam
880 1257 1060 1346 proditione
1079 1257 1195 1328 adiuta.
1244 1257 1396 1345 Namque

348 1345 519 1412 Marcellus
554 1345 645 1411 initio
674 1346 756 1410 veris
789 1345 936 1422 incertus,
966 1359 1073 1410 utrum
1107 1344 1332 1432 Agrigentum
1361 1343 1397 1408 ad

349 1431 565 1498 Himilconem
579 1447 613 1497 et
633 1431 861 1520 Hippocratem
872 1445 1009 1496 verteret
1028 1430 1155 1509 bellum,
1171 1453 1215 1496 an
1230 1431 1414 1496 obsidionel

350 1518 518 1608 Syracusas
535 1532 702 1606 premeret,
723 1519 906 1606 quanquam
928 1541 989 1583 nec
1009 1518 1041 1582 vi
1063 1518 1133 1605 capi
1152 1517 1289 1582 videbat
1308 1541 1396 1670 ῃ

347 1605 626 1694 inexpugnabilem
639 1607 777 1671 terrestri
792 1628 828 1669 ac
843 1605 1001 1670 maritimo
1016 1605 1079 1670 situ
1092 1603 1218 1682 urbem,
1230 1627 1298 1670 nee
1372 1629 1397 1682 e,

347 1715 443 1779 quam
455 1714 553 1792 prope
568 1692 659 1756 liberi
674 1693 713 1757 ab
725 1690 918 1779 Carthagine
929 1704 1123 1756 commeatus
1132 1689 1271 1770 alerent,
1283 1705 1398 1769 tamen,

298 1809 300 1817 ·
347 1801 388 1844 ne
415 1778 494 1867 qmd
519 1779 720 1866 inexpertum
745 1777 950 1866 relinqueret,
973 1777 1149 1878 translirgas
1180 1776 1398 1866 Syracusanos

362 1879 452 1930 erant
474 1879 580 1931 autem
603 1889 622 1930 a
644 1865 689 1931 nd
712 1865 873 1930 Romanos
895 1865 993 1952 aliqui
1014 1863 1202 1930 nobilissimi
1224 1865 1302 1942 viri,
1322 1867 1399 1930 inter

370 1952 557 2018 electionem
569 1952 608 2016 ab
619 1889 781 2029 lemma,
791 1953 868 2053 quia
877 1953 917 2017 ab
927 1951 1017 2016 novis
1025 1950 1163 2015 consiliis
1172 1951 1397 2029 abhorrebant,

191 2062 322 2126 Colloquia
347 2039 446 2128 pulsi)
460 2037 625 2126 colloquiis
639 2061 713 2103 suae
728 2053 825 2125 partis
841 2053 961 2104 tentare
976 2038 1140 2104 hominum
1155 2039 1288 2104 animos
1304 2040 1396 2113 iussit,
1442 2109 1443 2132 1

190 2127 334 2202 eaproter-
348 2141 382 2192 et
397 2125 495 2192 fidem
513 2126 599 2204 dare,
619 2125 646 2190 si
666 2125 798 2191 traditae
819 2125 923 2190 forent
945 2123 1126 2213 Syracusae,
1146 2123 1271 2190 liberos
1292 2150 1349 2192 cos
1367 2149 1398 2190 ac

191 2191 412 2319 ffffll'snis
430 2213 552 2302 legibus
569 2213 706 2277 victurus
725 2235 800 2277 esse.
848 2211 925 2277 Non
942 2225 1010 2276 erat
1027 2211 1177 2298 colloquii
1197 2214 1309 2300 copia,
1332 2214 1399 2302 quia

190 2318 230 2370 ria
348 2299 519 2366 multorum
534 2299 633 2365 animi
646 2299 782 2386 suspecti
794 2299 939 2364 omniurn
953 2321 1061 2363 curam
1076 2297 1252 2386 oculosque
1270 2323 1400 2366 conver·

289 2416 292 2423 ·
349 2400 461 2464 terant,
477 2410 518 2451 ne
534 2385 614 2475 quid
627 2385 749 2451 falleret
764 2385 825 2451 tale
839 2385 1019 2450 admissum.
1068 2383 1182 2450 Servus
1203 2409 1296 2452 unus
1312 2411 1401 2453 exsu-
1441 2413 1442 2418 ¹

347 2471 425 2551 lum,
440 2495 497 2560 pro
515 2471 675 2561 transfuga
694 2471 891 2538 intromissus
905 2472 940 2536 in
959 2472 1079 2550 urbem,
1094 2474 1266 2538 conventis
1282 2476 1399 2562 paucis,

313 2559 318 2570 ’
348 2558 475 2624 initium
495 2557 696 2646 colloquendi
711 2559 752 2624 de
773 2559 828 2624 tali
847 2582 880 2624 re
899 2558 982 2624 fecit.
1027 2558 1155 2624 Deinde
1173 2559 1210 2624 in
1229 2561 1400 2648 piscatoria

372 2645 481 2709 uidam
501 2645 584 2722 navi,
604 2645 724 2711 retibus
745 2646 857 2735 operti,
875 2645 1142 2733 circumvectique
1164 2647 1211 2710 ita
1232 2647 1281 2712 ad
1304 2665 1400 2714 eastra

349 2667 507 2809 bumana,
533 2730 743 2820 collocutiquc
773 2755 846 2797 cnm
876 2732 1062 2820 transfugis:
1092 2745 1126 2797 et
1153 2731 1244 2798 idem
1277 2737 1399 2824 saepius

350 2817 464 2884 eodem
479 2817 574 2919 modo
594 2817 648 2882 alii
667 2832 762 2920 atque
778 2819 840 2884 alii
882 2819 1051 2920 l'osuemo
1069 2819 1113 2920 ad
1132 2819 1305 2908 octoginta
1319 2823 1397 2922 breti

191 2904 1399 3106 priorumtemporum

349 3092 415 3145 tem
429 3079 487 3145 srbr
500 3101 566 3144 rem
580 3101 633 3144 cre
668 3092 733 3144 tam
747 3102 814 3144 non
828 3102 905 3158 esse,
920 3093 1024 3144 nccatr
1040 3102 1148 3145 ornnes
1162 3102 1238 3144 cum
1252 3083 1398 3148 cruciatu

349 3177 431 3231 sunt
477 3165 553 3231 Alia
577 3165 711 3231 subinde
737 3188 818 3254 spes,
842 3179 1010 3254 postquam
1032 3165 1111 3232 haec
1135 3189 1219 3232 vana
1243 3188 1396 3246 evaserat,

348 3250 484 3340 excepit
534 3251 714 3353 Damippus
742 3252 873 3340 quidam
901 3251 1181 3331 Lacedaemonios,
1211 3254 1334 3322 mimus
1362 3257 1396 3320 ab

351 3337 513 3427 Syracusis
526 3339 568 3440 ad
582 3339 767 3428 Phrhppnm
781 3362 899 3440 regem,
914 3342 1078 3428 captusab
1093 3339 1248 3406 Romanis
1262 3343 1396 3408 navibus
1439 3339 1440 3422 ᾗ

349 3439 425 3492 erat
486 3424 593 3491 Hmus
621 3427 732 3515 utique
760 3425 939 3492 redrmcndi
968 3440 1001 3492 ct
1030 3426 1192 3516 Epicydae
1222 3450 1305 3495 cur-a
1333 3443 1395 3495 erat
1439 3433 1440 3448 ¹

349 3512 478 3614 ingens3
502 3535 562 3578 nec
581 3513 692 3579 abnuit
713 3511 894 3591 Marcellus,
914 3514 978 3578 iam
996 3525 1064 3579 tum
1084 3513 1287 3596 Aetolorum,
1310 3517 1395 3582 cuim

390 3613 453 3664 ntrs
475 3601 552 3665 socii
581 3599 824 3666 Lacedaemonii
851 3615 950 3678 erant,
977 3600 1147 3666 amicitiam
1172 3601 1394 3670 affectantibus
1438 3637 1439 3650 ÷

349 3622 512 3751 ibnanis
555 3686 614 3764 ‚Ad
643 3686 837 3774 colloquium
866 3687 906 3752 de
936 3687 1154 3775 redemptione
1183 3689 1252 3754 eius
1283 3691 1393 3766 missa,
1438 3713 1439 3720 ¹

349 3772 473 3837 medius
486 3774 623 3838 maxime
635 3787 730 3862 atque
745 3775 887 3862 utrisque
895 3787 1093 3862 opportunus
1102 3775 1199 3853 locus,
1212 3775 1256 3840 ad
1265 3793 1394 3865 portum

350 3855 572 3946 Trogiliorum,
591 3875 720 3948 propter
738 3862 860 3938 turrim,
881 3883 978 3948 quam
997 3877 1110 3929 vocant
1126 3861 1189 3928 Gal
1323 3915 1334 3944 ,
1351 3879 1394 3930 est

349 3943 441 4008 visus
490 3944 564 4021 Quo
579 3968 679 4033 quum
692 3948 816 4035 saepius
830 3962 1052 4027 commearent,
1068 3971 1151 4014 unus
1165 3972 1205 4014 ex
1260 3953 1392 4028 omanis

350 4053 391 4094 ex
416 4032 596 4119 propinquo
621 4055 747 4099 murum
771 4033 1010 4123 contemplatus,
1036 4035 1236 4102 numerando
1261 4037 1390 4127 lapides,

385 4253 400 4299 8
425 4253 530 4302 Verterat
552 4253 652 4312 odram]
687 4253 854 4308 Quemadmo-
885 4259 996 4316 tempore
1004 4254 1384 4318 Apptnsyracrmooecsru

350 4315 410 4363 dum
426 4315 505 4377 priore
518 4330 591 4374 anno,
602 4331 666 4377 supr.
677 4315 744 4366 xxiv.
756 4328 794 4379 39.
805 4331 854 4378 quo

1429 4477 1437 4744 4
