2878 4772
302 217 399 285 LIB.
424 219 571 286 XXVIL
606 219 718 286 CAP.
743 223 795 286 36.
1015 225 1080 286 383

10 354 169 420 *micitiae
195 367 303 422 autem
327 357 451 424 nobiles
473 359 633 424 intereos
656 371 757 437 erant,
779 367 814 424 et
836 357 1011 424 acerbiores
1028 381 1082 424 eas
1093 372 1168 423 tac.
1184 386 1242 436 544,

26 441 289 528 indignioresque
310 443 403 508 Livio
423 467 481 510 sua
503 445 664 510 calamitas
684 443 810 522 fecerat,
832 445 921 533 quod
938 457 1080 532 spretum
1091 439 1122 487 A.
1138 438 1169 488 ⁰·
1185 437 1242 488 ²⁰⁸*

26 550 64 592 ae
89 528 124 592 in
150 551 189 593 ea
210 529 338 594 fortuna
363 530 520 596 credebat.
566 531 679 632 Itaque
702 532 729 595 is
752 532 852 619 magis
874 530 1082 619 implacabilis

26 627 116 678 erat:
140 627 182 692 et,
203 615 305 679 ‘nibil
324 637 404 703 opus
424 639 492 682 esse
512 617 789 695 reconcrliatione,'
809 617 932 684 aiebat:
958 617 1082 682 ‘acrius

10 707 86 764 t‘et
103 700 258 766 intentius
278 702 385 766 omnia
401 715 554 788 gesturos,
571 705 720 768 timentes
739 726 781 768 ne
804 703 967 768 crescendi
985 725 1026 768 ex
1047 725 1080 768 se

28 786 183 851 ‘inimico
201 787 339 874 collegae
363 801 502 874 potestas
523 789 634 854 fieret’
677 789 767 854 Vicit
784 803 892 854 tamen
912 789 1081 854 auctoritas

25 886 168 949 senatus,
190 886 235 950 ut,
255 874 366 960 positis
385 874 605 954 simultatibus,
623 876 787 940 communi
807 875 914 940 animo
934 875 1081 940 consilio-

26 981 94 1044 que
113 957 368 1024 administrarent
389 960 625 1048 rempublicam.
671 961 858 1026 Provinciae
874 961 914 1025 iis
928 983 994 1025 non
1008 983 1081 1048 per-
1091 969 1235 1044 ξιοιίιιοίω

25 1045 150 1109 mixtae
176 1045 367 1132 regionibus,
390 1047 473 1111 sicut
497 1047 711 1147 superioribus
737 1047 837 1124 annis,
861 1047 918 1111 scd
939 1035 1229 1111 diversaeffltm·

26 1131 182 1195 extremis
193 1129 303 1196 Italiae
316 1132 441 1210 finibus,
454 1133 544 1198 alten
559 1132 707 1198 adversus
720 1131 936 1198 Hannibalem
952 1131 1080 1209 Bruttii,

27 1217 176 1294 Lucani3
204 1216 295 1282 alteri
322 1216 429 1282 Gallia
455 1219 603 1284 adversm
627 1217 873 1295 Hasdmbalem,
898 1240 995 1305 quem
1016 1219 1079 1282 iam

26 1302 170 1388 Alpibus
187 1304 342 1403 appropin
365 1327 440 1368 uare
454 1306 538 1370 sama
557 1317 633 1406 erat²
647 1305 784 1370 decreta.
831 1303 1017 1369 Exercitum
1038 1327 1080 1368 ex

10 1387 165 1466 »duobus
213 1412 246 1453 ιιι
271 1389 306 1454 in
332 1327 446 1468 Gallia,
473 1391 593 1478 quique
619 1413 653 1454 1n
678 1389 806 1456 Etruria
831 1403 945 1468 essent,
970 1389 1080 1455 addito

26 1475 163 1551 urbano,
182 1476 324 1575 e'geret,
344 1499 441 1562 quem
463 1477 582 1555 mallet,
603 1477 659 1565 qui
676 1476 815 1542 Galliam
838 1491 920 1542 esset
941 1476 1077 1541 sortitus.

30 1559 98 1625 Cui
122 1559 241 1626 Bruttis
263 1562 426 1648 provincia
448 1563 614 1641 evenisset,
637 1563 728 1627 novis
751 1563 929 1650 legionibus
952 1562 1079 1628 urbanis

27 1647 164 1734 scriptis,
192 1648 292 1712 utrius
321 1647 428 1713 mallet
457 1649 622 1715 consulum
652 1649 765 1736 prioris
790 1649 876 1727 anni,
903 1649 1079 1713 exercitum

27 1745 177 1798 sumeret.
224 1733 387 1798 Relictum
408 1756 428 1798 a
448 1735 577 1800 consule
601 1735 778 1800 exercitum
803 1735 844 1810 Q„
858 1734 987 1800 Fulvius
1006 1756 1080 1821 pro-

27 1818 143 1884 consul
161 1819 339 1919 acciperet3
363 1821 456 1907 eique
471 1822 506 1885 in
521 1843 641 1886 annum
655 1821 825 1909 imperium
840 1835 930 1886 esset.
977 1819 1022 1885 Et
1038 1819 1077 1885 C.

28 1903 182 1982 Hostilio,
194 1928 246 1970 cm
257 1928 316 1993 pro
329 1904 456 1970 Etruria
467 1905 643 1972 Tarentum
659 1920 858 1972 mutaverant
872 1907 1078 1993 provinciam,

53 2013 90 2054 ro
112 1990 253 2056 Tarento
277 1990 423 2080 Capuam
448 2005 659 2057 mutavemnt.
705 1992 809 2080 Legio
834 2013 899 2056 una
919 1991 1004 2068 data,
1026 1992 1080 2055 cui

28 2013 163 2142 Eubius
200 2077 322 2142 roximo
337 2100 421 2142 anno
436 2079 622 2167 praefuerat

75 2162 128 2227 De
188 2163 361 2228 asdrubalis
384 2163 523 2229 adventu
546 2165 580 2228 in
603 2162 728 2230 Italiam
751 2185 828 2228 cura
848 2163 883 2227 in
905 2162 973 2228 dies
996 2185 1079 2228 cres-
1135 2167 1186 2230 36.

27 2249 133 2314 cebat
178 2248 425 2315 Massiliensium
439 2251 578 2337 primum
594 2249 691 2337 legati
706 2251 939 2327 nuntiaverant,
955 2271 1030 2315 eum
1045 2249 1078 2312 in
1088 2251 1229 2328 Andrapa}

31 2334 172 2400 Galliam
191 2348 436 2423 transgressum:
461 2349 644 2424 erectosque
664 2336 804 2401 adventu
823 2337 901 2413 eius,
917 2336 994 2422 quia
1012 2316 1235 2442 ma-{ssaffim

27 2444 131 2509 gnum
153 2421 279 2507 pondus
301 2423 370 2486 auri
391 2421 531 2488 attulisse
551 2422 712 2488 diceretur
734 2422 776 2487 ad
796 2421 941 2486 mercede
962 2421 1080 2486 auxilia
1087 2459 1136 2494 sus.

28 2507 250 2584 conducenda,
271 2506 436 2572 Gallorum
455 2509 585 2574 animos.
632 2508 725 2574 Missi
745 2507 862 2574 deinde
882 2531 957 2573 cum
977 2508 1015 2573 iis
1034 2506 1080 2573 le·

28 2593 99 2681 gati
119 2593 158 2658 ab
175 2593 280 2658 Roma
296 2593 369 2658 Sea
383 2595 543 2659 Antistius
562 2607 596 2659 et
611 2593 658 2660 M
673 2595 813 2660 Raecius
833 2593 874 2659 ad
894 2617 962 2659 rem
981 2595 1081 2681 inspi-

29 2679 180 2744 ciendam
194 2679 376 2757 retulerant,
391 2679 511 2745 misisse
532 2703 565 2746 se
580 2703 654 2746 cum
670 2680 921 2746 Massiliensibus
935 2681 1079 2758 ducibus,

30 2765 89 2853 qui
109 2787 168 2852 per
186 2764 326 2852 hospites
340 2788 461 2844 eorum,
476 2766 635 2854 principes
652 2767 827 2844 Gallorum,
843 2767 952 2832 omnia
970 2767 1081 2854 explo-

29 2863 100 2916 rata
125 2851 286 2916 referrent
332 2851 396 2916 Pro
425 2865 587 2941 comperto
616 2853 744 2931 habere,
772 2851 1004 2918 Hasdrubalem
1030 2854 1081 2916 in-

29 2937 122 3026 genti
136 2937 199 3002 iam
214 2949 324 3002 coacto
338 2939 482 3004 exercitu
495 2939 641 3026 proximo
656 2961 728 3004 vere
741 2939 842 3038 Alpes
857 2939 1078 3002 traiecturum:

30 3046 93 3089 nec
117 3036 186 3088 tum
209 3045 284 3088 eum
308 3025 479 3111 quicquam
502 3024 590 3088 aliud
613 3025 737 3101 morari,
762 3023 822 3087 n1si
846 3023 934 3109 qnod
957 3021 1080 3087 clausae

29 3111 139 3174 hieme
155 3108 257 3197 Alpes
271 3123 385 3174 essent.
979 3110 983 3118 '

76 3195 117 3259 In
140 3194 246 3260 locum
269 3194 316 3261 M
334 3194 481 3260 Marcelli
502 3194 539 3259 P.
555 3193 666 3259 Aelius
689 3194 807 3259 Paetus
833 3216 935 3280 augur
958 3205 1081 3257 creatus

30 3283 323 3369 inauguratusque:
346 3295 380 3347 et
396 3280 458 3346 Cn.
475 3280 644 3346 Cornelius
659 3279 828 3345 Dolabella
846 3302 903 3344 rex
922 3301 1081 3344 sacrorum

31 3369 238 3454 inaugmatus
253 3367 348 3432 estin
363 3366 470 3432 locum
485 3364 533 3431 M.
547 3365 673 3442 Marcii,
689 3366 746 3453 qui
765 3365 895 3431 biennio
909 3379 983 3430 ante
998 3388 1081 3430 mor·

32 3467 108 3518 tuus
130 3467 205 3518 erat.
253 3452 327 3517 Hoc
348 3453 460 3518 codem
484 3475 569 3517 anno
591 3464 624 3516 et
647 3451 781 3516 lustrum
805 3452 970 3517 conditum
993 3464 1041 3516 est
1063 3465 1206 3516 aLustrum

31 3540 216 3606 censoribus
227 3539 264 3603 P.
278 3537 466 3627 Sempronio
478 3537 642 3603 Tuditano
654 3551 687 3602 et
698 3535 746 3602 M.
760 3536 911 3602 Cornelio
925 3535 1080 3624 Cethego.
1090 3531 1224 3583 conditum.

35 3625 144 3690 Uensa
154 3626 271 3690 civium
286 3625 391 3712 capita
403 3637 533 3690 eentum
550 3624 680 3712 triginta
694 3637 816 3711 septem
832 3623 940 3701 millia,
952 3635 1082 3687 centum

33 3835 61 3885 N
62 3848 105 3882 ero
118 3834 234 3882 adversus
243 3847 300 3882 eum
311 3831 479 3882 testimoninm
491 3833 543 3882 dix·
576 3831 612 3882 tia
625 3847 670 3881 sua
680 3832 750 3881 daret
760 3830 912 3880 occasionem
924 3829 1023 3879 inimico
1034 3833 1084 3880 col-

32 3903 96 3948 eret
120 3898 180 3948 Vid.
188 3898 246 3946 Val.
254 3898 324 3948 Max.
331 3897 363 3947 iv.
371 3903 426 3946 aet
433 3903 544 3946 nostrum
576 3899 647 3960 lagae
657 3895 790 3954 crescendi,
800 3901 825 3943 et
835 3895 960 3944 attolleret
974 3909 1048 3958 supra
1057 3911 1084 3944 se

33 3963 91 4011 infr.
102 3961 170 4011 xxix.
183 3972 221 4024 37.
238 3961 320 4011 cuv.
576 3961 703 4009 inimicum
714 3959 843 4022 collegam.
859 3959 941 4008 cmv.

70 4035 84 4086 7
100 4025 344 4086 armatiorem]
373 4023 408 4072 Et
419 4023 545 4072 calamitas
608 4039 624 4088 9
641 4025 737 4136 &oiim
752 4025 781 4072 ln
795 4023 903 4072 Etruria
918 4023 1008 4082 emeat]
1037 4025 1083 4072 Es·

34 4087 102 4138 Livii
112 4088 212 4146 fecerat,
223 4094 251 4136 ut
261 4088 372 4137 acerbius
384 4087 410 4136 in
421 4101 451 4135 eo
461 4086 546 4135 odium
577 4095 622 4147 set,
632 4103 665 4148 qu
709 4087 763 4135 cod.
775 4086 834 4135 Put.
844 4091 869 4136 et
881 4085 973 4135 Victor.
984 4087 1085 4143 habent,

34 4157 108 4209 esset,
116 4157 142 4200 et
149 4167 180 4200 ex
191 4151 336 4215 indignitate
345 4150 449 4200 iniuriae
458 4149 546 4198 acrius.
578 4150 687 4212 reposuit
704 4149 810 4199 Belrlrer.
838 4150 868 4199 cs.
883 4164 949 4212 supr.
968 4163 1025 4196 xxv.
1045 4161 1084 4195 so.

34 4217 119 4266 enar.
578 4215 694 4264 Consules
705 4249 711 4264 .
723 4251 730 4264 .
742 4248 749 4263 .
761 4248 768 4263 .
779 4215 884 4262 Frsicias
897 4215 925 4260 ln
937 4223 1025 4272 ogram
1036 4210 1084 4256 Ca·

69 4279 86 4326 8
102 4281 143 4327 Ne
152 4279 275 4328 ueremi
285 4293 316 4327 se
326 4278 364 4338 se]
384 4278 471 4334 Quum
483 4274 547 4337 quis·
579 4293 687 4337 mnam,
698 4277 819 4326 Charitas
828 4279 857 4324 tn
867 4277 979 4324 Lacanm
989 4273 1057 4320 eutr.

36 4356 87 4404 qua
97 4341 195 4390 timeret
206 4354 238 4388 ne
247 4341 362 4402 exculpe
371 4347 415 4389 aut
425 4339 547 4402 negligen-
1064 4349 1067 4357 ¹
