3002 4798
397 193 494 263 LIB.
519 193 615 260 XXL
649 193 761 260 CAP.
785 197 837 262 57.
1100 198 1139 259 51

61 329 194 416 spiunt,
208 329 380 396 fodiebant.
427 331 638 419 'Prepidantes
657 351 822 418 propeque
842 331 905 394 iam
925 330 959 394 in
977 351 1050 394 suos
1064 352 1141 394 con·
1151 347 1186 396 U.
1197 347 1227 396 c.
1239 362 1294 410 534.

85 429 247 482 sternatos
275 417 383 484 media
403 419 471 483 aeia
499 419 534 482 in
563 429 748 495 exbemam,
770 417 812 481 ad
840 416 1001 481 sinistrum
1030 413 1180 494 cornul·
1197 413 1227 461 0·
1240 413 1296 461 2¹⁸·

84 501 241 567 adversus
257 502 369 568 Gallos
385 504 554 569 auxiliares
573 505 625 591 agi
644 504 735 568 iussit
750 502 921 568 Hannibal.
968 501 1140 590 Extemplo
1197 480 1248 540 ⁵6·

84 588 177 652 haud
190 589 322 654 dubiam
336 589 440 656 secere
460 590 576 691 bigam.
623 589 765 654 Additus
779 612 908 676 quoque
924 611 1025 654 novus
1040 601 1140 654 terror
1149 601 1290 680 Vincuntur

85 673 256 753 Romanis,
272 689 310 740 ut
322 677 393 742 fusa
409 676 527 741 auxiha
540 699 599 741 sua
616 675 775 742 viderunt.
820 675 944 762 Itaque,
960 676 1137 762 quum‘iam
1149 669 1264 717 Romani

63 759 120 823 ¹in
136 762 249 826 orbem
269 775 458 850 pugnarent,
473 762 585 827 decem
606 761 706 826 millia
723 761 824 826 ferme
843 761 1021 838 homiuum,
1037 783 1137 848 quum

84 845 150 910 alia
164 847 300 912 evadere
315 849 510 936 nequissent,
524 848 631 912 media
647 847 798 912 Afrorum
813 848 890 924 acie,
906 871 988 934 quae
1006 847 1138 912 Gallicis

83 933 217 998 auxiliis
230 933 355 998 firmata
368 946 444 1011 etat,
457 956 531 998 curn
545 933 669 1022 ingenti
683 933 781 998 caede
796 933 935 998 hostium
950 955 1046 1034 pcrru
1088 955 1135 998 re:

83 1031 128 1095 et,
146 1041 249 1106 quum
263 1042 370 1120 neque
390 1020 425 1084 in
444 1033 545 1086 castra
564 1020 685 1085 reditus
705 1033 787 1084 esset
801 1020 933 1084 flumine
948 1031 1049 1084 intere
1063 1020 1136 1096 usis,

82 1126 194 1192 neque
216 1127 293 1192 prae
316 1107 410 1172 rmbri
430 1107 505 1172 satis
526 1107 698 1172 decernere
720 1117 858 1192 possent,
896 1127 938 1170 ua
959 1105 1023 1173 suis
1042 1127 1136 1204 opem

82 1191 218 1268 ferrent,
233 1190 430 1257 Placentiam
444 1206 532 1257 recto
547 1192 660 1258 itinere
674 1213 852 1279 perrexere.
919 1192 1004 1259 lures
1018 1191 1136 1256 demde

82 1277 118 1339 in
134 1299 249 1341 omnes
268 1292 373 1377 partes
392 1279 574 1366 eruptiones
592 1278 712 1344 factae:
735 1289 779 1356 et,
795 1279 852 1372 qui
871 1279 991 1343 flumen
1005 1278 1136 1364 petiere,

81 1375 142 1426 aut
163 1364 343 1514 gurfflubus
364 1365 522 1452 absumpti
544 1378 629 1442 sunt,
647 1379 704 1428 aut
724 1364 808 1429 inter
829 1365 1067 1430 cunctationem
1087 1364 1137 1426 in·

168 1472 222 1514 ren

81 1449 166 1535 gred
270 1451 310 1514 ab
325 1451 468 1516 hostibus
482 1475 503 1516 o
525 1451 631 1538 pressi
672 1451 739 1526 Qui
754 1451 869 1551 passim
884 1472 943 1552 per
957 1472 1048 1537 agros
1061 1449 1137 1536 fuga

81 1536 185 1622 sparsi
194 1547 296 1614 erant,
307 1537 440 1624 vestigia
509 1537 592 1602 entis
602 1549 771 1623 sequentes
783 1558 927 1626 agmrms,
939 1535 1135 1601 Placentiam
1147 1549 1298 1600 Placentiam

82 1621 301 1687 contendere:
339 1623 408 1688 aliis
438 1625 533 1688 timor
565 1622 704 1688 hostium
739 1623 903 1688 audaciam
935 1621 1136 1710 ingrediendi
1144 1615 1247 1677 fugiunt.

82 1709 209 1772 flumen
224 1708 310 1786 fecit,
326 1709 574 1798 transgressique
592 1709 626 1772 in
646 1720 747 1773 castra
760 1723 982 1798 pervenerunt.
1029 1707 1137 1774 Imber

83 1795 162 1858 nive
178 1795 307 1873 mixtus,
322 1808 356 1860 et
369 1795 568 1861 intoleranda
587 1795 633 1859 vis
652 1795 786 1882 fi’igoris,
801 1809 835 1862 et
848 1796 994 1861 homines
1008 1795 1136 1872 multos,

82 1893 118 1944 et
138 1881 293 1958 iumenta,
308 1894 343 1945 et
361 1881 410 1946 ele
433 1881 546 1946 bantos
559 1903 663 2030 prope
681 1904 802 1960 omnes,
818 1882 1001 1968 absumpsit
1047 1880 1135 1946 Finis

83 1966 279 2053 insequendi
301 1967 399 2032 hostis
449 1968 539 2032 cenis
583 1989 680 2032 umen
703 1967 823 2032 Trebia
842 1967 921 2032 fuit:
950 1969 1050 2032 etita
1071 1979 1136 2032 tor·

82 2064 201 2139 pentes
222 2052 297 2140 gelu
322 2053 357 2116 in
378 2067 481 2118 castra
508 2053 642 2130 rediere,
664 2065 702 2116 ut
729 2054 783 2117 vix
812 2052 965 2118 laetitiam
986 2053 1135 2118 victoriae

83 2139 251 2204 sentirent
297 2137 411 2226 Itaque
425 2153 518 2205 nocte
538 2138 730 2226 insequenti,
746 2161 846 2225 quum
861 2139 1054 2226 praesidium
1069 2161 1136 2203 cas-
1226 2151 1230 2158 '

59 2237 219 2302 atrorum,
241 2239 275 2290 et
296 2226 384 2326 quod
404 2225 563 2313 reliquum
584 2247 626 2290 ex
648 2247 765 2324 magna
788 2237 877 2312 parte
898 2223 1036 2288 militum
1057 2237 1135 2302 erat,

82 2311 208 2376 ratibus
228 2311 378 2376 Trebram
400 2312 590 2390 traiicerent,
605 2324 661 2376 aut
682 2309 764 2374 mhil
785 2331 919 2388 sensere,
935 2311 1136 2397 obstrepente

83 2569 185 2633 tacito
199 2531 325 2657 agmine
340 2571 380 2634 ab
397 2569 546 2657 Scipione
558 2567 687 2634 consule
703 2570 861 2634 exercitus
876 2568 1072 2634 Placentiam
1086 2581 1136 2634 est

83 2653 277 2743 perductam:
315 2656 391 2721 inde
413 2655 502 2721 Pado
528 2656 676 2720 traiectus
700 2653 969 2733 Cremonamue
998 2655 1135 2720 duorum

83 2741 286 2806 exercituum
301 2741 442 2806 hibernis
456 2764 521 2806 una
534 2741 659 2807 colonia
671 2754 878 2828 premeretur.
917 2735 1027 2805 f

132 2827 268 2892 Romam
292 2841 399 2893 tantus
420 2841 519 2893 terror
540 2850 581 2892 ex
603 2827 662 2892 hac
684 2827 774 2893 clade
789 2827 927 2916 perlatus
948 2841 1005 2905 est,
1021 2829 1135 2900 utiam
1192 2826 1244 2888 57.

84 2912 259 3014 admbem
278 2913 445 3015 crerierent
463 2914 585 3015 infestis
604 2914 701 3000 signis
721 2914 844 2979 hostem
856 2927 1052 3015 'venturum3
1075 2936 1135 2979 nec
1144 2908 1241 3034 ffiptpp
1252 2915 1298 2958 tre

84 3021 338 3152 ἓῖἓᾝᾞέἓθ
339 3024 351 3064 ¹
366 3000 672 3153 «Ἦῖιέᾚέιὲῗέ
691 3012 854 3151 ltili
854 3001 1136 3164 tstff‘tltqti

86 3171 219 3237 ‘Sicilia
239 3187 394 3252 revocato,
417 3173 542 3239 duobus
561 3171 754 3250 consulibus,
775 3173 899 3237 duobus
920 3173 1137 3238 consularibus

87 3258 299 3324 ‘exercitibus
320 3259 420 3338 victis,
443 3281 524 3347 quos
553 3258 630 3323 alios
659 3257 766 3335 duces,
811 3279 868 3322 uas
896 3257 971 3322 alias
994 3257 1136 3344 legiones

63 3351 186 3423 s‘esse‚
209 3367 292 3432 quae
314 3346 528 3411 arcessantur.’
586 3343 638 3409 Ita
659 3343 775 3409 territis
840 3343 1004 3430 mpronius
1025 3343 1137 3409 consul

86 3429 227 3510 advenit,
242 3432 366 3520 ingenti
381 3431 521 3520 periculo
536 3453 594 3519 per
606 3430 723 3496 effusos
736 3429 851 3517 passim
863 3429 904 3494 ad
918 3429 1136 3516 praedandum

117 3641 133 3690 9
145 3625 304 3687 stupidorum
308 3641 433 3690 propeque
439 3627 488 3674 iam
494 3625 595 3684 r'neuoc]
631 3623 741 3688 plerique
749 3623 967 3682 calamitosam
977 3623 1069 3672 flumen
1078 3621 1137 3670 Tre

89 3690 308 3740 Itaexemsndat.
320 3689 429 3738 Gronov.
439 3693 598 3751 reposuerunt
630 3687 704 3736 biam.
738 3687 807 3736 Dicit
827 3687 912 3736 Livius
931 3689 1059 3750 plerosque
1077 3687 1137 3735 Tre-

88 3752 197 3802 Bckker.
211 3758 237 3802 st
255 3754 323 3816 Rup.
357 3754 389 3802 In
407 3749 529 3816 plerisque
545 3765 597 3801 uss.
630 3751 696 3800 biam
712 3751 842 3810 traiecisse,
854 3765 904 3800 non
915 3765 1009 3810 omnes,
1020 3749 1078 3814 quia
1093 3751 1136 3800 ali-

88 3817 286 3880 septumque
307 3833 394 3879 prope,
416 3817 482 3877 quod
506 3813 597 3864 Stroth.
630 3829 679 3878 qua
700 3831 757 3878 pars
780 3815 890 3878 profecto
912 3814 1082 3878 Sempronium
1104 3817 1136 3864 ad

88 3881 209 3943 probavit.
250 3881 312 3930 Mox
330 3880 459 3943 legendum
476 3878 599 3928 videturr
630 3881 715 3928 urbem
728 3880 835 3928 Romam
846 3879 964 3929 comitata
974 3885 1018 3929 est.
1035 3881 1115 3930 Cass.

89 3945 129 3992 vel
140 3961 157 3992 a
167 3945 247 3993 medio
256 3947 318 3994 octo.
664 3945 844 4006 3Ssmpronboe
852 3946 937 3993 corun!
943 3945 1054 4005 omit]
1065 3945 1136 3992 Haec

124 4010 236 4067 rosum
250 4009 302 4056 alr'a
318 4008 432 4068 adera]
451 4007 599 4070 Supploia,
632 4007 720 4069 Polyb.
743 4007 843 4063 omittit,
863 4007 986 4070 traditque
1012 4009 1137 4056 consulem

88 4079 117 4120 ut
134 4071 244 4120 Gronov.
256 4071 369 4131 coniecit,
381 4071 412 4120 cf.
423 4071 476 4120 inlr.
489 4070 548 4120 xliv.
559 4083 598 4132 43.
631 4069 730 4119 nuntios
741 4072 847 4119 Romam
860 4070 1008 4132 misisse‚qui
1019 4070 1138 4132 magnitu-

88 4137 360 4200 alr'lolr‘o...delopci
369 4142 434 4184 mat.
631 4133 714 4184 dinem
731 4135 808 4183 cladis
823 4136 955 4183 elevarent
968 4135 1002 4184 iii.
1016 4145 1053 4196 75.
1083 4133 1140 4182 Aba

126 4215 140 4249 a
162 4201 198 4248 Et
219 4201 284 4264 quod
305 4201 427 4264 reliquam
452 4201 484 4249 ea·
509 4215 599 4260 mopso
632 4198 1139 4261 quoque‚ap.biv.etPol.postpugnum

88 4271 160 4326 porte
171 4265 275 4312 rnilitum
283 4267 350 4325 erat]
364 4263 398 4312 Et
405 4264 470 4326 quod
479 4263 600 4324 reliquum
633 4262 790 4312 Trebiensem
812 4267 919 4320 narrata,
937 4261 983 4308 sibi
1003 4260 1140 4322 discrepare

90 4327 198 4376 militum
210 4333 271 4386 arat,
282 4328 368 4378 saltem
380 4343 468 4388 magns
480 4342 511 4376 ex
524 4333 601 4388 parte,
633 4333 716 4374 monet
730 4325 797 4374 Duk.
867 4346 871 4356 ·
947 4390 967 4448 2
