2888 4768
342 199 432 264 LIB.
462 199 586 279 XXV.
605 197 714 266 CAP.
740 207 769 264 2.
1016 207 1076 268 231

35 331 83 398 tin
104 333 203 398 urbem
226 333 405 421 compulsa;
432 346 465 397 et
486 347 633 420 quaestus
654 357 695 400 ex
717 334 821 400 alieno
842 357 946 400 errore
967 334 1077 414 facilis,
1088 358 1121 408 υ,
1133 359 1163 408 c,
1179 373 1234 422 539·

53 441 137 504 quem
150 417 235 484 velut
252 443 291 485 ex
312 443 476 486 concessae
496 421 570 486 artis
584 444 644 486 usu
663 422 861 486 exercebant,
906 421 1014 488 Primo
1028 423 1117 488 se-A·
1133 423 1164 473 0·
1179 437 1233 484 2¹3·

33 513 143 570 ocreae
167 507 321 572 bonorum
346 507 579 592 indignationes
608 507 867 586 exaudiebantur,
894 509 1011 575 deinde
1036 509 1077 574 ad

53 589 150 656 Patres
177 594 272 658 etiam
297 594 395 658 etad
421 593 579 680 publicam
625 595 832 660 uerimoniam
857 596 992 660 excessit
1017 618 1075 660 res.

33 655 178 754 {Incusati
196 681 333 767 graviter
350 681 390 744 ab
409 693 520 745 senatu
542 618 659 744 aediles
680 681 897 768 triumvirique
919 681 1076 782 capitales,

51 765 127 912 quod
141 788 204 830 non
219 767 431 867 prohiberent,
448 789 546 852 quum
562 790 706 832 emovere
722 790 790 832 eam
808 767 1042 834 multitudmem
1058 792 1076 834 e

62 873 117 926 oro,
139 875 174 916 ac
196 853 338 919 disiicere
361 867 526 940 apparatus
545 876 703 918 sacrorum
725 855 830 918 conati
855 867 968 932 essent,
991 854 1078 920 baud

51 937 148 1021 procul
167 940 254 1018 afuit,
273 940 352 1040 quin
372 939 569 1005 violarentur.
616 939 681 1006 Ubi
701 941 861 1028 potentius
880 940 943 1004 iam
960 963 1027 1005 ease
1044 941 1079 1005 id

51 1023 156 1088 malum
165 1040 319 1114 apparuit,
331 1049 427 1114 quam
438 1041 474 1092 ut
485 1027 621 1090 minores
631 1049 690 1114 per
699 1027 897 1113 magistratus
907 1025 1078 1106 sedaretur,

52 1106 92 1174 Μ.
108 1111 205 1178 Atilio
231 1113 367 1201 praetori
388 1113 474 1178 urbis
497 1113 660 1200 negotium
685 1114 725 1179 ab
750 1125 861 1178 senatu
889 1114 1000 1178 datum
1020 1128 1078 1192 est,

51 1195 145 1262 uthis
166 1199 370 1287 religionibus
391 1199 544 1287 populum
565 1199 719 1265 liberaret.
765 1197 797 1264 Is
819 1213 852 1265 et
870 1200 905 1264 in
926 1200 1079 1266 concione

51 1287 344 1352 senatusconsultum
358 1287 509 1364 recitavit,
525 1299 558 1352 et
571 1285 682 1365 edixit,
699 1287 775 1364 ‘Ut
787 1287 970 1374 quicunque
984 1286 1079 1353 libros
1088 1301 1217 1352 Concita.»

52 1369 211 1438 ‘vaticinos
226 1375 471 1462 precationesve,
483 1386 538 1439 aut
552 1386 650 1438 artem
665 1373 861 1439 sacrificandi
872 1373 1078 1461 couscriptum
1087 1382 1103 1416 ⁸
1113 1371 1209 1418 sanun.

52 1453 197 1537 ‘baberet
212 1483 267 1525 eos
284 1459 379 1526 libros
396 1482 506 1525 omues
522 1460 690 1547 literasque
710 1459 751 1524 ad
770 1483 803 1524 se
824 1473 897 1524 autc
918 1459 1080 1528 Kalendas

52 1541 187 1629 ‘Apriles
207 1547 360 1612 deferret:
384 1569 448 1611 neu
466 1547 546 1634 quis,
562 1547 596 1611 iu
610 1546 737 1633 publico
756 1569 882 1612 sacrove
902 1546 982 1624 loeo,
997 1570 1081 1616 novo

51 1634 115 1692 ‘aut
128 1647 260 1698 externo
274 1634 338 1698 ritu
352 1633 556 1698 sacrificaret’

88 1713 128 1780 Et
143 1717 265 1806 aliquot
283 1719 402 1808 publici
421 1719 598 1784 sacerdotes
619 1721 735 1784 mortui
753 1742 791 1784 eo
813 1743 897 1785 auno
918 1732 1009 1786 suut:
1041 1719 1079 1784 L
1148 1717 1177 1776 2·

52 1797 210 1870 Cornelius
232 1805 391 1871 Lentulus
455 1805 555 1870 utifex
577 1805 742 1883 maximus,
763 1820 796 1871 et
819 1805 857 1870 Ο.
871 1806 1017 1892 Papirius
1040 1799 1232 1912 Csswftffiffltss

50 1883 80 1950 F.
93 1887 180 1956 Maso
194 1893 349 1980 pontifex,
362 1905 394 1958 et
408 1829 572 1956 PiFurius
586 1891 697 1956 Philus
712 1915 822 1978 augur,
838 1905 871 1957 et
884 1891 922 1957 C.
936 1892 1081 1980 Papirius
1089 1879 1203 1976 2¹1}AE

51 1969 129 2040 LF.
147 1977 239 2046 Maso
269 1979 429 2045 decemvir
456 2000 622 2044 sacrorum.
669 1977 709 2042 In
738 1977 869 2042 Lentuli
897 1977 1002 2042 locum
1032 1977 1079 2042 M.

53 2055 209 2132 Cornelius
227 2065 400 2153 Cethegus,
416 2066 449 2130 iu
470 2064 589 2152 Papirii
611 2063 674 2128 Cn.
688 2063 837 2129 Servilius
857 2063 923 2129 Cae
946 2065 987 2142 io,
1002 2088 1082 2152 pon-

49 2144 138 2214 tifices
152 2153 278 2218 suffecti
292 2165 374 2218 sunt
422 2151 455 2216 A
522 2162 674 2216 rcreatus
693 2150 731 2214 L.
747 2149 919 2226 Quinctius
1024 2152 1083 2215 'ni-

50 2251 110 2311 nus,
125 2237 288 2305 decemvir
301 2260 459 2304 sacrorum
528 2235 697 2302 Cornelius
712 2236 877 2301 Lentulus.

88 2319 296 2391 Comitiorum
326 2323 536 2390 consularium
561 2323 624 2386 iam
650 2323 818 2411 appetebat
843 2335 984 2410 tempus3
1014 2323 1080 2402 sed,
1091 2332 1205 2382 Dicatur

49 2425 116 2555 {lello
135 2412 282 2515 consules
308 2435 327 2477 a
349 2411 433 2476 bello
454 2411 593 2512 iptentos
614 2433 743 2474 avocare
755 2431 829 2510 ,non
851 2397 1243 2512 placebat3,Ti.ffi¹¹uff⁰¹¹¹¹¹²

50 2495 971 2684 01littustttl.t⁰?¹t⁰ttm.5.}tt.⁶tt·lt.tm.l
974 2495 1082 2649 til.

29 2661 88 2739 ⁹Q
100 2667 230 2738 Fulvius
249 2671 388 2738 Flaccus.
433 2671 580 2736 Dictator
599 2692 701 2757 pnmo
723 2669 873 2735 comitiali
893 2669 945 2735 die
967 2673 1084 2737 creavit

49 2757 183 2825 consules
206 2759 247 2834 Q.
260 2758 407 2824 Fulvium
423 2757 580 2834 Flaccum,
596 2757 779 2845 magistrum
795 2758 950 2845 equitum,
965 2769 998 2822 et
1017 2758 1081 2844 Ap.

52 2833 217 2912 Claudium
237 2844 420 2923 Pulchrum,
435 2845 487 2909 cui
504 2843 611 2910 Sicilia
620 2843 791 2994 lprovincia
804 2844 839 2908 in
855 2857 1002 2931 praetura
1015 2843 1083 2909 fue·

49 2937 98 2990 fflt
142 2931 230 2998 Tum
270 2944 406 2996 ractores
427 2931 523 2995 creati
545 2929 606 2996 Cu
647 2929 749 2994 ulvius
769 2929 908 3006 Flaccus,
932 2926 970 2993 C.
986 2928 1083 2994 Clau-

50 3007 114 3078 dius
127 3015 227 3096 Nero,
280 3017 413 3083 .Iunius
426 3015 561 3093 Silanus,
577 3015 614 3080 P.
627 3013 796 3080 Cornelius
809 3014 903 3080 Sulla
936 3013 1084 3081 Comitiis

79 3233 229 3290 acumem
246 3251 278 3310 ee
298 3236 378 3286 oliam
399 3235 494 3308 errore]
514 3247 547 3282 sc.
579 3231 898 3306 gistratincrautpuffiagiis
908 3233 993 3309 populi
1002 3235 1085 3292 creati,

51 3285 167 3348 Qffliestus
179 3315 213 3349 ex
228 3299 332 3348 ahorum
343 3303 512 3362 superstitione
523 3302 549 3345 et
580 3311 622 3358 qur
633 3296 664 3344 da
674 3295 801 3344 maleficus
811 3301 837 3346 et
847 3297 977 3346 sceleribus
987 3312 1084 3359 cognose

51 3357 146 3410 stultitia
155 3363 230 3413 facila
240 3363 379 3425 capiendus.
398 3363 463 3410 Bur.
581 3365 670 3408 nerent
704 3359 814 3408 Multum
825 3361 857 3408 de
867 3376 950 3409 aomm
965 3367 1085 3422 potestate

79 3418 148 3474 6Ad
162 3427 413 3478 Patreaetv'amctnd
478 3427 549 3474 lionm
580 3424 717 3472 detructum
738 3430 784 3482 est,
802 3424 939 3472 wnstitutis
959 3425 1022 3474 circs
1043 3441 1085 3473 au·

50 3489 218 3554 Mmoniem
233 3494 332 3542 maan
347 3493 399 3552 rea]
468 3504 549 3538 exces-
581 3503 641 3538 uum
653 3487 687 3538 U.
696 3487 726 3537 G.
736 3485 792 3537 608.
806 3488 985 3550 quaestionibus
1001 3504 1085 3551 perpe·

51 3551 80 3594 ⁸st
94 3563 177 3612 restat
192 3556 242 3604 iam
258 3556 343 3605 Patres
358 3553 384 3604 in
400 3570 454 3604 eam
471 3551 549 3616 inqui·
581 3551 636 3602 tuis.
671 3551 737 3601 Tum
758 3551 824 3600 enim
845 3553 876 3602 de
895 3551 1015 3602 vilissimis
1035 3553 1086 3604 fere

53 3620 99 3660 stre
109 3629 134 3664 se
144 3620 232 3670 debere
242 3619 415 3678 existimarent,
424 3633 549 3680 quereren-
581 3615 728 3676 hominibus,
741 3616 834 3665 furibus
849 3615 979 3692 servisque,
994 3617 1085 3666 iudico·

52 3675 132 3738 lutque
145 3684 176 3736 de
193 3699 223 3732 ea
238 3689 354 3746 tanquam
369 3684 403 3732 ad
418 3681 549 3745 rempubli-
582 3695 637 3730 vere
651 3681 684 3729 ad
700 3681 840 3730 columnam
851 3681 984 3736 Momm
995 3681 1027 3731 de
1037 3697 1087 3743 qua

52 3749 102 3788 Μ
123 3749 266 3806 pertinente.
307 3747 379 3796 Haec
399 3745 550 3809 querimonia
581 3744 804 3808 lrequeurocourrit
811 3745 877 3820 apud
885 3745 1012 3808 scriptores
1019 3761 1085 3794 men-

54 3811 146 3858 vocatur
159 3814 332 3875 publicatum
343 3811 401 3874 quia
410 3826 460 3860 non
474 3810 524 3858 iam
534 3826 550 3858 a
581 3809 625 3859 tio.
658 3809 739 3859 Iidem
751 3823 840 3858 carcen
850 3815 1019 3872 praeerantet
1029 3825 1085 3872 sup-

53 3865 154 3933 lffi'vulis,
164 3877 207 3926 sed
223 3892 238 3924 a
253 3881 305 3924 toto
315 3881 401 3924 senatu
416 3874 549 3937 profleirce
582 3873 656 3936 plicis
677 3875 709 3924 de
727 3873 807 3922 noxiis
827 3875 945 3924 rmuenda
962 3875 1085 3925 cumbunt

52 3926 133 3994 batua
147 3939 551 4003 tumquiaaureipublioeeueeus
583 3937 641 3988 via.
656 3939 744 3988 neon.
761 3938 836 3987 rna.
852 3938 879 3987 a
893 3938 946 3989 cia
964 3939 1048 3990 nina
1061 3944 1086 3988 e

53 3995 296 4067 tranquillitatemque
305 4005 439 4066 spectabat.
453 4003 534 4053 (ἔην.
583 4002 903 4066 Pompou.de0rig.1uris.
920 4003 999 4054 cerv.
1027 4003 1087 4061 Quo

85 4069 96 4120 7
112 4067 219 4130 Aediles]
240 4085 273 4118 ae.
286 4065 378 4128 Plebis,
388 4067 475 4129 quibus
484 4066 551 4114 idem
582 4071 692 4128 tempora
702 4067 809 4129 primum
819 4067 894 4116 creati
902 4075 990 4128 meent,
999 4067 1052 4118 liv.
1061 4067 1087 4116 in

54 4127 172 4236 beilum
197 4149 262 4196 supr.
284 4131 315 4180 iv.
339 4145 376 4194 30.
398 4131 484 4180 datum
506 4135 549 4179 est.
584 4129 867 4245 EPi‘ffmlffl
888 4197 939 4256 ab]
968 4195 995 4244 d
1015 4195 1080 4244 Sur

118 4227 124 4238 ·
673 4211 734 4246 rum
754 4212 803 4246 eom
858 4213 867 4244 ι
992 4231 998 4246 .
1079 4231 1086 4246 .

84 4251 290 4324 ΒΤήυιηυίήᾳιιε
308 4259 436 4324 capitales]
456 4257 552 4307 Hima·
585 4210 651 4308 xxiv.
665 4271 685 4320 7.
1051 4210 1067 4256 p
