2874 4772
371 234 433 294 344
760 224 872 292 ΤΙΤΙ
898 224 1034 293 LIVII

218 381 252 431 U.
263 381 293 431 e.
309 393 364 444 54²·
374 365 549 430 Tarentum
565 377 750 452 portaretur,
785 365 914 431 rofeeti:
938 379 971 430 et
986 365 1074 430 mille
1089 364 1204 430 milites
1217 363 1256 430 de
1269 363 1378 430 exercitu

216 447 248 494 Ᾰ·
265 446 294 496 ⁰·
310 459 364 496 ²¹⁰·
374 452 505 529 urbano,
520 473 578 538 par
598 473 749 515 numerus
762 388 983 518 ilomanorum
1000 453 1230 540 sociorumque,
1244 452 1341 518 eodem
1357 451 1389 515 im

374 538 566 625 praesidium
582 559 655 602 cum
669 537 829 603 frumento
844 539 931 603 missi
945 551 1028 604 aunt.

276 635 307 692 4.
419 623 487 690 Iam
502 638 601 689 aestas
618 624 653 688 in
667 624 756 689 exitu
771 638 847 702 erat,
864 625 1127 712 comitiorumque
1141 625 1336 690 consularium
1347 624 1380 686 iu

218 716 353 789 ,Marcellus
375 712 476 776 stabat
493 723 626 798 tempus.
674 710 739 775 Sed
753 710 861 776 literae
878 711 1035 788 Marcelli,
1049 711 1197 798 negantis
1217 735 1236 776 e
1256 708 1379 798 republiu

217 781 452 894 ffiffitiflm'esse,
475 798 642 884 vestigium
668 796 795 863 abscedi
816 798 855 862 ab
879 797 1071 875 Hannibale,
1093 799 1145 863 cui
1169 797 1291 863 cedenti
1309 811 1388 860 certa1
1406 815 1407 864 l

295 881 302 895 '
376 907 513 971 menque
529 883 681 948 abnuenti
699 884 801 970 gravis
816 884 882 971 ipae
897 885 1038 962 instaret,
1053 905 1162 948 curam
1178 884 1343 957 iniecerant,
1353 904 1379 943 ue

376 984 431 1036 aut
445 970 617 1045 consulem,
633 983 700 1033 tum
720 971 858 1034 maxime
873 992 922 1034 res
937 985 1092 1058 agentern,
1108 994 1128 1035 a
1140 970 1228 1036 bello
1241 981 1380 1042 evoment,

375 1071 431 1123 aut
459 1058 493 1121 in
524 1079 642 1121 annum
668 1056 812 1122 consules
836 1056 990 1122 deessent.
1038 1057 1210 1144 Optimum
1233 1057 1325 1122 risum
1343 1067 1380 1124 tsi

375 1165 557 1231 quanquam
580 1155 669 1207 extra
688 1142 812 1208 Italiam
831 1157 923 1221 esset,
942 1142 1106 1208 Valerium
1127 1144 1237 1230 potius
1257 1140 1380 1208 consulem

375 1253 416 1295 ex
441 1230 549 1295 Sicilia
571 1229 719 1294 revocari.
765 1229 820 1295 Ad
842 1253 916 1294 eum
940 1230 1048 1294 literae
1070 1231 1157 1296 iussu
1180 1245 1301 1296 senatus
1315 1225 1379 1292 abl.

377 1317 500 1381 Manlio
520 1329 663 1403 praetore
678 1316 764 1381 mbis
779 1317 899 1393 missae,
915 1338 989 1381 cum
1003 1315 1100 1381 literis
1114 1317 1256 1382 consulis
1269 1314 1310 1381 lt
1322 1312 1381 1379 ilar·

376 1399 467 1468 cellit
491 1416 528 1467 ut
545 1425 586 1467 ex
605 1403 645 1466 iis
664 1416 818 1480 nosceret,
832 1425 914 1490 quae
929 1424 1023 1467 causa
1037 1402 1188 1470 Patribus
1210 1427 1281 1469 eum
1299 1401 1380 1490 potia

376 1511 472 1575 quam
487 1487 650 1575 collegam,
666 1488 834 1554 revocandi
848 1511 890 1553 ex
904 1488 1065 1577 provincia
1078 1502 1170 1555 esset.

421 1575 470 1640 Eo
491 1576 556 1639 lere
580 1589 722 1662 tempore
743 1574 840 1663 legati
860 1577 899 1640 ab
917 1598 991 1662 rege
1009 1575 1032 1640 S
1076 1575 1154 1640 bace
1173 1577 1381 1642 Romamrere

376 1674 460 1737 nant,
476 1683 558 1748 quae
580 1661 607 1724 is
627 1683 777 1749 prospera
820 1661 917 1726 roella
938 1685 1011 1727 cum
1066 1658 1381 1751 artbaginiensibuslr

376 1748 479 1825 cisset,
495 1761 714 1812 memorantes
760 1757 771 1786 ‘
812 1771 904 1835 egem
918 1771 979 1813 nec
993 1749 1205 1815 inimiciorem
1222 1749 1277 1814 ulli
1289 1744 1381 1836 populo

377 1843 388 1872 ‘
421 1855 494 1898 uam
525 1832 792 1922 Carthaginiensi,
820 1858 880 1900 nec
909 1835 1100 1908 amiciorem,
1125 1858 1228 1923 quam
1257 1830 1381 1902 Romautt'

429 1921 573 1985 nnabant
595 1929 691 1984 ‘esse
744 1919 868 1986 Misisse
890 1944 965 1986 eum
986 1935 1080 1986 antea
1103 1921 1114 1986 l
1178 1939 1229 1988 tos
1250 1923 1282 1986 in
1301 1919 1382 2004 Hm*

378 2008 484 2071 ‘niam
500 2007 541 2071 ad
553 2006 615 2072 Cn.
628 2023 663 2072 et
674 2006 710 2071 P.
724 2006 899 2085 Cornelios,
914 1945 1308 2096 imperatoreseitbmmos:
1326 2024 1380 2069 nunc
1407 1987 1408 2056 l

378 2095 524 2181 ‘abipso
538 2093 626 2158 velut
646 2093 734 2158 fonte
757 2108 864 2181 petere
881 2095 1059 2160 Romanam
1081 2095 1256 2160 amicitiam
1269 2089 1381 2158 voluise'

220 2196 339 2246 Rom.1e-
380 2181 515 2246 Senatus
537 2203 602 2245 non
624 2180 735 2280 legatis
757 2180 852 2245 modo
874 2181 1010 2282 benigne
1033 2180 1211 2270 respondit,
1229 2181 1284 2247 sed
1300 2195 1326 2245 et
1339 2180 1380 2264 ipa

217 2260 496 2386 ξῖῑὲοὲῗΗεςεῑοε
511 2289 584 2331 cum
598 2266 692 2330 doma
706 2265 748 2330 ad
762 2289 869 2354 regern
889 2281 984 2345 mrsrt,
1000 2266 1038 2331 L.
1052 2267 1250 2347 Genucium,
1261 2269 1295 2333 P.
1304 2266 1381 2331 Poeta

377 2353 466 2431 lium,
482 2353 518 2418 P.
532 2352 712 2502 Popillium.
758 2351 855 2419 Dona
875 2354 986 2432 tulere,
1003 2367 1108 2442 togam
1125 2368 1159 2419 et
1185 2356 1318 2420 timidam
1334 2372 1380 2444 ptrj

375 2461 517 2590 puream,
532 2439 577 2504 sel
590 2461 640 2504 am
656 2440 838 2519 ebmneam,
876 2441 1214 2614 atemssssslumque
1234 2439 1329 2542 pondo
1340 2457 1380 2501 am

388 2540 498 2591 actam.
545 2524 694 2591 Protinus
709 2538 742 2591 et
757 2525 835 2591 alios
912 2527 977 2592 'cae
1082 2549 1117 2592 os
1138 2528 1219 2594 iussi
1239 2529 1324 2593 adua
1356 2521 1381 2584 ll

376 2635 421 2699 qu
465 2634 505 2676 ue
527 2634 609 2697 quae
629 2611 790 2690 darentur,
809 2626 941 2700 portata,
960 2627 1051 2701 togae
1072 2627 1271 2701 praetextae,
1285 2625 1391 2678 ettam:

221 2710 307 2773 Legati
348 2635 483 2785 ⁸polida
504 2713 632 2785 paterae
654 2721 776 2764 aureae.
823 2699 868 2764 Et
886 2699 1113 2800 alexandriam
1136 2699 1190 2801 πᾷ.
1204 2701 1392 2798 Ptolemaeum

221 2774 365 2850 mensore
379 2782 646 2871 cleopatramque
668 2807 758 2872 reges
777 2784 826 2850 M.
840 2785 959 2850 Atrlrus
979 2799 1012 2852 et
1030 2786 1086 2851 Μ’.
1104 2787 1235 2853 Acrhus
1255 2777 1381 2875 legiae

220 2853 349 2890 annm.
376 2869 684 2936 commemorandam
714 2873 991 2960 renovandamque
1021 2872 1195 2938 amicitiam
1222 2875 1312 2950 mimi,
1330 2869 1382 2934 dota

378 2958 488 3036 tulere,
504 2957 570 3058 regi
593 2970 699 3045 togam
721 2971 754 3023 et
776 2960 915 3060 tunicam
936 2981 1127 3060 purpuream
1141 2982 1220 3025 cum
1240 2960 1310 3026 sella
1322 2958 1381 3022 ebur

376 3043 1392 3232 ’1ΘίίυῖῗὲιὲῗᾶᾞὲΡᾷᾓέοωᾼᾚοῗῶἒᾛᾚρψ

376 3219 507 3284 urbrbus
529 3240 674 3306 agnaque
695 3231 841 3284 nuntiata
862 3233 936 3284 sunt
956 3219 1117 3307 prodigia:
1149 3219 1283 3286 Tusculi
1350 3231 1381 3312 {111¹

367 3315 450 3370 'cum
479 3305 576 3369 ubere
600 3304 730 3370 lactenti
755 3318 886 3370 natum:
920 3304 1004 3372 Iovis
1024 3306 1112 3371 aedis
1136 3306 1268 3373 culmen
1358 3317 1381 3360 ut
1408 3331 1409 3338 ¹

409 3483 617 3547 orimnorum]
646 3483 720 3532 Hanc
742 3499 836 3542 vocem,
858 3489 884 3532 et
948 3497 962 3532 e
981 3485 1163 3546 Tanmpondo]
1180 3477 1382 3543 carmentet

377 3545 523 3620 perticulam
534 3564 589 3622 quq,
600 3563 614 3596 e
624 3549 733 3611 margine
746 3547 772 3596 in
787 3553 883 3596 textum
916 3547 1030 3596 librarum
1046 3549 1130 3608 pondo.
1150 3545 1382 3611 camputtam·

377 3612 884 3738 briil'di'eiiiiiiiimiodikiiiquaicmuiil
917 3623 964 3738 ⁴⁷3
979 3677 1155 3736 renum]
1170 3691 1204 3725 se.
1213 3675 1382 3746 aaronem

379 3737 474 3788 luerint.
507 3739 572 3788 Fieri
591 3745 674 3788 tamen
693 3745 783 3803 potest,
799 3746 827 3789 ut
844 3739 882 3788 Li·
915 3755 970 3803 gem
982 3739 1149 3804 Aegyptiqui
1161 3741 1250 3802 paullo
1259 3741 1382 3788 anteumun

380 3801 432 3850 rius
448 3803 509 3852 haec
524 3803 617 3852 incuria
633 3803 763 3865 scripserit,
777 3809 803 3852 et
815 3804 883 3866 quin·
916 3805 1016 3853 secundi
1029 3803 1115 3852 Punici
1126 3805 1185 3853 belli
1197 3819 1295 3868 regnare
1304 3806 1382 3870 οττξψ

378 3872 463 3927 gentos
472 3866 768 3930 Romanoselegionibus
778 3869 884 3927 urbanis,
916 3875 961 3918 rat.
993 3870 1098 3918 (lumea
1110 3871 1151 3920 hio
1165 3875 1294 3918 renovatur
1305 3869 1382 3913 amtffl

380 3943 653 4042 puqraegqglpumegum
666 3932 786 3980 sociorum
800 3933 886 3981 misam
917 3932 1032 4046 grcboata
1055 3933 1087 3981 ab
1107 3948 1154 3984 aro
1176 3933 1229 3982 eiua
1251 3921 1382 3984 Phihdelple

473 4009 488 4042 u
535 4009 618 4043 exen.
942 4011 998 4046 aar.

416 4069 425 4104 r
450 4057 579 4118 resumam
595 4060 702 4118 obruad]
728 4059 752 4108 h.
765 4075 785 4108 e.
798 4060 847 4109 Vel
859 4077 884 4110 u·
950 4053 1381 4124 4Pullma11³alliumadummlt²ss

381 4135 439 4169 num
451 4135 556 4182 panum.
572 4122 655 4171 Dosa.
674 4123 817 4186 moieno
824 4125 885 4174 Cae-
918 4139 1013 4184 narum,
1031 4141 1078 4174 acu
1097 4127 1196 4189 pictum.
1231 4119 1380 4178 “amedee

380 4185 428 4233 cin.
448 4199 484 4244 14.
500 4187 592 4234 Facere
607 4189 733 4247 uestigium
750 4190 778 4235 ln
794 4203 884 4249 potuer·
917 4189 997 4250 inquit
1010 4189 1106 4250 Festus,
1119 4193 1217 4252 “genus
1231 4194 1269 4237 em
1285 4183 1380 4234 reatin&

379 4251 477 4298 alonem
509 4248 647 4297 Crevierius
661 4265 743 4298 vocem
758 4253 886 4313 vestigium
917 4252 1230 4303 aeireumiectudietumr·
1264 4251 1379 4309 Neuter*

381 4311 430 4373 regi
442 4317 524 4360 censet
533 4327 549 4358 n
560 4313 737 4375 praepositione
751 4313 885 4374 intellecta,
917 4318 1008 4364 tartum
1024 4319 1056 4366 ab
1070 4321 1163 4377 amicto,
1179 4317 1243 4380 quod
1260 4317 1291 4364 ab
1305 4327 1343 4361 n.
1353 4320 1380 4354 W

382 4390 402 4423 e.
413 4376 584 4437 gramadum.
760 4397 765 4408 ·
918 4378 984 4440 ἀμφὶ,
995 4381 1095 4442 circum,
1106 4389 1131 4432 et
1142 4381 1275 4440 miecio.
1291 4377 1354 4426 cm.
