2874 4772
313 215 408 280 LIB.
432 215 579 282 XXVII.
614 216 725 284 CAP.
750 226 800 286 23.
1020 225 1083 286 369

34 349 168 414 Caesari
185 350 344 415 exercitus
360 350 539 416 Cannensis
560 366 608 418 est
629 353 730 418 datus
776 353 825 420 M.
839 353 985 420 Valerius
999 354 1082 420 Lae-
1092 369 1130 420 U.
1138 371 1166 420 ο.
1183 383 1237 432 544

30 438 127 502 vinus
142 436 188 522 (ei
203 459 332 537 quoque
352 438 439 501 enim
459 451 662 525 prorogatum
677 440 846 528 imperium
860 440 924 526 est)
938 440 1078 518 classem,
1091 436 1121 484 A.
1138 436 1168 485 ⁰·
1184 436 1237 484 ²0⁸·
1262 431 1271 448 ¹

56 547 117 587 uae
133 523 174 587 ad
191 521 330 587 Srciliam
345 535 421 600 erat,
436 525 564 589 navium
583 547 616 591 se
640 527 783 614 tuaginta
798 527 962 592 obtineret
1009 527 1080 592 Ad-

31 547 126 674 deret
140 631 179 673 eo
194 609 324 696 triginta
344 631 449 687 naves,
464 632 547 696 quae
562 611 603 676 ad
649 613 916 700 arentumpriore
931 635 1016 678 auno
1030 613 1080 678 fu-

30 711 144 760 erant:
169 718 242 759 cum
257 712 439 760 accentum
453 697 582 762 navium
597 697 703 771 classe,
719 699 745 762 si
760 699 921 764 videretur
935 699 975 776 ei,
989 722 1080 785 prae·

31 782 144 846 datum
171 781 205 844 in
228 780 368 846 Africam
396 781 562 846 traiiceret.
609 783 653 848 Et
674 783 709 849 P.
731 783 881 872 Sulpicio,
906 798 942 849 ut
967 785 1079 850 eadem

31 868 131 932 classe
148 866 372 932 Macedoniam
390 866 622 956 Graeciamque
642 870 835 956 provinciam
851 871 991 948 haberet,
1006 893 1080 957 pro-

30 977 47 1018 r
110 967 180 1018 tum
205 953 240 1017 in
263 975 383 1018 annum
406 953 575 1041 imperium
597 967 654 1019 est.
700 955 753 1019 De
775 956 907 1034 duabus,
929 980 1012 1044 quae
1038 957 1080 1021 ad

31 977 147 1105 corbiam
168 1039 305 1103 Romam
323 1038 457 1118 fuerant,
481 1040 659 1127 legionibus
680 1041 762 1106 nihil
783 1055 949 1107 mutatum.
998 1041 1080 1130 Sup-

56 1125 245 1204 lemcntum,
257 1147 321 1212 quo
336 1148 416 1226 opus
430 1140 522 1203 esset,
534 1127 706 1192 scriberent
720 1128 873 1206 consules,
882 1129 1079 1216 permissum

32 1150 112 1277 bna
126 1224 160 1276 et
172 1211 284 1298 viginti
300 1210 478 1298 legionibus
492 1235 531 1277 eo
546 1236 631 1278 anno
645 1214 811 1278 defensum
826 1214 996 1315 imperium
1012 1215 1080 1280 Ro-
1089 1225 1208 1287 Leaiones

32 1320 165 1363 manum
187 1311 242 1362 est
289 1296 333 1362 Et
347 1297 384 1362 P.
396 1298 523 1363 Licinio
541 1299 624 1364 Varo
645 1301 783 1387 praetori
804 1301 891 1365 urbrs
913 1302 1127 1388 negotium²¹·

33 1385 155 1462 datum,
180 1393 237 1448 ‘ut
258 1405 354 1448 naves
378 1383 487 1471 longas
513 1385 644 1472 triginta
668 1399 791 1451 veteres
815 1387 969 1464 reficeret,
997 1411 1078 1474 quae

33 1471 165 1535 ‘Ostiae
188 1483 287 1546 erant,
303 1483 336 1534 et
352 1470 466 1557 viginti
487 1492 584 1536 novas
606 1493 701 1537 naves
722 1473 814 1537 sociis
835 1473 998 1538 navalibus
1020 1474 1080 1537 im·

34 1557 172 1644 ‘pleretr
201 1568 238 1620 ut
256 1556 488 1644 quinquaginta
509 1558 637 1622 navium
659 1558 756 1623 classe
779 1581 865 1622 oram
887 1559 982 1623 maris
1003 1559 1081 1624 vici-

34 1652 127 1706 ‘nam
148 1642 219 1707 urbi
238 1641 403 1707 Romanae
426 1643 507 1710 tucri
529 1645 653 1730 posset'
698 1643 736 1708 C.
753 1643 946 1731 Calpurnius
963 1645 1080 1710 vetitus

33 1729 72 1792 ab
88 1728 219 1792 Arretio
241 1750 367 1792 movere
390 1729 576 1807 exercitum,
596 1731 657 1794 nisi
677 1752 777 1817 quum
800 1753 960 1796 successor
976 1733 1080 1796 venis·

18 1797 89 1879 3set.
136 1812 227 1878 Idem
243 1826 277 1878 et
291 1814 419 1879 Tubulo
433 1815 633 1902 imperatum
650 1830 686 1881 ut
706 1817 782 1880 inde
804 1818 974 1904 praecipue
989 1841 1081 1882 cave·

18 1874 91 1978 lm,
108 1923 149 1964 ne
165 1923 229 1987 qua
242 1922 326 1965 nova
340 1900 471 1964 consilia
484 1914 681 1988 caperentur.

77 1987 244 2052 Praetores
258 1987 292 2050 in
330 1986 485 2051 mvlncias
503 1986 644 2073 profecti.
692 1987 849 2052 Consules
863 1987 975 2074 religio
990 2001 1080 2053 tene·
1137 1982 1188 2074 233

18 2073 97 2150 vbat,
114 2073 211 2160 quod,
234 2095 273 2160 pr
317 2073 323 2086 '
350 2072 368 2086 ''
409 2071 531 2160 aliquot
553 2073 716 2149 nuntiatis,
736 2095 802 2138 non
824 2073 915 2138 facile
937 2073 1078 2139 litabant
1090 2065 1211 2127 Prougu.

36 2159 79 2223 Et
94 2181 136 2224 ex
153 2158 331 2246 Campania
353 2158 499 2223 nuntiata
520 2170 620 2236 crant,
638 2157 769 2308 quuae
784 2158 862 2223 duas
884 2158 988 2238 aedes,
1005 2160 1081 2224 For·

36 2259 133 2310 tunae
149 2259 182 2310 et
197 2245 321 2322 Martis,
337 2257 371 2309 et
384 2244 529 2331 sepulcra
543 2243 664 2331 aliquot
702 2243 824 2309 ecoelo
840 2257 931 2310 tacta
968 2245 1082 2311 Cumis

36 2331 132 2416 (adeo
147 2332 285 2396 minimis
297 2331 393 2396 etiam
407 2331 502 2396 rebus
515 2352 612 2418 prava
625 2330 735 2417 religio
749 2330 860 2394 inserit
873 2330 965 2420 deos)
976 2355 1082 2396 mures

36 2417 70 2480 in
85 2417 163 2482 aede
178 2416 263 2482 Iovis
277 2439 389 2481 aurum
403 2416 523 2481 rosisse.
569 2414 680 2480 Casini
695 2439 830 2481 examen
845 2418 953 2504 apium
968 2418 1082 2504 ingens

36 2502 70 2566 in
84 2503 153 2568 foro
168 2503 355 2569 consedisse.
402 2501 446 2568 Et
462 2502 571 2568 Ostiae
586 2525 712 2566 murum
732 2515 920 2590 portamque
935 2504 976 2568 de
992 2503 1081 2568 coelo

37 2601 161 2654 tactam.
210 2587 312 2672 Caere
328 2589 501 2654 vulturium
516 2588 635 2655 volasse
657 2589 693 2652 in
709 2590 822 2654 aedem
837 2589 929 2655 Iovis.
975 2590 1082 2656 Volsi-

37 2676 98 2740 niis
118 2677 271 2763 sanguine
292 2676 397 2740 lacum
419 2698 569 2741 manasse.
615 2673 741 2741 Horum
778 2676 973 2764 rodigiorum
987 2699 1081 2743 causa
1090 2687 1142 2737 Vix
1153 2704 1239 2752 procu-

38 2760 124 2827 diem
138 2785 239 2827 unum
254 2761 440 2849 supplicatio
454 2762 523 2828 fixit.
569 2761 633 2826 Per
647 2762 715 2828 dies
729 2699 852 2850 adquot
873 2764 993 2828 hostiae
1013 2758 1148 2828 mas-‘m

37 2847 119 2912 iores
132 2849 200 2912 sine
215 2848 356 2912 litatione
368 2871 486 2926 caesae,
498 2849 618 2936 diuque
633 2872 699 2915 non
713 2849 882 2936 impetrata
894 2873 958 2936 pax
972 2849 1084 2916 deum.

38 2930 77 2996 In
90 2934 205 3022 ,capita
226 2934 400 3013 consulum,
421 2934 583 3024 republica
603 2935 764 3012 incolumi,
783 2935 954 3000 exitiabilis
974 2935 1084 3021 prodi-¹

38 3021 163 3104 giorum
178 3035 309 3085 eventus
323 3021 426 3085 vertit

18 3117 29 3150 ²
81 3104 168 3170 Ludi
188 3104 400 3193 Apollinares,
418 3104 459 3180 Q
472 3104 594 3182 Fulvio,
611 3105 674 3191 Ap.
690 3103 827 3170 Claudio
850 3103 1041 3182 oonsulibus,
1063 3129 1082 3170 a

39 3189 74 3253 P.
90 3190 243 3256 Cornelio
260 3191 348 3256 Sulla
360 3205 505 3278 praetore
522 3191 608 3255 urbis
621 3191 759 3290 primum
773 3190 850 3256 facti
864 3204 963 3255 erant.
1000 3189 1082 3255 Inde

18 3293 149 3342 somnes
170 3277 321 3364 deinceps
344 3290 504 3364 praetores
527 3276 641 3342 urbam
661 3275 820 3341 fecerant:
845 3274 959 3341 sedin
980 3299 1082 3342 unum

39 3385 159 3428 armum
172 3366 340 3438 vovebant,
356 3363 472 3450 dieque
487 3363 609 3426 incerta
621 3361 787 3427 faciebant
823 3361 873 3426 Eo
887 3385 971 3427 anno
985 3362 1084 3450 pesti·
1092 3368 1243 3419 Pestilentia.

38 3448 136 3514 lentis
148 3451 252 3537 gravis
266 3449 380 3514 incidit
393 3449 428 3514 in
443 3449 554 3514 urbem
568 3469 740 3535 agrosque:
762 3470 845 3535 quae
860 3459 968 3514 tamen
983 3448 1084 3535 magis

70 3627 86 3674 8
102 3628 171 3678 Idem
184 3633 209 3676 et
220 3627 313 3676 liubula
324 3625 483 3689 imparatam]
501 3625 545 3673 Ei·
579 3623 609 3674 cf.
620 3623 675 3674 infr.
686 3623 730 3674 xli.
744 3635 780 3686 15.
798 3623 894 3674 Basca.

39 3691 90 3739 dnn
102 3705 146 3752 pro
157 3692 218 3740 ι’άοηι
230 3691 255 3738 in
266 3697 363 3738 textum
377 3689 469 3754 recepit
481 3689 545 3738 Bek-
611 3703 625 3736 α
642 3688 884 3752 Luatxpoutmres]
898 3687 939 3736 Dc
947 3701 1030 3736 eorum
1039 3687 1084 3736 ori-

39 3751 90 3802 ker.
107 3754 258 3804 Perizonium
267 3753 404 3814 secutus,id
411 3753 476 3816 quod
484 3751 545 3802 Dra·
578 3750 643 3816 gine,
654 3752 684 3801 cf.
696 3767 761 3814 supr.
773 3767 830 3801 xxv.
845 3766 881 3800 ra.

40 3815 112 3867 kenb.
124 3817 351 3880 probabatqueita
364 3833 422 3866 mox
433 3824 547 3868 casm
612 3829 625 3878 3
641 3818 690 3866 Sed
706 3819 734 3864 ia
752 3831 831 3865 anam
848 3815 955 3874 annum]
981 3814 1086 3864 Senatus

40 3879 169 3942 legendum
181 3887 271 3932 censet
577 3879 628 3930 ianr
644 3887 717 3930 antea
731 3881 879 3939 decreverat,
890 3894 955 3943 supr.
967 3877 1033 3926 xxvi.
1046 3894 1086 3943 23,

72 3947 178 4008 clodo]
200 3947 240 3993 Ab
257 3944 361 4004 Arretio,
377 3959 441 4006 quas
457 3946 514 3993 urbs
531 3961 547 3994 a
578 3949 606 3992 ut
622 3945 648 3992 hi
665 3945 716 3993 ludi
732 3944 758 3992 in
776 3948 922 4006 perpetuum
934 3947 1086 4003 voverentur,

42 4007 160 4058 Romania
173 4010 243 4058 valde
256 4013 370 4071 suspecta
380 4013 423 4057 est.
441 4007 521 4057 Cass.
578 4007 603 4056 h.
612 4023 634 4057 e.
646 4007 775 4070 quotannis
786 4008 819 4056 de
829 4007 922 4070 integro
934 4012 1086 4066 voverentur,

76 4087 84 4119 1
104 4077 162 4122 Non
172 4075 251 4134 facila
267 4073 384 4132 litabant]
410 4073 495 4121 Litore
511 4076 547 4120 est
579 4072 622 4119 sed
644 4077 737 4120 certum
760 4071 826 4120 diem
848 4087 897 4120 nou
920 4071 1085 4120 constituerat.

42 4133 66 4181 in
88 4137 150 4184 extis
171 4136 324 4185 victimarium
345 4134 436 4184 indicia
456 4133 548 4197 placati
581 4134 713 4197 Postquam
734 4135 766 4184 iis
786 4141 864 4184 status
880 4135 933 4184 dias
952 4134 1088 4196 emanatus

42 4199 148 4248 numinis
166 4199 283 4260 invenire,
297 4201 364 4248 unde
383 4199 467 4262 paullo
485 4199 549 4246 intra
580 4204 625 4257 eat,
643 4199 755 4248 videntur
774 4199 863 4249 desisse
882 4198 983 4260 singulis
1002 4196 1088 4244 diebus

42 4261 132 4312 hostiae
147 4266 250 4314 maiores
266 4266 319 4314 aaa
335 4266 445 4313 litatione
457 4277 547 4313 ousae.
582 4263 668 4311 voveri.
687 4263 758 4312 Dux.

86 4345 159 4389 vor..
176 4347 211 4388 11.
857 4343 878 4384 a
893 4322 914 4385 b
