3002 4798
408 197 504 265 LIB.
527 196 625 264 XXI.
658 199 770 264 CAP.
793 205 846 265 40.
1112 205 1153 266 35

78 330 279 397 sexercitum
305 329 477 409 Hannibal,
502 345 539 396 ut
561 332 643 419 parti
666 331 757 398 alteri
783 333 902 398 auxilio
927 346 1018 412 esset,
1045 334 1080 398 in
1103 346 1239 400 re-U.c.
1252 361 1306 412 534·

99 415 242 480 finiendo
256 417 394 482 maxime
410 418 600 496 sentientem
615 431 776 488 contracta
790 433 863 500 ante
880 419 971 500 mala,
981 443 1046 485 non
1061 432 1153 507 pote-
1162 412 1192 462 Α
1210 415 1239 465 ⁰·
1253 417 1308 466 ²¹⁸·

100 517 157 565 rat.
208 501 322 567 Otium
344 503 463 568 etenim
481 526 523 568 ex
544 503 661 582 labore,
677 505 768 592 copia
790 528 830 570 ex
852 505 969 593 inopia,
985 506 1089 571 cultus
1111 529 1153 570 ex

79 586 212 676 silluvie
240 588 310 653 tabe
336 611 386 666 ue,
409 587 553 676 squalida
577 603 610 654 et
635 612 733 677 prope
761 592 891 667 efferata
915 615 1047 679 corpora
1068 592 1152 657 varie

101 674 283 738 movebant
313 611 379 738 (Hs
392 674 429 738 P.
445 671 596 740 Cornelio
616 676 738 740 consuli
753 699 847 742 causa
861 677 931 754 fuit,
947 701 1048 764 quum
1063 678 1152 743 Pisas
1161 690 1290 741 cornelius

101 759 237 824 navibus
245 761 391 836 venisset,
402 761 545 827 exercitu
556 760 709 836 aManlio
719 761 884 850 Atilioque
896 776 1025 850 accepto
1037 764 1150 842 tirone,
1160 756 1217 830 ⁰9³⁴
1228 758 1270 803 ⁰¹*
1286 817 1291 829 .

101 845 190 909 etin
212 845 302 911 novis
323 846 506 932 ignominiis
528 847 662 934 trepido,
681 847 723 911 ad
748 847 873 912 Padum
894 849 1066 914 festinandi
1073 874 1083 926 ;
1114 863 1151 915 ut
1161 834 1225 868 ω
1237 823 1311 868 vemt.

101 952 177 994 cum
192 931 282 995 hoste
297 931 441 996 nondum
457 932 575 997 refecto
590 955 720 997 manum
735 948 922 999 consereret
971 935 1035 1000 Sed
1050 958 1151 1035 quum

101 1015 301 1082 Placentiam
315 1017 423 1082 consul
440 1018 535 1094 venit,
548 1019 611 1082 iam
627 1041 668 1082 ex
683 1019 803 1084 stativis
814 1034 954 1085 moverat
965 1019 1148 1098 Hannibah

77 1101 381 1204 4Taruinorumque
404 1125 501 1168 unam
523 1105 645 1181 urbem,
660 1117 757 1190 caput
777 1106 881 1191 gentis
903 1107 981 1184 eius,
1002 1107 1078 1193 quia
1093 1131 1150 1172 vo·

100 1186 205 1254 lentes
223 1188 256 1253 in
272 1190 443 1254 armcitiam
463 1211 530 1254 non
544 1190 724 1267 veniebant,
739 1190 772 1254 vi
789 1214 874 1278 expu
939 1206 1003 1259 rat:
1028 1193 1150 1258 iunxis-

100 1287 215 1361 setque
237 1275 306 1351 sibi,
322 1298 388 1339 non
410 1287 499 1340 metu
520 1275 631 1353 solum,
647 1275 704 1340 sed
726 1276 822 1341 etiam
844 1301 884 1341 vo
897 1291 1016 1356 untate,
1040 1277 1150 1344 Gallos

101 1359 224 1425 accolas
239 1361 341 1438 Padi;
364 1361 399 1426 ni
416 1383 479 1438 eos,
495 1361 793 1450 circumspectantes
813 1362 998 1428 defectionis
1014 1377 1148 1451 tempus,

100 1447 207 1511 subito
222 1447 377 1511 adventus
397 1446 535 1512 consulis
549 1447 761 1535 oppressisset
809 1447 852 1514 Et
873 1447 1036 1518 Hannibal
1051 1452 1151 1514 movit

100 1553 143 1596 ex
170 1525 328 1610 Taurinis,
352 1533 500 1610 incertos,
525 1556 606 1620 quae
632 1556 704 1621 pars
724 1520 896 1620 'sequenda
920 1551 1011 1612 esset,
1041 1534 1150 1600 Gallos

100 1632 301 1704 praesentem
326 1641 359 1684 se
382 1631 544 1684 secuturos
567 1631 662 1704 ratus.
707 1618 897 1707 Iam-prope
919 1622 954 1685 in
978 1619 1151 1708 eonspectu

77 1717 194 1769 ⁵erant
213 1705 380 1782 exercitus,
395 1721 673 1791 convenerantque
696 1705 793 1768 duces
807 1705 901 1770 sicuti
923 1707 1053 1771 interae
1069 1730 1151 1773 non·

100 1790 181 1854 dum
189 1791 264 1855 satis
274 1791 353 1868 noti,
366 1791 410 1855 ita
421 1791 484 1856 iam
496 1791 637 1854 imbutus
646 1803 780 1876 uterque
793 1791 930 1876 quadam
941 1792 1149 1879 admiratione
1203 1857 1209 1871 ,

100 1875 238 1941 alterius
285 1876 371 1940 Nam
387 1875 578 1941 Hannibalis
593 1889 626 1940 et
639 1875 726 1963 apud
741 1874 912 1954 Romanos,
928 1877 992 1942 iam
1007 1892 1079 1943 ante
1094 1877 1150 1942 Sa·

146 1963 194 2026 nti
214 1962 385 2039 excidium,
402 1962 643 2026 celeberrimum
662 1983 781 2025 nomen
802 1973 887 2025 erat:
912 1976 945 2025 et
967 1962 1150 2049 Scipionem

138 2048 266 2114 annibal
281 2071 320 2113 eo
337 2049 416 2135 ipso,
433 2047 521 2134 quod
535 2048 684 2112 adversus
699 2069 732 2112 se
750 2046 817 2110 dux
831 2047 1028 2132 potissimum
1049 2048 1150 2113 lectus

101 2147 192 2211 esset,
206 2133 544 2223 praestantemvirum
569 2133 739 2206 credebat'
774 2131 817 2197 Et
840 2145 995 2203 auxerant
1010 2133 1094 2197 inter
1115 2157 1149 2198 se

100 2221 304 2308 opinionem3
330 2219 446 2307 Scipio,
483 2213 742 2297 nod,relictusin
759 2216 873 2295 Galba,
884 2217 994 2282 obvius
1003 2217 1107 2283 fuerat
1115 2219 1150 2283 in

101 2305 226 2370 Italiam
254 2319 445 2392 transgresso
462 2241 661 2380 lisunibaIi;
695 2301 867 2381 Hannibal,
890 2315 924 2368 et
945 2315 1063 2368 conatu
1084 2317 1150 2369 tam

101 2391 213 2456 sudaei
225 2391 481 2456 traiiciendarum
490 2389 635 2476 Alpium,
645 2403 678 2454 et
686 2389 821 2453 effectu·
856 2388 1151 2476 Occuparittamen

102 2475 212 2563 Scipio
222 2477 347 2542 Padum
359 2477 513 2553 traiicere,
523 2488 566 2552 et,
576 2474 618 2540 ad
629 2475 780 2542 Ticinum
791 2497 918 2540 amnem
927 2475 1021 2540 motis
1031 2477 1149 2553 castris,

99 2563 198 2648 prius,
223 2579 325 2648 quam·
343 2561 493 2628 educeret
518 2561 560 2626 in·
578 2561 688 2639 aciem,
713 2560 982 2627 adhortandorum
1012 2562 1150 2628 militum

100 2670 206 2726 causa,
222 2648 317 2712 talem
333 2649 510 2714 orationem
525 2669 654 2712 exorsus
665 2645 729 2711 esi:

147 2732 202 2798 ‘Si
217 2756 292 2798 eum
307 2735 493 2811 exercitum,
505 2731 631 2811 milites,
647 2731 816 2797 educerem
832 2734 867 2798 in
881 2734 992 2811 aciem,
1004 2757 1101 2821 quem
1115 2735 1150 2799 in
1206 2743 1259 2802 40.

102 2829 111 2858 ‘
126 2819 233 2884 Gallia
242 2842 369 2884 mecum
379 2819 486 2896 habui,
498 2817 742 2905 supersedissem
752 2817 841 2919 loqui
853 2819 938 2906 apud
949 2843 1011 2884 voa
1060 2819 1150 2895 Quid
1158 2824 1288 2898 0913101511⁸

102 2905 211 2970 ‘enim
236 2905 397 2978 adhortari
418 2905 549 2970 referret
570 2919 626 2969 aut
650 2927 705 2969 eos
731 2916 865 2990 equrtea
888 2905 945 3004 qui
971 2906 1148 2992 equitatum
1157 2889 1313 3002 fflfftffif

101 2991 262 3056 ‘hostium
284 2991 325 3056 ad
348 2991 543 3056 Rhodanum
560 2991 681 3055 flumen
702 2990 828 3076 egregie
845 2990 1002 3068 vicissent,
1019 3004 1074 3057 aut
1095 3015 1148 3058 eas

102 3077 356 3163 ‘legionescum
366 3077 482 3162 quibus
491 3077 666 3163 fugientem
675 3075 761 3140 hunc
771 3075 1002 3162 ipsumhostem
1011 3091 1148 3156 secutus,

102 3162 355 3226 ‘confessionem
363 3162 505 3226 cedentis
516 3161 766 3226 acdetrectantis
777 3173 938 3224 certamen
953 3184 1010 3248 pro
1019 3163 1150 3228 victoria

103 3247 248 3311 ‘habuii
278 3247 385 3325 Nunc,
409 3248 485 3334 quia
506 3247 558 3312 ille
581 3248 749 3322 exercitus,
773 3243 947 3331 Hispaniae
969 3248 1148 3332 provinciae

76 3333 268 3420 6‘scriptus,
288 3334 332 3398 ibi
354 3355 427 3398 cum
448 3333 543 3398 fratre
568 3331 630 3397 Cn.
646 3331 794 3416 Scipione
815 3331 893 3392 meis
915 3332 1061 3417 auspiciis
1083 3355 1151 3396 rem

136 3565 150 3598 s
167 3552 201 3599 ln
211 3551 353 3611 reficienda]
374 3549 427 3606 Qiri
443 3553 567 3598 conuecta
584 3549 609 3596 in
645 3547 717 3596 Unus
733 3562 747 3594 e
764 3545 835 3610 regiis
850 3546 975 3596 codicibus
986 3547 1097 3598 exhibuit
1109 3566 1151 3599 no-

102 3613 207 3662 transitu
227 3613 329 3674 Alpium
348 3615 485 3661 maletum
504 3612 610 3660 maxime
643 3610 680 3660 bis
700 3625 754 3658 cam
776 3609 919 3673 scripturam
938 3627 1011 3672 quam
1034 3616 1151 3675 expressi-

101 3677 232 3735 sentiebat,
242 3678 465 3738 quumsersiloera
476 3682 609 3724 conaretur.
644 3690 705 3723 mus.
740 3674 814 3723 Illam
833 3674 972 3722 coniectura
988 3675 1037 3724 iarn
1055 3692 1151 3738 pracce-

102 3742 185 3790 Oasu
645 3744 714 3800 perat
726 3737 870 3786 Gronovius
887 3739 969 3787 (ianr.

136 3817 150 3864 3
165 3803 294 3864 Effesstu]
316 3804 420 3864 Propter
430 3803 576 3864 squalorem,
587 3807 611 3848 et
678 3817 691 3862 5
709 3802 925 3864 Conveneruntqroe
938 3803 1022 3864 duas]
1052 3805 1111 3854 Non
1125 3805 1151 3854 in

102 3865 219 3914 omiseram
237 3870 306 3914 tanto
322 3873 433 3926 tempore
447 3881 545 3915 omnem
561 3879 611 3912 cor·
645 3864 803 3926 colloquium,
820 3865 863 3912 sed
885 3870 981 3913 tautum
1003 3867 1028 3916 in
1048 3871 1153 3918 eandem

101 3930 169 3994 poris
194 3929 299 3988 cultum,
320 3928 414 3990 aliquid
436 3928 498 3977 torvi
519 3927 612 3990 farique
645 3927 776 3990 regionem,
788 3928 823 3976 its
839 3933 867 3974 nt
883 3928 949 3977 haud
966 3931 1073 3980 multum
1090 3933 1153 3982 inter

102 3992 273 4056 praeferentia.
306 3993 378 4055 Supr.
395 3991 420 4040 ii
439 4007 476 4054 ²3·
488 3993 613 4040 Promissa
645 4007 670 4040 se
680 3993 801 4040 abessent.

102 4059 180 4107 barba
195 4063 220 4106 sl
236 4057 320 4119 capilli
331 4057 496 4118 efferaverant
511 4057 613 4117 speciem
677 4053 777 4104 6Msr's
792 4057 921 4118 ampiaiis]
951 4056 1019 4113 Quia
1037 4059 1152 4110 cornelio

101 4124 160 4171 mis.
177 4121 259 4170 Canu.
644 4123 708 4168 sorte
731 4117 854 4181 Hispania
880 4127 994 4169 evenerat
1021 4121 1153 4183 provincis,

135 4201 151 4246 4
168 4186 235 4243 Quia
250 4185 356 4233 votmrss
372 4185 400 4231 in
415 4184 547 4232 amisium
563 4199 613 4232 nou
644 4183 755 4245 adeoque
773 4182 826 4230 eius
843 4182 958 4244 auspiciis
977 4199 1014 4232 res
1031 4185 1066 4234 ibi
1087 4201 1153 4249 gere·

102 4248 246 4307 anatum]
272 4247 372 4309 Nempe
383 4246 508 4310 oppidani.
542 4246 614 4294 Prius
645 4247 741 4296 bantur.
759 4246 843 4296 Dorta

104 4313 231 4374 legebatur
245 4311 304 4374 qsra'a
320 4313 423 4360 volantis
438 4346 444 4359 .
457 4347 463 4360 .
475 4347 481 4359 .
495 4312 613 4360 amatu.

923 4379 980 4436 n2
