2878 4772
39 369 293 435 ‘communibus
322 369 473 456 cognatis,
500 391 560 434 nec
590 369 688 433 alium
717 368 850 435 deornm
879 368 1095 445 hominumve,
1107 378 1140 429 U.
1153 381 1183 430 ο.
1199 377 1255 443 545·

40 465 54 494 ‘
68 479 168 543 quem
205 455 355 533 Martem,
385 478 419 520 se
455 455 594 520 iudicem
630 455 792 520 habituros
821 457 909 520 esse.’
967 455 1097 520 Robore
1106 444 1137 494 Α·
1154 445 1185 495 ⁰·
1201 441 1256 494 ²⁰⁶·
1316 480 1319 484 ·

38 543 158 620 maior,
186 543 291 607 minor
315 542 392 607 flore
423 541 534 606 aetatis
558 541 658 618 ferox,
685 555 819 607 mortem
848 540 883 606 in
912 541 1096 619 certamine,

39 652 144 715 quam
170 641 207 693 ut
230 629 309 694 alter
328 629 456 693 alterius
476 628 610 714 imperio
627 627 844 704 subiiceretur,
864 640 1096 714 praeoptantes,

39 737 150 802 quum
165 715 268 779 dirimi
286 716 326 779 ab
341 729 429 779 tanta
443 715 529 779 rabie
543 715 725 800 nequirent,
741 715 865 800 insigne
880 714 1097 802 spectaculum

39 801 204 868 exercitui
256 802 407 867 raebuere
433 800 734 886 documentumque,
782 813 913 874 uantum
939 801 1097 887 cupiditas

40 889 174 976 imperii
191 825 309 952 malum
327 888 410 952 inter
430 886 576 952 mortales
595 901 685 951 esset.
733 823 839 950 hfaior
858 909 918 950 usu
938 908 1097 950 armornm

41 990 83 1040 et
102 988 173 1039 astu
192 973 283 1039 facile
303 973 433 1038 stolidas
451 973 533 1038 vires
556 973 686 1037 minoris
707 973 874 1059 superavit.
921 971 1009 1036 Huic
1030 971 1098 1059 gla-

11 1061 208 1126 6diatorum
223 1060 403 1148 spectaculo
420 1059 487 1124 ludi
502 1060 650 1124 funebres
665 1058 766 1123 additi
783 1081 842 1145 pro
860 1059 960 1145 copia,
977 1072 1010 1123 et
1024 1081 1098 1146 pro-

40 1147 176 1212 vinciali
191 1161 224 1212 et
238 1147 388 1212 castrensi
404 1160 565 1234 apparatu.

94 1233 161 1298 Res
180 1234 308 1298 interim
328 1233 429 1297 nihilo
449 1234 555 1298 minus
574 1233 614 1298 ab
633 1232 961 1320 legatisgerebantur.
1008 1231 1099 1296 Mar·
1154 1231 1205 1291 22·

1428 679 1429 754 t

41 1321 126 1397 cius,
142 1334 289 1408 superato
305 1319 404 1385 Baete
419 1320 515 1397 amni,
531 1343 628 1408 quem
647 1318 769 1385 incolae
787 1320 910 1385 Certim
925 1319 1096 1408 appellant,
1106 1313 1226 1440 mia

1416 1961 1429 2026 ·l

1428 2139 1429 2194 l

318 231 414 298 LIB.
439 231 604 297 XXVIII.
637 229 749 296 CAP.
773 236 825 295 22.
1031 235 1095 296 425

1427 643 1429 678 l

41 1407 129 1472 duas
148 1407 315 1494 opulentas
334 1407 477 1471 civitates
495 1408 564 1472 sine
585 1407 756 1472 certamine
777 1406 812 1470 iu
829 1407 1026 1471 deditionem
1046 1428 1239 1506 w'uppugnae

42 1494 136 1580 cipit.
183 1495 305 1580 Astapa
319 1493 394 1558 urbs
409 1507 485 1571 erat,
503 1493 816 1580 Carthagdniensium
834 1515 959 1579 semper
979 1493 1095 1579 partis:

18 1603 155 1665 tneque
175 1579 210 1644 id
232 1594 294 1644 tam
310 1578 444 1666 dignum
464 1581 511 1645 ira
530 1595 606 1656 erat,
623 1602 719 1666 quam
738 1579 834 1665 quod,
850 1593 941 1644 extra
962 1579 1099 1643 necessi-

43 1681 131 1731 tates
145 1665 229 1743 belli,
245 1669 452 1753 praecipuum
466 1667 500 1730 in
517 1667 679 1732 Romanos
694 1667 847 1753 gerebant
861 1665 980 1730 odium.
1026 1662 1098 1730 Nec

44 1754 162 1818 urbem
183 1765 238 1818 aut
252 1753 315 1817 situ
330 1767 385 1818 aut
401 1754 600 1818 munimento
616 1765 716 1818 tutam
732 1752 902 1829 habebant,
942 1775 1000 1816 uae
1016 1751 1099 1816 fero-

43 1841 151 1904 ciores
165 1839 338 1904 iisanimos
352 1839 488 1905 faceret:
513 1838 569 1904 sed
588 1839 718 1926 ingenia
737 1839 912 1904 incolarum
963 1837 1098 1902 trociuio

44 1927 194 2003 lactant
212 1927 413 1991 excursiones
433 1925 467 1989 in
487 1926 659 1990 finitimum
679 1947 789 2012 agrum
810 1925 967 1989 sociorum
987 1923 1098 2010 populi

47 2012 192 2078 Romani
217 2012 366 2089 facerent,
394 2012 594 2099 impulerant,
617 2024 651 2076 et
675 2033 771 2162 vappa
796 2011 912 2074 milites
935 2009 1100 2074 Romanos

44 2100 195 2186 lixasque
216 2115 249 2164 et
267 2111 457 2164 mercatores
475 2099 668 2185 exciperent
756 2119 873 2184 agnum
889 2097 985 2161 etiam
1000 2095 1098 2160 comi-

46 2199 162 2264 tatum,
183 2186 259 2273 quia
284 2185 392 2285 paucis
414 2207 528 2271 parum
552 2197 658 2249 tutum
679 2183 791 2260 fuerat,
815 2182 1098 2270 transgredientem

46 2274 141 2350 fines,
156 2273 266 2360 positis
286 2271 408 2336 insidiis
427 2271 690 2347 circumventum,
709 2270 821 2357 iniquo
840 2270 911 2335 loco
931 2268 1099 2333 interfece-

46 2373 131 2424 rant.
173 2359 229 2423 Ad
243 2357 326 2423 hanc
341 2359 453 2422 urbem
468 2357 713 2445 oppugnandam
729 2379 829 2444 quum
845 2356 991 2421 admotus
1005 2377 1097 2419 exer-

47 2446 134 2510 eitus
148 2459 239 2522 esset,
255 2444 407 2532 oppidani
422 2445 616 2510 conscientia
630 2442 794 2520 scelerum,
810 2443 886 2529 quia
899 2464 960 2507 nec
975 2441 1099 2506 deditio

48 2545 121 2596 tuta
134 2532 175 2597 ad
192 2545 255 2596 tam
269 2531 400 2596 infestos
411 2531 587 2609 videbatur,
598 2552 659 2596 nec
670 2551 742 2618 spes
757 2531 923 2594 moenibus
937 2542 992 2594 aut
1003 2529 1099 2593 armis

48 2618 190 2684 tuendae
204 2617 313 2683 salutis
327 2631 404 2694 erat,
419 2617 541 2682 facinus
559 2618 593 2682 in
611 2625 644 2682 se
659 2641 696 2683 ac
711 2639 784 2682 suos
798 2615 928 2681 foedum
944 2639 981 2680 ac
994 2614 1099 2680 ferum

48 2705 259 2770 consciscunt.
305 2703 428 2769 Locum
451 2705 485 2769 in
507 2703 575 2770 foro
596 2705 767 2783 destinant,
789 2726 853 2790 quo
875 2702 1100 2790 pretiosissima

48 2814 157 2856 rerum
172 2813 298 2856 suarum
315 2804 531 2877 congererent.
569 2791 672 2879 Super
687 2815 760 2856 eum
772 2791 936 2856 cumulum
947 2789 1099 2875 coniuges
1108 2799 1229 2874 arrapen-

49 2901 88 2942 ac
103 2877 217 2944 liberos
235 2876 400 2943 considere
415 2900 515 2964 quum
534 2879 706 2955 iussissent,
722 2877 808 2964 ligna
822 2877 906 2942 circa
920 2888 1098 2951 exstruunt,
1108 2877 1171 2912 Μ
1181 2865 1258 2913 tumr.

48 2965 213 3051 fascesque
243 2965 290 3029 vir
313 2964 451 3029 ultorum
481 2965 665 3029 coniiciunt.
714 2962 957 3062 Quinquaginta
981 2959 1100 3024 deinde

49 3053 177 3116 armatis
190 2987 360 3116 iuvenibus
374 3050 584 3138 praecipiunt,
608 3058 675 3125 ‘ut,
691 3047 793 3112 donec
812 3059 952 3112 rncertus
967 3058 1100 3111 eventus

50 3146 199 3226 ‘pugnae
215 3151 305 3216 esset,
322 3136 512 3223 praesidium
530 3159 569 3200 eo
586 3135 656 3199 loco
670 3135 868 3199 fortunarum
885 3154 1012 3197 suarum
1030 3153 1100 3195 cor-

50 3234 267 3312 ‘pornmque,‘
288 3246 370 3311 quae
400 3223 519 3288 cariora
544 3221 679 3286 fortunis
708 3232 822 3295 essent,
849 3231 1015 3283 servarent
1064 3215 1100 3282 Si

51 3320 141 3376 ‘rem
156 3310 339 3376 inclinatam
355 3309 508 3388 viderent,
525 3322 620 3395 atque
636 3307 670 3370 in
686 3329 724 3371 eo
739 3306 802 3370 iam
816 3327 895 3382 esse,
908 3318 944 3368 ut
959 3306 1032 3369 urbs
1047 3327 1101 3370 ea·

51 3406 218 3485 ‘peretur;
235 3397 352 3463 scirent
363 3419 482 3474 omnes,
495 3417 575 3483 quos
586 3407 699 3458 euntes
709 3393 743 3456 in
754 3391 910 3477 proelium
921 3403 1098 3469 cernerent,

51 3493 207 3549 ‘mortem
223 3484 258 3548 in
272 3485 341 3571 ipsa
355 3506 462 3570 pugna
477 3483 627 3547 obituros
668 3479 744 3544 Illos
759 3501 792 3543 se
808 3501 865 3565 per
879 3478 955 3542 deos
970 3499 1100 3564 superos

51 3571 254 3657 ‘inferosque
275 3591 375 3646 orare,
391 3585 428 3634 ut
448 3591 603 3634 memores
622 3565 785 3643 libertatis,
801 3587 883 3652 quae
903 3562 959 3628 illo
973 3564 1026 3628 die
1044 3574 1100 3627 aut

52 3666 175 3723 ‘morte
197 3657 340 3733 honesta,
364 3669 418 3721 aut
440 3655 589 3721 servitute
612 3652 722 3721 infami
742 3651 885 3718 finienda
906 3665 997 3727 esset,
1018 3649 1100 3714 nihil

51 3744 301 3831 ‘relinquerent
313 3744 347 3807 in
359 3743 445 3828 qnod
460 3742 578 3808 saevire
593 3741 690 3806 iratus
703 3739 802 3806 hostis
817 3751 932 3829 posset.
968 3737 1100 3802 Ferrum

51 3831 245 3918 ‘ignemque
261 3831 296 3894 in
311 3829 455 3894 manibus
470 3851 546 3894 esse.
593 3825 727 3892 Amicae
745 3852 781 3893 ac
797 3825 908 3894 fideles
928 3824 1034 3913 potius
1051 3845 1099 3900 ea,

52 3926 156 4005 ‘quae
170 3917 312 4004 peritura
323 3929 436 3992 essent,
450 3915 651 3980 absumerent
666 3933 787 3990 manus,
800 3938 896 4000 quam
911 3911 1102 3978 insultarent

53 4006 209 4091 ‘superbo
229 4002 368 4068 ludibrio
388 4001 513 4066 hostes'
556 3999 618 4068 His
635 3998 908 4066 adhortationibus
925 3997 1100 4066 exsecratio

85 4193 100 4244 6
116 4195 169 4244 Pru
176 4197 259 4257 eopia]
274 4193 323 4242 Pro
331 4195 559 4253 temporeetrerum
626 4199 639 4250 7
656 4190 740 4237 Extra
751 4189 902 4237 newsum
913 4186 983 4255 teuit
1001 4183 1101 4230 Praeter

52 4259 136 4332 modo,
154 4263 275 4332 apparatu
294 4256 374 4330 qualis
392 4261 451 4330 tam·
463 4253 487 4302 in
506 4267 559 4327 pro-
591 4251 627 4310 id,
641 4253 708 4313 quod
725 4252 858 4324 necessario
876 4249 959 4300 odium
976 4260 1003 4293 m
1019 4244 1102 4292 hostes

52 4336 278 4440 gtppiqoqffinm
297 4325 382 4371 aestus
400 4319 452 4369 hen
471 4322 562 4381 potuit,
592 4317 686 4365 bellum
698 4319 799 4365 axum.
