2866 4770
290 205 355 267 540
675 194 789 264 ΤΙΤΙ
813 178 958 266 'lelt

132 343 167 396 U.
179 344 209 397 c.
225 359 280 411 55c
291 345 300 376 ‘
312 337 467 425 tivosque,
483 347 517 402 et
535 333 677 422 captivos
694 351 806 402 omnes
821 335 996 402 redderent
1011 334 1177 412 Romanis,
1192 347 1228 402 et
1249 357 1340 403 naves

131 405 209 473 lc·
226 427 469 502 ²⁰²·‘rostretaa
515 435 617 487 reeter
638 420 750 486 decem
771 422 925 501 triremes,
946 421 1119 500 uedemnt,
1141 421 1341 510 elephantus-

291 519 385 598 ‘que,
398 533 478 597 quos
491 445 647 574 heberent
658 507 814 574 domitos:
831 531 937 597 neque
951 508 1120 574 domarent
1134 508 1224 574 alios,
1270 509 1338 574 Bel-

291 597 378 662 ‘lum
400 617 481 661 neve
502 595 537 659 in
556 594 675 672 Africa,
696 617 777 660 neve
801 607 891 660 extra
914 595 1065 672 Africam,
1085 595 1212 660 iniussu
1329 597 1336 610 “

291 682 452 748 ‘Romani
515 693 632 746 terent
678 679 864 746 Masinissae
887 703 938 746 res
961 681 1142 758 redderent,
1167 681 1186 746 f
1245 705 1337 782 usque

291 777 385 834 ‘cum
414 791 453 833 eo
475 704 628 834 licerent
674 766 884 832 Frumentum
913 767 1178 854 stipendiumque
1206 769 1353 846 eutha:

291 855 415 921 ‘donec
444 855 484 920 ab
515 853 620 918 Roma
647 853 744 940 legati
769 853 934 932 redissent,
963 866 1173 941 praestarent.
1221 855 1337 921 Doeem

292 941 412 1006 ‘millia
432 940 587 1006 talentum
611 939 744 1026 argenti,
767 939 926 1028 descripte
988 940 1154 1005 usionibus
1177 943 1338 1028 aequisin

291 1036 412 1094 ‘annos
441 1027 566 1128 quinqu
608 1026 683 1103 'nta,
710 1025 875 1091 solverent.
931 962 1069 1092 (lbsides
1098 1039 1235 1092 centum
1264 1028 1338 1092 arhi-

291 1123 397 1180 ‘tratu
416 1113 573 1214 Sctpionis
609 1124 718 1177 arent:
743 1135 784 1176 ne
805 1113 942 1178 minores
960 1112 1220 1199 quattuordecim
1240 1115 1335 1192 annis,

291 1209 377 1265 ‘neu
403 1201 533 1301 triginta
557 1199 699 1264 maiores.
744 1197 890 1263 Induties
915 1199 961 1264 ite
986 1221 1021 1264 se
1046 1197 1210 1278 daturum,
1236 1201 1339 1288 siper

291 1287 430 1388 ‘priores
450 1286 589 1351 indutias
607 1307 704 1350 neves
723 1284 885 1350 onerariae
906 1298 1027 1373 captae,
1043 1307 1194 1434 quaeque
1209 1286 1338 1352 tirinent

291 1383 346 1438 ‘rn
361 1373 503 1451 navibus,
518 1372 768 1437 restituerentur.
815 1371 920 1436 Aliter
933 1391 993 1436 nec
1008 1371 1041 1434 in
1066 1372 1160 1450 utius,
1177 1395 1241 1437 nec
1257 1395 1339 1460 spem

292 1468 302 1499 ς
374 1461 381 1474 “
606 1458 614 1488 5

132 1557 266 1621 augonem
312 1459 628 1610 plici'sudhhdilisddes
652 1543 664 1607 l
725 1544 748 1608 ti
775 1565 875 1630 quum
901 1544 1031 1608 domum
1058 1543 1179 1609 referre
1205 1545 1287 1610 iussi
1310 1545 1340 1610 in

131 1627 269 1696 mataps-
290 1632 443 1698 concione
465 1631 608 1708 ederent,
628 1565 783 1717 etellisgo
805 1630 846 1694 ed
866 1629 1109 1694 dissuadendam
1131 1653 1251 1717 pacem
1273 1655 1341 1720 pro-

130 1687 276 1798 ssffltdffi
289 1719 440 1795 cessisset,
463 1717 690 1803 audireturque
716 1739 735 1780 a
760 1716 974 1793 multitudine,
999 1716 1032 1780 in
1057 1717 1144 1782 uieta
1172 1718 1290 1783 eadem
1310 1733 1340 1784 et

130 1812 206 1864 nibal.
289 1803 430 1870 imbelli:
454 1803 638 1890 indignatus
653 1801 826 1880 Hannibal,
841 1802 905 1868 dici
920 1803 1007 1868 eain
1063 1803 1071 1816 '
1090 1816 1239 1890 tempore
1256 1805 1342 1870 areli-

288 1892 391 1978 rique‚
417 1913 486 1956 arre
510 1903 578 1954 tum
606 1887 782 1976 Gisgonem
807 1911 904 1953 manu
930 1911 987 1953 sua
1012 1911 1054 1954 ex
1078 1891 1249 1976 superiore
1275 1891 1341 1956 loco

289 1978 435 2043 detraxit.
484 1913 577 2052 &uae
597 1976 722 2040 insueta
740 1974 856 2040 liberae
877 1975 997 2040 civitati
1015 1976 1137 2076 species
1156 1999 1264 2076 quum
1284 1978 1341 2042 fre·

288 2064 403 2130 mitum
428 2062 540 2151 populi
565 2062 723 2138 movisset,
748 2061 950 2162 perturbatus
975 2061 1119 2126 mihtans
1143 2085 1197 2127 vu
1222 2065 1341 2130 rubens

288 2150 443 2228 libertate,
476 2147 645 2226 ‘Novem'
668 2148 783 2235 inqu1t,
810 2157 986 2212 ‘annorum
1013 2149 1144 2212 avobis
1169 2150 1340 2236 profectus

289 2243 300 2276 ‘
310 2249 382 2323 post
395 2250 520 2302 sextum
536 2249 569 2300 et
583 2234 777 2300 tricesimum
795 2256 915 2298 annum
933 2234 1022 2299 redii.
1068 2233 1233 2300 Militares
1251 2251 1359 2315 artiga

290 2330 389 2473 ‘quas
416 2345 465 2388 me
492 2344 636 2409 spuere
664 2319 792 2386 fortuna
820 2342 907 2384 nunc
936 2320 1066 2407 privata,
1093 2342 1185 2386 nunc
1213 2324 1360 2410 publicae

288 2418 299 2448 6

332 2408 427 2487 ocuit,
453 2409 552 2497 probe
579 2407 690 2472 videor
717 2406 806 2472 scire.
853 2405 951 2472 Urbis
980 2429 1016 2470 ac
1045 2407 1105 2471 fori
1134 2407 1219 2486 iura,
1248 2410 1341 2498 lega,

289 2504 421 2573 ‘mores
437 2519 492 2562 vos
513 2517 563 2559 me
584 2505 711 2581 oportet
730 2493 888 2558 doceatis'
932 2491 1093 2558 Excusats
1111 2493 1341 2581 imprudentia,

287 2580 328 2646 de
343 2603 422 2668 pace
437 2581 545 2646 multis
559 2581 663 2646 verbis
677 2579 834 2657 dissemit,
850 2601 945 2666 quam
961 2600 1022 2644 nec
1036 2580 1159 2666 inique,
1176 2595 1213 2646 et
1234 2605 1345 2648 neees-

286 2667 368 2734 saria
393 2680 483 2732 esset.
529 2666 569 2732 Id
593 2666 736 2732 omnium
760 2665 898 2730 maxime
922 2665 1050 2730 difficile
1076 2680 1155 2744 erat,
1183 2669 1280 2755 quod
1302 2691 1342 2734 ex

286 2753 419 2818 navibus
433 2776 492 2840 per
508 2752 648 2817 indutias
666 2751 766 2839 captis
783 2751 873 2829 nihil,
889 2763 1015 2838 praeter
1032 2753 1118 2840 ipses
1135 2757 1342 2842 comparebat

129 2851 222 2928 lffscem
232 2865 272 2901 ac-
286 2862 401 2906 naves:
426 2861 532 2927 neque
548 2837 717 2924 inquisitio
726 2852 794 2903 erat
807 2838 916 2915 facilis,
932 2838 1174 2904 adversantibus
1189 2843 1278 2942 paci,
1289 2842 1362 2944 qui4

128 2921 225 3030 ccrpptunt
287 2939 502 3028 arguerentur.
548 2924 674 2990 Placuit
695 2946 791 2988 naves
812 2923 913 3001 reddi,
932 2937 965 2989 et
985 2923 1131 2990 homines
1153 2941 1275 3014 utrque
1296 2951 1343 2994 m-

189 2979 244 3044 hag.
287 3014 379 3101 quiri.
427 3012 554 3089 Cetera,
579 3033 661 3099 quae
692 3011 847 3087 abessent,
872 3010 1068 3076 aestimanda
1098 3009 1250 3100 Scipioni
1274 3038 1344 3103 per-

286 3101 390 3165 mitti:
414 3113 510 3187 atque
525 3099 570 3163 ita
585 3097 724 3184 pecunia
741 3096 828 3162 luere
846 3095 1134 3197 Carthaginienses.
1185 3099 1276 3167 Sunt
1289 3103 1344 3189 qni

287 3185 504 3252 Hannibalem
526 3207 567 3250 ex
588 3183 656 3249 acie
678 3182 720 3247 ad
742 3205 827 3248 mare
848 3204 1037 3269 pervenisse,
1053 3183 1130 3249 inde
1152 3205 1344 3275 praeparem

286 3295 366 3340 neve
388 3271 430 3337 ed
451 3294 559 3359 regem
583 3268 782 3334 Antiochum
804 3269 965 3356 extemplo
986 3268 1164 3356 profectum
1190 3273 1342 3340 tradant:

344 3357 523 3446 tulantique
545 3369 619 3422 ante
641 3355 749 3421 omnia
772 3353 923 3442 Scipioni,
946 3368 984 3420 ut
1006 3354 1170 3422 Hannibal
1195 3360 1262 3425 sibi
1283 3377 1343 3426 tn-

309 3459 425 3524 eretur,
441 3465 627 3533 responsum
643 3464 721 3519 esse,
739 3440 955 3506 Hannibalem
969 3443 1004 3506 in
1019 3441 1131 3508 Africa
1144 3467 1215 3509 non
1232 3469 1314 3513 eme.

219 3579 228 3598 .
329 3531 502 3620 Postquam
523 3529 687 3596 redierunt
705 3528 747 3593 ad
770 3527 952 3615 Scipionem
969 3527 1086 3616 legeti3
1110 3553 1196 3617 qnae
1212 3533 1345 3620 publiea

285 3620 319 3684 in
339 3620 472 3686 navibus
491 3618 627 3694 fuerant,
647 3637 689 3680 ex
708 3612 844 3702 publicis
864 3614 1022 3716 descripta
1041 3616 1223 3683 rationibus
1246 3643 1348 3708 qnae-

284 3719 403 3773 stores:
428 3727 510 3794 quae
525 3704 657 3792 privata,
672 3701 815 3789 profiteri
829 3701 951 3766 domini
967 3701 1062 3779 russi3
1085 3724 1145 3789 pro
1160 3727 1204 3770 ea
1216 3727 1366 3780 summas

287 3899 288 3902 ’
319 3899 471 3958 arastus]
491 3895 702 3960 ctssupr.xxriii.
717 3893 755 3945 16.
821 3895 936 3959 publico]
949 3894 995 3944 'Ea
1005 3895 1104 3945 risendi
1115 3911 1273 3962 θοι-ηοω
1286 3905 1347 3954 nihi

317 3967 410 4014 ePoet
427 3969 522 4012 scetem
538 3970 563 4012 et
580 3962 740 4020 tricesimum]
759 3959 791 4008 cf.
824 3974 891 4008 nunc
923 3959 1019 4022 priuata
1045 3960 1146 4010 fortuna
1173 3977 1246 4026 mu,
1280 3983 1347 4018 me

285 4029 357 4103 Supr.
370 4032 445 4091 μοι
457 4037 495 4088 35.
523 4025 793 4088 Sedhaecaegreccn·
826 4023 927 4085 publica
953 4022 1108 4088 Carthaginis
1135 4025 1241 4079 fortuna
1271 4032 1349 4081 dedit.

286 4093 363 4141 cihari
380 4105 452 4154 posse
469 4087 594 4138 existimet
610 4089 718 4141 Crevier.
736 4101 793 4138 cum
826 4087 909 4136 Onus.

286 4171 324 4213 co,
337 4154 403 4216 quod
418 4151 560 4213 Carthagini
577 4153 706 4202 Hannibal
721 4155 794 4208 esset,
859 4168 874 4212 4
892 4152 941 4210 Qut
955 4155 1135 4214 emereatur]
1154 4153 1195 4205 Iis
1209 4157 1257 4218 qni
1272 4175 1313 4210 ru
1323 4161 1348 4210 in
1424 4211 1425 4218 ἵ

286 4232 363 4276 quum
374 4231 431 4266 eum
443 4215 544 4263 vixdum
556 4217 674 4277 puberem
683 4215 794 4264 Hasdru·
826 4214 929 4264 neribus
940 4222 1025 4278 captae
1035 4217 1161 4279 possidere
1171 4233 1348 4284 agnuam.

287 4277 794 4341 halliterieadseareessereteupr.xxi.3.
859 4281 1021 4341 5Profitert']
1046 4279 1104 4328 Hoc
1124 4283 1231 4334 verbum
1252 4289 1290 4336 ul
1309 4291 1349 4338 ὼ

321 4355 335 4401 3
357 4343 564 4406 Fortunarum
588 4345 699 4405 priuato,
725 4357 794 4392 auno
825 4345 903 4392 minoe
921 4343 1018 4406 proprie
1031 4343 1144 4405 retertur,
1158 4348 1206 4398 aed
1219 4351 1350 4416 imepe-
