2874 4772
314 217 410 285 LIB.
434 218 564 286 XXVL
599 219 710 286 CAP.
734 227 787 287 48.
1014 223 1076 285 335

78 352 128 418 Εο
153 351 206 420 die
233 353 350 443 Scipio,
375 355 414 422 C.
431 356 542 422 Laelio
563 380 637 423 cum
662 357 755 423 sociis
777 355 941 422 navalibus
964 355 1076 421 urbem
1087 372 1165 424 uc.
1180 385 1235 438 54²·

33 439 191 506 custodire
213 442 307 520 iusso,
322 443 390 531 ipse
412 444 447 509 in
467 457 567 510 castra
587 444 728 532 legiones
747 443 892 510 reduxit:
915 440 1116 530 feswsquel·
1134 439 1163 489 ⁰·
1180 453 1235 488 ²¹⁰·

33 528 150 628 milites
167 529 314 596 omnibus
333 553 399 595 uno
416 531 469 596 die
489 531 565 597 belli
579 532 726 619 operibus
740 531 875 683 fflppe
890 531 946 617 qui
960 541 995 594 et
1008 529 1075 594 acie
1132 507 1184 567 4⁸·

33 615 247 693 drnncassent,
268 629 301 682 et
319 617 474 704 capienda
495 619 573 684 urbe
596 631 721 684 tanturn
816 641 858 682 rrs
879 615 1076 717 periculique

33 701 183 778 adissent,
198 715 232 766 et
246 715 346 791 capta,
364 727 438 769 cum
460 705 508 782 iis,
524 705 581 792 qui
599 705 634 770 in
656 727 760 770 arcem
778 704 995 790 confugerant,
1014 704 1077 766 im·

33 811 99 938 qpo
114 788 210 853 etiem
224 789 294 856 loco
309 791 517 879 pugnassent)
532 813 641 892 crrrare
656 813 789 879 corpora
801 791 899 856 iussit.
945 791 1077 856 Postero
1086 799 1169 864 Scipio
1182 815 1234 864 gra

68 898 97 952 e,
116 874 268 941 militibus
288 878 516 966 navalibusque
539 901 631 944 socus
654 891 842 956 convocans,
860 877 999 965 primurn
1016 876 1077 940 diis
1085 865 1133 940 tiss
1143 863 1200 914 Diis

33 961 263 1027 immortalibus
286 963 458 1052 laudesque
483 978 517 1030 et
540 979 643 1052 grates
667 966 741 1066 egit,
766 965 822 1052 qui
845 987 878 1029 se
902 985 969 1028 non
991 935 1143 1028 urbis⁸⁸¹l

32 1049 137 1114 solum
160 1073 179 1114 o
201 1049 415 1117 ulentissimae
438 1052 581 1117 omnium
600 1053 635 1117 in
657 1052 812 1154 Hispania
833 1073 899 1116 uno
920 1050 973 1115 die
991 1071 1078 1114 com-

32 1149 143 1223 potem
178 1137 321 1216 eciment,
345 1138 402 1204 sed
427 1151 500 1204 ante
526 1162 565 1204 eo
590 1151 820 1227 congessissent
845 1137 947 1203 omnis
976 1158 1077 1224 paene

33 1223 164 1288 Africae
190 1237 285 1310 atque
310 1224 484 1314 Hispaniae
509 1249 602 1313 opes:
630 1239 668 1291 ut
692 1249 797 1314 neque
823 1223 965 1290 hostibus
989 1223 1079 1311 quic-

33 1331 132 1410 quam
146 1310 227 1374 relin
250 1324 387 1390 ueretur,
399 1325 433 1377 et
446 1312 506 1377 sibi
521 1337 557 1378 ac
571 1313 635 1378 suis
649 1313 757 1378 omnia
771 1322 977 1401 superessent.
1012 1309 1220 1399 Mi-coltrudat

33 1396 128 1462 htum
148 1334 265 1462 deinde
287 1398 436 1464 virtutem
458 1399 656 1478 collaudavit,
675 1400 764 1488 quod
787 1421 841 1465 eos
865 1421 933 1464 non
954 1396 1078 1484 eruptio
1086 1390 1184 1440 mutes

32 1483 184 1561 hostium,
207 1505 274 1548 non
299 1484 433 1551 altitudo
458 1487 631 1565 moenium,
654 1509 722 1552 non
750 1485 948 1575 inexplorata
976 1482 1079 1572 stagni

33 1570 125 1648 vada,
140 1592 206 1635 non
220 1571 383 1636 castellum
397 1573 432 1636 in
446 1572 509 1639 alto
525 1573 648 1639 tumulo
663 1574 768 1651 situm,
784 1596 851 1638 non
869 1571 1080 1637 munitissima

33 1681 92 1722 arx
122 1656 335 1736 deterruisset,
357 1682 422 1746 quo
451 1661 556 1727 minus
584 1660 844 1726 transcenderent
872 1658 980 1724 omnia
1008 1679 1080 1744 per·

33 1757 292 1832 rumperentque.
337 1745 461 1834 Itaque,
480 1770 664 1836 quanquam
686 1747 832 1814 omnibus
856 1746 964 1812 omnia
982 1745 1079 1810 debe·

34 1843 94 1909 ret,
116 1831 321 1919 praecipuum
340 1833 469 1898 muralis
488 1856 622 1900 coronae
639 1834 738 1900 decus
754 1835 823 1898 eius
843 1855 920 1910 esse,
936 1832 993 1919 qui
1015 1830 1080 1919 pri·

34 1939 107 1983 mus
132 1941 260 1983 murum
281 1919 492 1986 ascendisset:
517 1921 727 2008 profiteretur,
772 1921 807 1985 ui
829 1943 861 1984 se
885 1918 1019 2006 dignum
1040 1940 1080 1982 eo

34 2007 168 2070 duceret
181 2005 275 2071 dono.
321 2006 398 2072 Duo
419 2007 551 2093 professi
565 2020 659 2073 sunt:
686 2008 727 2083 Q„
770 2004 918 2072 rubellius
935 2004 1080 2070 centurio
1089 2014 1221 2089 Certamen

13 2092 171 2180 elegionis
185 2105 324 2179 quartae,
340 2106 373 2158 et
389 2093 462 2159 Sex.
473 2094 615 2182 Digitius
629 2095 732 2160 socius
750 2092 878 2158 navalis.
924 2090 998 2156 Nec
1019 2089 1080 2178 ipsi
1089 2079 1219 2192 flgfflffl

35 2193 104 2244 tam
125 2179 209 2243 inter
229 2202 262 2244 se
285 2179 399 2244 acriter
420 2180 666 2259 contendebant,
682 2202 778 2267 quam
799 2178 905 2245 studia
923 2177 1082 2243 excitave-

34 2278 110 2331 rant
134 2279 268 2353 utenquc
293 2266 343 2331 sni
368 2267 507 2355 corporis
535 2267 710 2332 hominum.
762 2265 862 2332 Sociis
890 2263 929 2330 C.
954 2263 1083 2328 laelius

35 2352 214 2441 praefectus
243 2353 368 2432 classis3
399 2353 578 2442 legionariis
604 2353 652 2419 M.
671 2353 877 2454 Sempronius
901 2350 1083 2416 Tuditanus

36 2440 155 2505 aderat
201 2438 250 2504 Ea
263 2440 537 2529 contentioquum
551 2463 609 2529 pro
665 2440 854 2506 seditionem
868 2439 1000 2516 veniret,
1015 2436 1083 2503 Sci·

35 2527 92 2615 pio
107 2538 170 2592 tres
185 2540 418 2614 recuperatores
433 2551 533 2616 quum
548 2551 581 2593 se
639 2539 744 2593 turum
758 2526 1002 2616 pronuntiasset,
1014 2524 1081 2613 qui,

35 2613 166 2701 cognita
179 2635 273 2679 causa
287 2614 481 2702 testibusque
504 2615 630 2694 auditis,
646 2615 831 2692 iudicarent,
847 2627 918 2678 uter
938 2611 1026 2714 prior
1047 2611 1082 2676 in

35 2699 191 2788 oppidum
207 2701 468 2779 transcendisset3
494 2701 533 2768 C.
545 2701 656 2769 Laelio
671 2715 704 2767 et
719 2701 767 2767 M.
783 2701 971 2789 Sempronro
985 2699 1082 2764 adro-

35 2788 116 2853 catis
136 2787 234 2875 partis
254 2787 418 2875 utriusque
436 2788 474 2854 P.
487 2787 674 2854 Cornelium
699 2788 884 2855 Caudinum
908 2787 949 2852 de
974 2785 1082 2852 medio

13 2874 174 2951 sadiccit3
205 2896 321 2962 eosque
348 2887 412 2940 tres
436 2889 672 2964 recuperatores
698 2875 872 2953 considere,
898 2887 1082 2939 etecusam

36 2983 228 3048 cognoscere
252 2962 349 3027 iussit.
398 2962 508 3037 Quum
534 2985 583 3027 res
607 2985 646 3028 eo
670 2963 788 3027 maiore
813 2970 960 3048 ageretur
982 2970 1082 3024 certa-

13 3049 135 3126 4mine,
162 3047 251 3136 quod
278 3048 397 3113 admoti
427 3060 532 3113 tantae
583 3049 589 3062 '
636 3048 721 3112 itatis
745 3070 812 3112 non
837 3061 903 3112 tarn
929 3044 1082 3121 advocati,

37 3157 135 3224 quam
157 3135 369 3201 moderatores
391 3135 568 3201 studiorum
624 3147 734 3212 erant3
760 3132 798 3199 C.
813 3132 952 3210 Laelius,
971 3130 1083 3196 relicto

36 3221 181 3300 consilio,
195 3221 237 3286 ad
258 3221 397 3287 tribunal
413 3222 455 3287 ad
475 3220 655 3309 Scipionem
678 3219 810 3298 accedit,
826 3241 963 3306 eumque
978 3217 1081 3294 docet,

38 3318 128 3375 ‘rem
144 3309 212 3374 sine
227 3307 323 3374 modo
337 3331 374 3374 ec
389 3307 544 3374 modestia
557 3308 628 3396 agi:
655 3329 692 3372 ac
706 3328 805 3408 prope
820 3329 897 3384 esse,
912 3318 950 3370 ut
971 3326 1083 3370 manus

38 3405 49 3436 ‘
57 3397 142 3460 inter
156 3419 189 3460 se
205 3407 379 3461 conserant
427 3395 590 3473 Ceterum,
605 3394 727 3459 etiamsi
741 3416 789 3459 vis
804 3393 893 3470 absit,
908 3391 1009 3456 nihilo
1024 3390 1084 3454 mi-

38 3492 121 3547 ‘nus
142 3481 320 3548 detestabili
342 3482 489 3571 exemplo
511 3504 578 3546 rem
601 3480 672 3570 agi3
697 3481 816 3569 quippe
838 3479 894 3544 ubi
915 3477 1025 3542 fraude
1048 3499 1085 3541 ac

39 3569 201 3658 ‘periurio
226 3568 323 3634 decus
348 3581 476 3658 petatur
500 3568 632 3635 virtutis
684 3565 774 3634 Stare
799 3566 875 3631 hinc
897 3563 1086 3652 legionarios

73 3799 189 3847 cSociur
206 3799 317 3859 samiis]
348 3798 380 3847 In
398 3797 446 3848 hoc
465 3797 546 3861 capite
577 3800 642 3850 dices
656 3799 786 3861 aarum
813 3795 844 3846 ct'.
856 3794 977 3846 Dacerius
992 3793 1024 3843 sd
1040 3792 1086 3842 Fe·

38 3865 98 3912 soos'i
111 3864 212 3912 mestos
227 3876 276 3911 non
292 3860 461 3924 intelliguntur
476 3863 546 3912 remi·
578 3869 644 3912 stum
655 3879 678 3912 ι.
689 3863 850 3926 Recipersts'o.

39 3943 91 3990 ges,
101 3927 145 3975 sed
155 3927 247 3975 milites
256 3927 354 3975 tuendis
367 3927 469 3974 navibus
479 3927 546 3974 attri-
610 3944 627 3989 4
644 3929 714 3987 Quod
723 3928 824 3987 amoti]
848 3925 875 3975 N
876 3940 916 3974 am
928 3922 994 3988 prins
1004 3922 1042 3972 illi
1052 3921 1087 3972 at'-

39 3991 104 4050 hnti,
119 3991 161 4053 qui
176 3991 231 4040 inlr.
248 3993 341 4041 owse
356 3993 444 4041 murm
460 4003 547 4039 vocan-
579 3991 677 4041 inerunt
688 3991 845 4050 certantibus,
854 3991 897 4039 sed
910 3989 1088 4052 ineleganter,

39 4061 89 4104 tur,
106 4055 188 4104 Cras.
580 4061 608 4105 ut
635 4057 718 4132 potius
743 4062 853 4119 regerent
876 4058 1088 4117 temperarentque

75 4135 89 4180 3
106 4121 310 4182 Rscrspsrstores]
328 4135 360 4169 sc.
373 4120 389 4146 ‘⁴
399 4118 497 4168 Indices
507 4117 558 4182 qni'
581 4121 662 4169 studia
677 4119 791 4182 utrinque
806 4119 951 4178 faventium,
961 4129 1088 4189 quam-ac·

40 4199 57 4232 a
75 4185 192 4233 Praetorc
210 4185 236 4232 in
256 4185 356 4246 privetis
375 4183 550 4242 conuoverriis,
581 4185 727 4233 canderent:
744 4199 810 4232 nunc
824 4183 916 4232 abillis
929 4181 1088 4252 abstractuet

41 4263 188 4310 quacunque
202 4250 234 4298 de
249 4263 276 4297 re
291 4253 411 4311 ageretur,
425 4247 477 4296 dari
494 4263 549 4296 con·
581 4248 674 4297 iudices
680 4249 741 4307 dati,
747 4246 931 4296 multitudinem
937 4245 1087 4294 effraenatio-

41 4319 178 4362 sueverant.
219 4315 308 4376 Itaque
330 4319 512 4376 recuperatores
533 4311 551 4360 ii
582 4327 634 4362 rem
645 4312 800 4374 reliquerant.
817 4311 933 4359 Gronov.

42 4377 93 4426 iere
104 4377 302 4440 appellabantur,
312 4377 354 4440 qui
371 4377 438 4440 apud
454 4391 498 4424 nos
513 4377 550 4424 s‘u·
