2866 4770
318 215 416 282 LlB.
437 215 569 281 XXIX.
603 216 714 282 OAP.
732 223 782 283 28.
1013 227 1077 288 489

36 365 165 440 tempus,
189 376 253 440 quo
275 353 387 440 pridie,
410 365 522 419 exorta
543 366 748 441 conspectum
771 365 872 420 terrae
895 355 1024 434 ademit,
1045 368 1164 422 ettae.
1180 370 1235 432 548.

34 451 144 503 ventus
166 452 331 526 premente
355 439 473 504 nebula
496 439 619 504 cecidit
666 438 744 505 Nox
767 439 886 505 deinde
910 441 1079 507 incertiora
1087 433 1118 482 Α·
1134 435 1164 484 ⁰·
1181 449 1236 495 ²04

35 525 139 589 omnia
151 526 235 590 fecit
281 525 394 612 Itaque
412 549 551 605 ancorae,
566 549 608 590 ne
627 538 683 590 aut
699 526 784 590 inter
800 549 834 591 se
852 541 1079 594 concurrerent

34 633 136 690 naves,
159 625 215 677 aut
237 625 338 678 terrae
361 613 563 691 inferrentur,
581 612 693 678 iecere.
741 611 807 677 Ubi
829 613 945 692 illuxit,
963 627 1078 679 ventus

34 696 117 761 idem
132 713 266 777 coortus,
282 699 398 764 nebula
413 699 553 776 disiecta,
569 699 693 786 aperuit
711 699 819 763 omnia
833 699 961 765 Africae
976 701 1076 766 litora.

35 782 149 871 Scipio,
166 785 255 872 quod
271 797 354 850 esset
370 784 550 872 proximum
569 785 829 872 promontorium,
844 800 1077 873 percunctatus,
1088 799 1237 850 rorulenti

33 891 131 956 quum
155 870 286 937 Pulchri
309 873 559 959 promontorium
582 871 617 934 id
639 871 744 936 vocari
768 870 915 949 audisset,
948 873 1079 938 ‘Placet
1088 865 1170 976 ΡἮΨ·
1181 880 1223 928 ⁸1>

34 958 168 1036 ‘omen,'
182 958 307 1044 inquit3
332 957 415 1022 ‘huc
430 957 558 1044 dirigite
573 958 688 1022 naves!
733 957 783 1022 Eo
800 957 905 1022 classis
919 943 1119 1024 decurrit:pe
1139 933 1166 978 ιι

32 1043 206 1192 copiaeque
221 1066 331 1108 omnes
345 1044 380 1107 in
396 1057 510 1108 terram
526 1044 686 1130 expositae
702 1057 784 1108 sunt.

102 1152 261 1216 rosperam
282 1130 517 1217 navigationem
537 1130 605 1194 sine
627 1143 745 1194 terrore
764 1152 800 1194 ac
818 1130 957 1195 tumultu
973 1131 1077 1210 titisse,

30 1215 197 1300 permultis
219 1215 350 1280 Graecis
371 1215 558 1302 Latinisque
579 1216 760 1280 auctoribus
780 1216 921 1281 credidi:
948 1217 1079 1282 Coelius

31 1323 123 1380 unus,
142 1317 365 1390 praeterquam
386 1302 473 1389 quod
497 1325 563 1367 non
587 1323 704 1366 memes
725 1302 874 1366 fluctibus
897 1325 1002 1382 naves,
1027 1327 1080 1369 ce-

31 1397 113 1452 teros
133 1412 244 1454 omnes
263 1389 416 1454 coelestes
436 1389 571 1452 maritim
631 1411 671 1452 ue
692 1383 835 1465 terrores,
850 1402 1009 1475 postremo
1024 1390 1080 1455 ab·

30 1487 152 1560 reptem
179 1487 366 1562 tempestate
393 1475 433 1539 ab
459 1474 570 1538 Africa
593 1497 723 1539 cassem
750 1475 791 1540 ad
817 1475 951 1540 insulam
979 1476 1080 1563 Aegi-

29 1581 167 1639 murum,
183 1561 259 1626 inde
279 1584 372 1649 aegre
392 1575 568 1626 correctum
591 1583 728 1638 cursum,
745 1561 896 1647 exponit:
921 1575 964 1638 et,
980 1584 1078 1649 prope

30 1645 151 1711 obrutis
178 1648 319 1725 navibus,
343 1648 465 1712 iniussu
491 1647 697 1734 imperatoris,
721 1647 854 1734 scaphis,
879 1647 966 1712 baud
988 1671 1079 1713 secus

29 1754 126 1818 quarn
141 1735 319 1820 naufragos,
335 1734 451 1798 milites
465 1733 532 1797 sine
548 1733 642 1798 armis
659 1755 733 1798 cum
750 1735 873 1820 ingenti
890 1733 1030 1798 tumultu
1044 1735 1079 1798 in

30 1829 145 1883 terram
161 1821 302 1884 evasisse.
788 1877 796 1886 .

71 1904 238 1991 Expositis
253 1905 361 1992 copiis,
379 1906 518 1970 Romani
534 1920 635 1970 castra
649 1907 683 1970 in
698 1907 851 1993 proximis
866 1905 997 1970 tumulis
1012 1927 1076 1970 me·
1112 1946 1116 1958 ·
1135 1905 1186 1964 28·

28 2002 147 2054 tantur.
194 1990 262 2054 Iam
291 2013 356 2055 non
386 1992 420 2054 in
451 1992 624 2056 maritimos
653 1992 749 2056 modo
778 2014 879 2078 agros,
906 2005 1078 2078 conspectu
1086 1985 1211 2061 Terrorin

26 2077 169 2162 primum
200 2077 314 2154 classis,
344 2077 419 2140 dein
450 2077 588 2142 tumultu
621 2077 854 2177 egredientium
887 2077 921 2140 in
952 2091 1076 2155 terram,
1086 2049 1177 2102 ΑΜ·

26 2183 127 2248 pavor
152 2175 316 2249 terrorque
342 2176 537 2249 pervenerat,
562 2163 618 2228 sed
644 2186 677 2226 m
704 2164 786 2250 ipsas
811 2165 912 2228 urbes
960 2162 1078 2249 Neque

28 2249 115 2312 enim
141 2248 308 2312 bominum
331 2249 426 2312 modo
451 2249 550 2325 turba,
574 2249 742 2313 mulierum
790 2271 1000 2336 uerorumque
1025 2273 1080 2336 ag-

27 2334 171 2398 minibus
200 2335 354 2411 immixta,
385 2357 496 2399 omnes
528 2336 642 2422 passim
677 2273 889 2421 compleverat
917 2336 992 2412 vias,
1023 2335 1079 2400 sed

28 2441 145 2505 pecora
160 2442 289 2506 quoque
305 2443 379 2508 prae
395 2443 428 2484 se
444 2435 583 2507 agrestes
598 2421 751 2520 agebant3
771 2433 807 2484 ut
821 2419 959 2508 relinqui
974 2423 1079 2486 subito

28 2506 176 2570 Africam
192 2506 321 2570 diceres
362 2507 503 2570 Urbibus
517 2528 592 2570 vero
608 2507 682 2656 ipsis
697 2506 857 2584 maiorem,
871 2530 966 2594 quam
982 2529 1079 2594 quem

27 2613 137 2656 secum
154 2591 336 2668 attulerant,
354 2606 504 2657 terrorem
519 2592 618 2656 insere
642 2606 705 2656 ant
751 2592 926 2680 Praecipue
945 2593 1080 2658 Cartha-

49 2679 111 2742 mis
151 2701 228 2764 rope
243 2691 280 2742 ut
295 2701 331 2742 ca
354 2693 403 2742 tae
420 2677 574 2742 tumultus
588 2679 656 2742 fuit
694 2678 779 2742 Nam
794 2693 866 2766 post
882 2680 929 2744 M.
943 2681 1079 2745 Atilium

26 2701 197 2850 ilegulilm
224 2777 256 2828 et
279 2762 316 2828 L.
370 2765 490 2828 anlium
513 2765 667 2841 consules,
686 2766 777 2830 annis
799 2789 897 2852 prope
921 2767 1080 2852 quinqua-

26 2851 127 2936 ginta,
145 2848 269 2913 nullum
288 2850 468 2914 Romanum
487 2851 663 2915 exercitum
678 2850 831 2926 viderant,
847 2865 972 2935 praeter
989 2875 1079 2935 prae-

26 2935 169 3000 datorias
195 2936 317 3013 classes,
344 2937 459 3022 quibus
486 2937 705 3000 exscensioncs
732 2936 765 2996 in
791 2957 881 3020 agros
907 2936 1080 2999 maritimos

26 3021 130 3086 factae
154 3037 264 3086 crant:
289 3023 460 3108 raptisque,
477 3043 557 3106 quae
581 3021 672 3083 obvia
694 3019 757 3082 fors
778 3020 903 3096 fecerat,
922 3021 1009 3106 prius
1031 3043 1080 3085 re-

26 3131 159 3172 cursum
178 3130 303 3194 semper
320 3107 361 3171 ad
381 3129 485 3182 naves,
507 3127 602 3191 quam
626 3105 745 3168 clamor
768 3117 905 3190 agrestes
929 3106 1079 3182 conciret,

26 3193 140 3258 fuerat
190 3193 239 3257 Eo
261 3194 362 3256 maior
384 3206 451 3257 tum
474 3191 550 3340 fuga
571 3213 730 3339 pavorque
753 3191 786 3253 in
809 3192 887 3254 urbe
909 3191 978 3255 fuit.
1026 3191 1079 3269 Et,

25 3281 172 3356 hercule,
194 3302 300 3365 neque
323 3279 479 3342 exercitus
524 3277 588 3341 omi
610 3276 672 3339 vali
696 3299 742 3352 us,
764 3299 869 3362 neque
889 3278 966 3354 dux,
983 3300 1079 3362 quem

26 3379 241 3466 opponerent,
257 3377 332 3429 erat.
369 3363 559 3438 Hasdrubal,
574 3361 725 3447 Gisgonis
739 3362 832 3440 filius,
848 3385 974 3448 genere,
987 3363 1079 3439 fama,

25 3451 160 3528 druidis
182 3451 269 3537 regia
289 3463 357 3514 tum
381 3451 476 3514 etiam
501 3447 662 3523 affinitate,
683 3448 777 3534 longe
802 3449 921 3536 primus
946 3449 1080 3512 civitatis

25 3553 115 3602 erat:
142 3537 200 3600 sed
215 3560 288 3600 eum
307 3537 346 3600 ab
364 3535 418 3599 illo
439 3536 507 3621 ipso
526 3533 672 3633 Scipione
694 3533 814 3621 aliquot
834 3533 961 3620 proeliis
974 3535 1079 3598 fusum

49 3625 224 3709 ulsumque
251 3623 284 3685 in
311 3621 468 3707 Hispania
493 3633 721 3685 meminerant:
754 3643 814 3684 nec
840 3621 940 3706 magis
965 3619 1080 3684 ducem

24 3647 105 3774 duci
122 3731 242 3808 parem,
260 3731 356 3794 quarn
372 3707 612 3771 tumultuarium
630 3705 806 3770 exercitum
824 3728 916 3769 suum
933 3705 1080 3770 Romano

25 3794 188 3860 exercitui
211 3817 286 3858 esse.
332 3793 456 3879 Itaque,
479 3794 567 3856 velut
588 3792 614 3856 si
636 3794 748 3856 urbem
772 3793 933 3879 externplo
956 3815 1081 3880 aggres-

24 3905 123 3948 surus
141 3879 249 3967 Scipio
260 3880 349 3956 foret,
363 3881 407 3943 ita
421 3878 462 3942 ad
477 3901 563 3942 arma
577 3891 625 3942 est
640 3877 888 3943 conclamatum:
906 3895 1080 3966 portaeque

24 3967 148 4056 raptim
167 3965 290 4030 clausae
309 3979 341 4029 et
361 3965 472 4029 armati
494 3965 526 4027 in
547 3965 654 4041 muris,
670 3964 859 4051 vigiliaeque
879 3979 912 4030 et
931 3967 1082 4030 stationes

24 4053 214 4141 dispositae,
230 4075 266 4118 ac
287 4071 380 4116 nocte
400 4051 582 4136 insequenti
597 4050 759 4136 vigilatum
778 4065 833 4116 est
880 4052 1012 4117 Postero
1028 4052 1080 4116 die

63 4299 73 4330 r
95 4283 182 4329 Annia
192 4297 268 4343 prope
279 4282 471 4343 quinquaginta]
489 4280 543 4328 lmo
577 4280 613 4328 Μ.
624 4280 729 4342 Regulo,
742 4279 770 4328 L.
781 4281 876 4328 lllenlio
887 4279 1033 4327 consulibua
1052 4279 1082 4327 cs.

24 4348 68 4394 hic
79 4351 119 4394 est
129 4359 208 4392 annus
215 4343 427 4406 quinquagesimus
436 4343 544 4392 tertiusa
577 4359 640 4405 supr.
654 4343 737 4390 xxviii.
750 4357 788 4402 43.
