2866 4770
336 225 400 286 498
724 213 839 279 ΤΙΤΙ
870 213 1006 280 LIVII

183 371 218 421 U.
229 371 259 422 c.
276 372 329 433 ⁵⁴8·
339 355 509 420 tenebant:
537 350 745 416 meridianam
766 349 880 414 vallem
907 349 948 413 ad
974 349 1114 414 alterum
1141 349 1221 414 litus
1243 350 1388 414 devexam

182 437 507 528 ⁸1⁰·2mequitatus.
555 437 695 502 Haecin
711 435 822 500 Africa
841 457 942 522 usque
962 436 1004 500 ad
1023 449 1216 500 extremum
1237 439 1388 502 auctumni

232 613 284 674 36.
340 539 515 678 gesIliaeter
547 623 735 676 convectum
765 608 908 695 undique
938 631 978 674 ex
1007 609 1176 696 populatis
1208 609 1297 674 circa
1323 611 1388 695 agris

184 696 315 772 0⁰me
341 701 546 774 dumentum,
558 709 816 782 commeatusque
832 718 873 760 ex
891 693 997 759 Sicilia
1010 708 1111 781 atque
1128 695 1232 760 Italia
1247 697 1387 770 adrectos

185 761 333 884 {lfflmsffi
344 786 406 851 Cn.
422 783 573 851 Octavius
592 795 775 870 propraetor
794 804 835 846 ex
858 780 1003 845 Sardinia
1022 782 1063 845 ab
1078 781 1134 845 Ti.
1150 781 1302 846 Claudio
1315 805 1388 882 prae·

186 887 256 938 vecti.
343 885 421 948 tore,
437 871 527 936 cuius
548 891 587 934 ea
607 867 770 956 provincia
791 880 867 943 erat,
886 868 1050 953 ingentem
1072 868 1143 930 vim
1167 869 1328 932 fiumentr
1346 868 1388 932 ad

342 959 449 1023 vexit:
472 957 648 1056 horreaque
663 976 729 1020 non
745 954 856 1030 solum,
872 975 954 1040 qnae
968 953 1031 1016 iam
1045 953 1133 1017 facta
1147 969 1262 1032 eraut,
1277 954 1387 1042 repleta

343 1044 400 1110 sed
424 1065 508 1108 nova
535 1042 708 1106 aedrficata.
753 1038 953 1105 Vestimenta
981 1039 1141 1104 exercitui
1170 1041 1321 1106 deerant.
1359 1039 1388 1102 ld

344 1130 528 1195 mandatum
546 1128 689 1203 Octavio,
706 1140 743 1190 ut
761 1149 836 1190 cum
854 1138 998 1212 praetore
1019 1139 1142 1212 ageret,
1159 1127 1293 1213 siquid
1311 1150 1347 1192 ex
1360 1149 1387 1190 et

343 1216 506 1305 provincia
530 1215 705 1301 comparari
734 1235 770 1276 ae
800 1212 884 1276 mitti
913 1224 1026 1298 posset.
1073 1210 1127 1275 Ea
1154 1235 1297 1300 quoque
1320 1213 1387 1277 hantl

344 1303 484 1390 segniter
497 1315 605 1366 curata
624 1322 682 1364 res
728 1297 822 1363 Mille
836 1298 993 1362 ducentae
1012 1310 1106 1383 togae
1126 1298 1225 1364 brevi
1247 1301 1353 1387 spatio,
1364 1311 1402 1362 att

345 1388 513 1454 duodecim
529 1387 628 1452 millia
642 1385 820 1451 tunicarum
836 1386 937 1449 missa

187 1479 300 1554 ⁸9um
389 1475 520 1538 Aestate
535 1497 582 1550 ea,
595 1496 660 1560 qua
673 1473 752 1536 haec
767 1473 802 1536 in
814 1471 924 1536 Africa
936 1484 1025 1558 gesta
1038 1483 1126 1548 sunt,
1139 1471 1182 1536 P.
1197 1473 1389 1561 Sempronius

187 1558 242 1655 ἓξὲξ
252 1544 326 1656 ffi-
345 1559 465 1636 consul,
482 1561 534 1625 cui
550 1559 668 1624 Bruttii
683 1558 845 1646 provincia
858 1571 934 1635 erat,
950 1559 985 1621 in
1002 1579 1078 1643 agro
1095 1558 1315 1624 Crotoniensi
1332 1581 1389 1623 cum

187 1671 269 1719 nibale
346 1645 528 1710 Hannibale
557 1647 592 1709 in
620 1645 689 1732 ipso
718 1644 831 1709 itinere
861 1643 1066 1708 tumultuario
1091 1645 1225 1730 proelio
1253 1647 1387 1711 conflixit

187 1735 253 1783 ”¹³¹⁸
264 1751 308 1797 1³¹¹·
346 1732 377 1796 A
434 1731 538 1796 inibus
567 1731 677 1818 magis,
707 1753 804 1818 quam
834 1731 911 1806 acie,
941 1743 1120 1816 pugnatum
1152 1747 1217 1796 est.
1269 1731 1402 1804 Renum

186 1803 253 1859 ⁸¹¹²*
345 1755 438 1906 pilli,
454 1830 487 1882 et
507 1817 646 1882 tumultu
666 1819 778 1896 verius,
817 1839 891 1880 uam
913 1839 1030 1903 pugna,
1046 1816 1087 1880 ad
1106 1817 1203 1882 mille
1222 1829 1258 1883 et
1277 1816 1387 1882 duoent'

332 1906 386 1974 ‚de
404 1904 546 1970 exercitu
564 1903 701 1968 consulis
720 1905 787 1968 inte
815 1903 897 1967 ecti:
921 1903 956 1966 in
976 1915 1078 1967 casua
1100 1904 1235 1990 trepide
1258 1905 1386 1970 rditum

346 1990 464 2078 Neque
479 2013 663 2078 oppugnare
679 2003 785 2054 tamen
800 2012 838 2054 ea
851 1989 957 2054 hostes
971 1989 1048 2052 ausi.
1097 1988 1266 2054 Cetenrm
1281 1991 1388 2056 m'lendn

367 2079 508 2143 roximae
523 2077 625 2142 noctis
639 2075 797 2164 profectus
812 2075 887 2140 inde
901 2076 1021 2152 consul,
1036 2076 1220 2162 praemisso
1234 2078 1347 2142 nuntio
1359 2075 1389 2138 al

345 2101 383 2228 l'.
408 2163 569 2228 Licinium
597 2163 829 2249 proconsulem,
861 2175 898 2227 ut
926 2185 997 2226 suas
1025 2161 1173 2248 legiones
1208 2163 1388 2234 admoveret¹

346 2272 383 2314 co
407 2251 452 2314 ias
473 2250 647 2314 coniunxit.
694 2249 744 2313 Ita
763 2249 828 2314 duo
847 2248 954 2325 duces,
970 2247 1034 2312 duo
1055 2249 1226 2314 exercitus
1249 2249 1295 2314 ad
1315 2249 1390 2314 Han

346 2273 482 2401 nipalem
502 2335 672 2400 redieruut.
719 2334 791 2400 Nec
809 2357 898 2399 mora
911 2333 1085 2398 dimicandi
1102 2334 1193 2400 facta
1211 2351 1282 2400 est:
1307 2357 1389 2423 quum

345 2423 468 2487 consuli
483 2422 660 2509 duplicatae
675 2421 766 2498 vires,
784 2421 894 2486 Poeno
908 2443 1019 2485 recens
1033 2420 1168 2484 victoria
1184 2423 1302 2486 animo
1314 2427 1402 2486 &st-⁶

346 2507 387 2572 In
408 2509 542 2594 primam
565 2509 665 2572 aciem
687 2530 759 2572 suas
782 2507 924 2594 legiones
949 2505 1157 2593 Sempronius
1183 2507 1338 2572 induxit:
1364 2507 1388 2568 in

347 2593 493 2657 subsidiis
522 2594 642 2658 locatae
671 2593 708 2658 P.
733 2593 851 2658 Licinii
881 2593 1030 2680 legiones.
1083 2591 1218 2658 Consul
1248 2593 1388 2681 principis

369 2701 472 2764 ugnas
509 2679 621 2744 aedem
651 2680 808 2745 Fortunae
839 2679 1050 2766 Primigeniae
1079 2679 1181 2754 vovit,
1215 2681 1243 2744 si
1280 2704 1320 2745 eo
1348 2679 1403 2742 dies

347 2701 452 2828 liostes
471 2765 621 2830 fudisset:
649 2787 842 2852 composque
860 2766 929 2830 eins
945 2765 1012 2829 voti
1029 2764 1098 2828 fuit.
1146 2764 1230 2830 Fusi
1249 2789 1290 2832 ac
1306 2765 1388 2852 frum

346 2849 464 2915 Poeni:
498 2873 592 2938 supra
621 2866 771 2952 quatmor
800 2850 899 2916 millia
927 2863 1117 2916 armatorum
1147 2873 1265 2917 caesa:
1298 2851 1388 2940 pulo

346 2937 450 3002 minus
469 2939 602 3002 trecenti
618 2939 681 3003 vrvi
698 2938 793 3027 capti,
813 2949 846 3002 et
863 2937 938 3023 equi
956 2937 1178 3036 quadraginta,
1197 2953 1233 3002 et
1252 2938 1386 3003 undeinn

346 3015 493 3089 militaria
513 3025 611 3110 signa.
657 3023 825 3089 Perculsus
842 3023 974 3088 adverso
990 3022 1110 3110 proeho
1127 3021 1304 3090 Hannibal
1323 3023 1386 3089 Cru-

346 3121 455 3174 tonem
470 3111 645 3175 exercitum
662 3111 803 3174 abduxit.

188 3199 317 3250 uomens:
390 3195 514 3261 Eodem
544 3210 685 3284 tempore
713 3195 763 3297 M.
790 3196 959 3261 Cornelius
985 3195 1094 3260 consul
1120 3196 1156 3259 in
1184 3197 1291 3262 altera
1314 3209 1385 3284 parts
1429 3213 1430 3246 l

187 3264 248 3375 332
258 3263 331 3376 {tzur
346 3278 455 3347 Italiae
476 3305 541 3348 non
559 3296 624 3347 tam
645 3305 748 3360 armis,
763 3305 859 3432 (guam
880 3282 1071 3346 iudiciorum
1085 3293 1222 3362 terrore,
1239 3283 1386 3348 Etruriam

188 3391 330 3440 ficioeonti-
345 3368 498 3446 continet,
515 3381 613 3433 totam
633 3368 769 3434 sermea
810 3367 996 3455 Magonem,
1012 3391 1048 3432 ac
1067 3390 1126 3454 per
1146 3391 1228 3432 eum
1251 3371 1294 3433 ad
1311 3387 1387 3455 spem

186 3460 236 3503 net.
344 3453 484 3519 novandi
503 3477 563 3530 res,
578 3477 708 3519 versam.
755 3453 818 3518 Eas
836 3455 1037 3541 quaestiones
1055 3476 1096 3517 ex
1118 3453 1388 3520 senatusconsrltn

344 3540 475 3605 minime
500 3541 665 3606 ambitiose
691 3541 821 3605 habuit:
850 3540 1007 3626 multique
1030 3537 1153 3605 nobiles
1176 3539 1317 3618 Etmeci,
1337 3537 1401 3625 qui¹

375 3715 391 3764 6
407 3718 481 3766 Mitte
496 3717 615 3767 durantes
631 3716 712 3778 θυμω]
730 3715 761 3764 el.
776 3714 849 3776 Supr.
914 3730 931 3779 9
946 3717 1072 3765 Fortunae
1082 3717 1273 3778 Petulantiae]
1291 3719 1391 3766 Fortun

343 3779 402 3826 xxii.
415 3793 453 3841 54.
881 3780 1037 3841 Primigenia
1044 3778 1110 3827 dicta
1118 3778 1390 3844 ennumquam

378 3856 391 3904 7
407 3845 553 3904 Apmt'm'bru
578 3845 664 3905 mepta,
685 3859 758 3906 quam
782 3843 848 3902 aeia]
882 3857 952 3890 mum
966 3843 1030 3892 natis
1043 3843 1128 3892 adata
1143 3845 1298 3892 crederetur¹
1332 3843 1390 3892 fle:

345 3906 492 3967 legionibus
509 3907 590 3969 potius
608 3907 698 3964 itineri,
713 3920 788 3967 quarn
805 3921 849 3968 pu·
882 3907 1004 3968 templum
1020 3905 1156 3968 antiquitus
1169 3909 1323 3958 vendiderat
1337 3911 1390 3956 dica

343 3983 406 4031 gnae
416 3969 546 4020 instructis
564 3971 594 4018 cf.
605 3985 671 4032 supr.
682 3969 733 4017 xxi.
746 3981 784 4032 57.
883 3977 999 4032 seratque
1015 3969 1112 4018 Servius
1128 3971 1241 4030 Tullius,
1251 3979 1321 4022 teste
1335 3973 1391 4020 riu

375 4033 391 4080 8
407 4035 491 4082 Poeno
504 4049 588 4084 naam
601 4036 703 4083 uictoria
717 4036 799 4082 animo
815 4049 850 4082 aa·
882 4033 908 4082 in
917 4034 968 4090 Qu.
978 4035 1052 4082 Rom.
1084 4034 1204 4083 Ceterum
1216 4037 1347 4086 dedicatio
1357 4036 1390 4082 te

342 4097 390 4155 sat]
411 4097 501 4144 Animo
520 4096 578 4144 osui
596 4103 665 4145 sexto
683 4097 788 4158 positum
806 4111 850 4158 pro
882 4096 922 4146 ius
932 4098 1000 4146 aedis
1012 4097 1066 4146 infr.
1078 4097 1163 4148 xxxiv.
1175 4109 1217 4160 53.
1230 4108 1355 4150 narrum

342 4161 370 4206 ἐπ
397 4161 478 4207 aalma
500 4158 575 4206 habet
596 4159 723 4208 Drakenb.
743 4167 851 4208 ceterum
918 4164 1054 4210 th‘at'me
1074 4163 1213 4223 umora]
1242 4165 1287 4214 lta
1311 4173 1339 4212 ut
1361 4178 1390 4210 ne
1425 4219 1426 4222 Ἴ

342 4223 424 4269 aalma
446 4237 497 4270 etas
515 4235 564 4268 non
585 4223 613 4269 ln
634 4225 715 4271 anima
739 4239 797 4283 esse,
816 4237 849 4272 se.
883 4223 955 4272 minis
968 4225 1069 4286 gratiam
1086 4231 1208 4287 captaret,
1219 4229 1262 4276 aad
1280 4229 1392 4288 mimate

342 4282 426 4330 animo
441 4283 569 4341 obversari,
583 4286 625 4332 sed
640 4287 721 4334 anano
735 4289 850 4336 sumendo
882 4287 997 4336 meritum
1015 4295 1111 4336 tantum
1128 4296 1265 4350 spectaret.
1283 4295 1319 4343 d.
1337 4305 1392 4352 stip.

342 4358 401 4402 etet,
411 4347 597 4404 animotsaoere
607 4347 721 4409 intelligit
733 4349 808 4398 Doer.
885 4349 921 4400 16.
938 4353 1060 4414 supteno
1070 4389 1076 4401 .
1088 4387 1095 4401 .
1107 4387 1113 4400 .
1123 4353 1235 4404 ambitio.
