3002 4798
408 205 625 273 LIB.·XXI.
658 202 768 272 CAP.
794 207 842 272 17.
1110 212 1148 274 15

94 346 282 430 sioremque
297 366 404 408 secum
419 365 639 432 congressum
662 365 723 408 nec
737 365 805 407 rem
821 341 999 408 Romanam
1015 358 1079 418 tam
1093 344 1150 410 de·
1160 354 1195 405 u.
1206 355 1236 405 ο.
1248 367 1303 418 534.

94 431 204 496 sidem
221 453 364 518 unquam
377 430 473 496 fuisse
488 443 584 518 atque
599 429 768 495 imbellem.
816 428 940 507 Sardos,
958 429 1149 518 Corsosque,
1161 422 1190 470 ὦ
1207 421 1237 470 ⁰·
1249 421 1306 470 ³¹⁸·

70 532 132 583 set
147 517 259 595 Istros,
274 529 371 604 atque
390 515 526 606 Illyrios,
542 517 699 581 lacerasse
719 538 752 580 m
793 516 801 530 ⁰
844 539 941 603 quam
960 519 1149 597 exercuisse,

72 605 254 670 tRomana
274 626 377 669 arma:
402 618 529 669 etcum
553 601 655 668 Gallis
676 615 744 668 tum
780 616 902 668 tuatum
924 605 1038 682 verius,
1054 627 1151 706 quam

71 691 334 780 fibelligeretum.
362 690 518 768 Poenum,
534 690 658 755 hostem
671 703 865 768 veteranum,
881 691 977 755 trium
992 703 1025 756 et
1039 693 1153 779 viginti

98 801 264 844 annorum
285 777 398 842 militia
423 776 589 842 durissima
609 776 694 840 inter
716 774 874 863 Hispanas
917 775 1006 842 entes
1027 801 1154 866 semper

98 865 270 941 victorem,
296 864 434 951 primum
464 862 656 940 Hamilcare,
682 862 800 927 deinde
830 861 898 927 Hes
959 863 1039 941 bale,
1065 887 1152 929 nunc

75 949 291 1016 ⁷Hannibale
313 949 394 1015 duce
417 950 568 1014 acerrimo
591 960 760 1026 assuetum,
781 962 942 1013 recentem
964 950 1005 1014 ab
1026 951 1153 1016 excidio

100 1035 364 1126 opulentissimae
386 1036 482 1114 urbis,
505 1035 636 1101 Iberum
657 1035 805 1100 transire:
830 1033 954 1100 trahere
975 1059 1084 1102 secum
1106 1049 1154 1100 tot

101 1124 230 1190 excitos
290 1122 297 1136 “
356 1145 468 1188 norum
490 1121 641 1210 populos:
680 1122 879 1186 conciturum
901 1121 1008 1187 avidas
1029 1145 1154 1211 semper

102 1231 269 1276 armorum
330 1208 435 1274 allieas
460 1221 579 1297 gentes.
641 1206 727 1273 Cum
753 1209 828 1273 orbe
854 1221 1006 1273 terrarum
1032 1209 1153 1275 bellum

103 1296 286 1386 gerendum
300 1295 335 1360 in
350 1295 442 1361 Italia
455 1319 492 1360 ac
506 1318 564 1383 pro
579 1295 745 1360 moenibus
760 1294 914 1360 Romanis
928 1317 1004 1360 esse.

78 1394 96 1442 8
153 1382 347 1448 Nominatus
362 1382 539 1448 iam-antea
558 1381 738 1446 consulibus
757 1381 938 1469 provinciae
953 1395 1061 1458 erant3
1086 1395 1153 1446 tum
1218 1385 1267 1450 17.

105 1470 216 1535 sortiri
230 1469 314 1534 iussi.
341 1466 492 1534 Cornelio
507 1468 673 1555 Hispania,
691 1467 878 1555 Sempronio
893 1467 1003 1532 Africa
1016 1490 1089 1532 cum
1107 1467 1156 1532 Si·
1165 1470 1230 1520 Belli
1244 1485 1319 1534 ῑῑιψῡΓ

34 1620 41 1636 ,
105 1557 184 1622 cilia
198 1556 315 1621 evenit.
361 1555 427 1620 Sex
448 1555 482 1618 in
503 1577 576 1620 eum
592 1577 711 1620 annum
725 1553 871 1620 decretae
886 1554 1036 1642 legiones,
1052 1567 1085 1619 et
1105 1535 1309 1650 sefflffl

105 1644 196 1708 ciirm
209 1641 365 1730 quantuni
375 1641 451 1742 ipsis
462 1641 631 1719 videretur,
642 1655 676 1706 et
685 1640 790 1706 classis
800 1654 919 1729 quanta
929 1641 1031 1728 parari
1041 1655 1154 1728 posset.

110 1729 276 1806 Quattuor
286 1741 319 1792 et
328 1729 441 1816 vigrnti
452 1727 596 1816 peditum
608 1727 826 1792 Romanorum
837 1727 936 1791 millia
946 1740 1020 1792 sunt
1031 1728 1155 1827 scripta,

106 1830 144 1880 et
166 1815 253 1879 mille
276 1814 450 1902 octingenti
472 1837 490 1878 e
514 1815 612 1879 uites:
651 1814 808 1878 sociorum
829 1813 1038 1902 quadraginta
1059 1814 1159 1878 millia

153 1901 270 1980 ditum,
291 1913 442 1988 quattuor
463 1838 562 1965 sillia
583 1914 616 1965 et
637 1899 861 1988 quadringenti
882 1901 1022 1987 equites:
1061 1921 1158 1966 naves

83 2005 101 2052 9
136 2001 270 2054 ucentae
291 1987 405 2073 viginti
431 1987 686 2074 quinqueremes,
709 1986 830 2052 celoces
851 1987 964 2074 viginti
992 1987 1156 2052 deductae.

111 2075 233 2141 latum
255 2073 331 2138 inde
353 2072 395 2136 ad
415 2073 580 2160 populum,
604 2072 758 2149 ‘vellentf
765 2073 920 2150 iuberent,
936 2073 1054 2160 populo
1079 2072 1159 2139 Car·

112 2171 124 2202 ‘
136 2160 326 2248 theginiensi
340 2159 460 2224 bellum
474 2159 593 2223 indici.'
619 2157 761 2245 Eiusque
776 2158 851 2223 belli
865 2181 958 2223 causa
972 2181 1009 2222 su
1054 2159 1159 2224 licatio

112 2271 175 2337 per
195 2247 305 2311 urbem
326 2245 444 2323 habita,
468 2259 563 2332 atque
586 2244 707 2309 adorati
729 2243 784 2321 dii,
805 2257 842 2308 ut
863 2245 944 2308 bene
967 2266 1004 2308 ec
1039 2244 1161 2310 eliciter

113 2333 268 2411 eveniret,
291 2332 378 2420 quod
400 2331 519 2396 bellum
540 2329 676 2419 populus
699 2330 862 2396 Romanus
879 2329 1027 2396 iussisset.
1072 2330 1162 2397 Inter

114 2419 262 2486 consules
290 2419 335 2484 ita
363 2419 472 2507 copiae
502 2417 628 2482 divisae.
685 2415 872 2505 Sempronio
901 2417 992 2482 datae
1021 2417 1161 2506 legiones

113 2507 208 2585 duee,
224 2505 278 2594 (ea
292 2518 445 2592 quaterna
458 2505 557 2570 millia
571 2516 662 2570 erant
675 2504 829 2592 peditum,
842 2517 876 2569 et
889 2504 1008 2570 treceni
1023 2503 1162 2592 equites)

114 2607 150 2658 et
168 2593 325 2658 sociorum
345 2592 507 2658 sexdecim
526 2591 626 2656 millia
646 2590 799 2678 peditum,
816 2592 939 2679 equites
958 2591 1045 2656 mille
1060 2593 1162 2657 octin-

157 2680 222 2744 nti:
246 2701 342 2744 naves
362 2678 476 2779 longae
497 2690 626 2744 centum
648 2678 821 2764 sexaginta,
839 2677 961 2742 celoces
981 2677 1160 2744 duodecim.

114 2703 207 2832 {lcum
227 2765 277 2830 his
299 2765 498 2831 terrestribus
519 2764 747 2851 maritimisque
770 2763 869 2851 copiis
891 2763 941 2828 Ti
957 2763 1171 2864 Semproniusv

115 2854 229 2918 missus
244 2853 278 2916 in
295 2851 433 2916 Siciliam
442 2875 451 2928 3
475 2850 521 2915 ita
538 2849 574 2913 in
594 2849 735 2914 Africam
755 2851 1000 2927 transmissurus,
1016 2873 1043 2914 ει
1057 2850 1099 2914 ad
1113 2873 1162 2914 ar-

117 2938 257 3005 cendum
278 2937 372 3004 Italia
385 2938 531 3002 Poenum
553 2935 663 3002 consul
685 2936 765 3000 alter
784 2937 858 3000 satis
873 2948 962 3001 esset.
1010 2933 1162 3002 Cornelio

93 3026 224 3090 iminus
246 3047 283 3089 co
305 3023 407 3089 iarum
436 3024 556 3101 datum,
579 3023 656 3124 quia
677 3021 715 3087 L.
729 3021 870 3088 Manlius
891 3033 1020 3122 praetor
1040 3020 1105 3088 eti

90 3133 194 3178 acum
207 3109 272 3176 hau
307 3109 446 3175 invalido
464 3110 622 3198 praesidio
642 3109 676 3174 in
699 3107 837 3174 Galliam
856 3111 1048 3174 mittebatur.
1130 3132 1163 3173 a·

1011 3203 1029 3233 0
1205 3217 1210 3224 .

152 3343 170 3386 4
184 3324 319 3374 masse
329 3324 417 3386 maffia]
436 3323 502 3372 Cum
515 3320 554 3370 bis
564 3319 627 3368 inter
690 3334 706 3382 9
724 3319 829 3377 Ocima]
847 3317 926 3366 Leria
939 3319 1037 3380 navigia
1050 3319 1103 3368 sine
1114 3334 1162 3369 ros-

118 3389 214 3439 bellum
232 3386 354 3436 Punicum
371 3387 478 3451 primum
498 3391 523 3435 et
541 3399 626 3458 secum
658 3383 708 3430 tria
725 3383 805 3431 cmv.
846 3446 851 3458 Ι

120 3455 180 3503 dum
189 3451 297 3500 Romani
306 3450 627 3513 ballngessereni,lacessttr
694 3447 882 3494 1L.Manbaa
897 3447 1010 3507 metor]
1037 3445 1164 3495 Praetores

120 3515 206 3580 magis,
226 3531 258 3565 ne
279 3515 440 3578 quiescerent,
460 3529 534 3576 quam
554 3511 628 3562 amris
659 3511 706 3559 hoc
724 3508 910 3569 innotuerunt,
926 3514 953 3557 ut
971 3524 1001 3556 ex
1017 3509 1088 3557 ruiis
1100 3508 1164 3558 Livii

120 3580 228 3630 exerciti.
575 3623 579 3628 ,
660 3573 721 3622 locis
731 3571 860 3634 colligitur,
872 3573 901 3621 L.
909 3573 1018 3622 Manlius
1029 3573 1117 3632 vnto,
1126 3573 1163 3622 M.

132 3657 168 3722 Ι,5
180 3645 243 3720 curn
254 3645 345 3704 Gallia]
357 3640 548 3717 Cisalpiniaqui
560 3655 627 3716 proe
660 3637 781 3688 Aemilius
800 3637 917 3712 Lepidus,
933 3637 962 3686 0.
974 3636 1066 3686 Atilius
1084 3637 1164 3686 Serru-

121 3709 445 3834 llslffildlfflm*
464 3720 538 3769 ‘¹³⁸⁸'
559 3711 629 3754 ’Μ’
660 3700 1164 3840 ttffltr.ltf:ttt,vtss¹t..itttt:

154 3835 170 3886 6
188 3839 272 3885 lidum
285 3843 310 3884 at
323 3836 412 3897 viginti
425 3833 560 3892 enacmin]
578 3833 628 3881 Tot
660 3831 719 3879 liam
737 3831 901 3880 obtinuerunt.
934 3830 963 3880 C.
975 3829 1053 3878 Atilio
1070 3829 1166 3879 videtur

122 3899 188 3950 enim
198 3899 256 3948 anni
266 3898 447 3962 interprimunt
459 3903 484 3946 at
494 3897 628 3946 secundum
660 3895 739 3958 primo
754 3893 867 3957 obtigisse
881 3892 1007 3957 peregrina
1022 3893 1166 3954 iurisdictio,

122 3963 216 4014 bellum
228 3963 351 4012 Punicum
361 3961 529 4010 interfuerant.
660 3959 758 4018 deinde,
773 3957 955 4021 ingravescente
971 3957 1046 4017 bello,
1058 3957 1165 4021 Ligures.

158 4039 171 4092 7
182 4029 325 4088 Auuetum]
338 4042 371 4076 sc.
382 4027 523 4076 Βανίεείωα
533 4025 631 4083 militia,
662 4023 691 4074 C.
703 4021 833 4071 Terentius
843 4022 960 4070 urbanam
974 4020 1166 4072 iurisdictionem

122 4093 230 4144 ablativo
240 4092 282 4141 rei.
662 4087 768 4145 sortitus,
787 4091 822 4145 et,
838 4085 938 4134 abmnta
955 4085 1041 4145 Atilio,
1062 4087 1166 4148 peregri·

155 4157 172 4205 8
196 4159 257 4206 lien
282 4157 366 4206 sortiti
391 4155 465 4228 tutet]
494 4153 572 4203 lucar
598 4167 630 4201 ex
661 4148 965 4224 namquoqueexarcuisse
974 4149 1166 4200 viridunensi.

123 4219 630 4398 ,tutttttssfflttrtttttmtt
662 4215 890 4337 cf‘fil'cliii-3...]
908 4276 1067 4338 cerpus...
