3002 4798
360 210 451 277 LIB.
481 211 594 278 xxlt
628 211 739 278 CAP.
766 218 814 277 16.
1074 213 1112 279 77

61 363 142 424 tem,
158 347 215 410 ubi
230 367 326 433 vagos
347 347 462 432 passim
484 369 542 434 per
560 347 647 412 vicos
667 345 826 412 Numidas
840 347 930 425 vidit,
945 371 1003 435 per
1024 369 1114 412 ocea-
1124 365 1158 414 U.
1169 365 1199 414 c.
1212 374 1267 425 535·

61 435 188 498 sionem
203 433 299 498 etiam
319 455 436 520 paucoe
456 434 580 498 occidit.
627 433 799 523 Extemplo
821 449 992 523 occupatus
1013 431 1154 500 certe-A·
1171 430 1201 479 ⁰·
1214 439 1269 488 ²¹⁷·

62 520 154 584 mine
171 532 221 584 est
241 519 374 598 animm,
390 521 641 608 excideruntque
662 535 830 609 praecepta
843 522 1023 598 dictatoris3
1047 523 1114 610 qui,

62 619 225 694 quantum
240 617 309 671 tuto
329 619 443 694 posset,
460 629 658 695 progressum
678 609 765 695 prins
779 608 919 696 recipere
934 631 1001 673 sese
1017 609 1114 674 iusse-
1210 667 1213 674 .

61 707 123 770 rat,
140 715 239 780 quam
260 693 521 781 inconspectum
543 694 682 760 hostium
696 696 827 760 veniret.
873 695 1045 772 Numidae,
1062 696 1116 761 alii

62 793 164 866 atque
179 779 234 844 alii
248 793 447 845 occursantes
458 780 722 868 refirgientesque,
735 781 776 846 ad
787 795 888 860 castra
898 805 997 869 prope
1012 783 1116 869 ipsum

62 891 143 932 eum
158 867 341 954 fatigatione
357 889 511 953 equorum
526 881 621 954 atque
636 867 803 933 hominum
817 882 1007 955 pertraxere.
1035 868 1116 934 Inde

66 953 235 1030 Carthalo,
250 976 348 1040 penes
363 976 459 1040 quem
479 977 602 1018 summa
622 955 761 1040 equestri
779 955 903 1040 imperii
919 967 995 1032 erat,
1011 957 1118 1020 eonci-
1230 977 1232 981 ·

63 1041 143 1106 tatis
163 1041 254 1126 equis
275 1039 428 1118 invectus,
445 1063 545 1127 quum
566 1041 662 1128 prius,
679 1063 774 1129 quam
797 1041 838 1106 ad
859 1043 1039 1106 coniectum
1062 1042 1118 1106 teli

62 1127 203 1203 veniret,
220 1127 381 1192 avertisset
400 1127 533 1205 hostem,
550 1128 692 1214 quinque
712 1127 811 1192 millia
828 1127 926 1194 ferme
941 1128 1119 1194 continenti

63 1237 166 1279 cursu
180 1225 306 1278 secutus
320 1225 368 1278 est
381 1213 546 1300 fugientea
592 1213 773 1293 Mancinus,
790 1227 957 1365 postpuam
971 1237 1031 1280 nec
1045 1215 1120 1280 hos·

66 1315 139 1366 tem
155 1300 304 1400 desistere
324 1300 424 1387 sequi,
439 1323 500 1365 nec
519 1323 608 1400 spem
625 1300 706 1366 vidit
721 1302 858 1402 effugien
883 1303 894 1365 i
914 1325 991 1379 esse,
1007 1301 1120 1367 cohor·

66 1401 158 1452 tatus
179 1409 252 1451 suos
273 1409 308 1451 1n
332 1386 488 1474 proelium
517 1386 621 1464 rediit,
644 1411 731 1452 omnr
753 1401 841 1475 parte
863 1389 979 1454 virium
1008 1388 1117 1474 impar.

67 1474 189 1560 Itaque
212 1473 290 1560 ipse,
312 1485 346 1538 et
367 1473 483 1538 delecti
504 1474 660 1560 equitum,
682 1475 889 1539 circumventi
912 1473 1117 1540 occiduntur:

66 1561 171 1628 ceteri
186 1559 285 1624 effuso
300 1583 405 1625 rursus
425 1583 519 1624 cursu
541 1559 635 1626 Cales
654 1561 803 1648 primum,
818 1560 893 1626 inde
913 1584 1012 1649 prope
1027 1561 1122 1627 inviis

68 1647 208 1714 callibus
222 1646 263 1710 ad
278 1645 463 1712 dictatorem
475 1647 692 1747 perlirgerrmt.

117 1733 169 1799 Eo
183 1733 263 1797 forte
283 1732 336 1799 die
357 1733 522 1798 Minucrus
541 1757 574 1798 sa
596 1735 805 1800 coniunxerat
825 1734 933 1813 Fabio,
948 1735 1060 1800 missus
1079 1734 1121 1800 ad

67 1820 267 1887 firmandum
281 1819 436 1907 praesidio
450 1820 574 1898 saltum,
587 1822 643 1909 qui
657 1843 753 1908 super
767 1821 982 1898 Tarracinam,
994 1823 1029 1886 in
1040 1838 1121 1886 artas

39 1921 203 1974 4coactus
217 1907 332 1984 fauces,
348 1906 494 1972 imminet
512 1908 601 1985 mari,
616 1930 668 1985 ue,
683 1907 852 1972 immunito
868 1908 993 1996 Appiae
1009 1908 1121 1987 limite,

68 1995 205 2060 Poenus
218 1995 383 2080 pervenire
399 1993 433 2057 in
447 2017 558 2081 agrum
574 1994 756 2059 Romanum
771 2007 884 2082 pomet.
931 1993 1123 2060 Coniunctis

68 2080 267 2147 exercitibus
292 2080 428 2146 dictator
449 2103 487 2146 ac
510 2082 659 2168 magister
682 2080 827 2168 equitum
853 2093 954 2145 castra
979 2081 1014 2144 in
1038 2081 1123 2146 viam

68 2169 233 2243 deferrmt,
256 2189 322 2253 qua
342 2166 506 2232 Hannibal
527 2166 680 2232 ducturus
701 2181 777 2232 erat.
828 2167 906 2231 Duo
927 2167 1002 2231 inde
1024 2165 1124 2230 millia

68 2256 182 2320 hostes
202 2253 342 2318 aberant
388 2252 519 2318 Postero
541 2253 593 2319 die
616 2253 728 2332 Poeni,
744 2253 831 2340 quod
853 2253 921 2318 viae
943 2253 1026 2318 inter
1048 2253 1124 2318 bina
1186 2263 1234 2324 16.

69 2353 178 2407 castra
197 2353 273 2417 erat,
288 2339 412 2427 agmine
433 2363 503 2404 com
526 2340 638 2404 lesere.
687 2338 798 2414 Quum
821 2339 960 2404 Romani
980 2341 1039 2404 sub
1054 2340 1122 2427 ipso
1132 2347 1252 2408 laqueare

70 2427 291 2494 constitiment
317 2425 409 2504 vallo,
439 2363 527 2492 haud
555 2426 651 2492 dubie
686 2426 834 2514 aequiore
863 2426 944 2504 loca,
974 2416 1261 2492 suceessitoemffi·

44 2529 185 2582 5tameu
200 2512 328 2578 Poenus
342 2536 416 2578 cum
436 2513 593 2601 expeditis
612 2513 782 2600 equitibus,
797 2525 892 2601 atque
913 2514 954 2578 ad
968 2513 1123 2578 lacessen-

72 2602 155 2666 dum
181 2600 307 2665 hostem
328 2601 462 2700 carptim
483 2613 516 2665 et
536 2599 749 2686 procursando
777 2601 1024 2688 recipiendoque
1054 2623 1122 2666 sese

72 2709 268 2776 pugnavere.
308 2686 439 2751 Restitit
452 2709 509 2751 suo
524 2686 594 2752 loco
609 2685 755 2752 Romana
769 2687 860 2752 acies.
896 2687 1002 2752 Lenta
1015 2685 1124 2775 pugna

73 2787 174 2840 etex
196 2773 357 2838 dictatoris
385 2773 494 2860 magis,
517 2796 613 2873 quam
639 2771 837 2852 Hannibalis,
860 2774 921 2840 firit
949 2774 1121 2840 voluntate.

74 2861 222 2926 Ducenti
238 2861 276 2924 ab
293 2859 457 2938 Romanis,
473 2860 647 2947 octmgenti
662 2859 800 2925 hostium
815 2860 968 2926 cecidere.

121 2947 269 3013 Inclusus
283 2945 357 3011 inde
373 2945 473 3011 viderl
487 2945 659 3023 Hannibal,
674 2947 725 3011 vla
739 2946 781 3011 ad
797 2945 973 3012 Casilinum
983 2948 1120 3012 obsessa:
1134 2959 1247 3032 Inclusus

75 3057 181 3122 quum
197 3032 311 3120 Capua
330 3045 363 3098 et
385 3032 558 3111 Samnium,
573 3045 607 3098 et
621 3046 745 3098 tantum
764 3033 804 3098 ab
819 3045 851 3098 te
923 3033 1059 3097 divitum
1073 3057 1123 3099 so-
1133 3022 1260 3134 Hanmpal

64 3121 202 3188 ‚ciorum
225 3119 378 3184 Romanis
407 3132 600 3184 commeatus
621 3119 826 3196 subveheret3
894 3141 993 3184 oenus
1014 3102 1217 3200 contraffl‘p
1227 3090 1276 3135 reat

75 3209 165 3272 inter
179 3204 346 3271 Formiana
359 3229 434 3271 saxa
445 3229 481 3270 ac
496 3205 620 3270 Literni
631 3229 741 3271 arenas
755 3229 769 3270 a
888 3228 928 3269 ue
981 3206 1125 3271 rhorrida

76 3293 144 3358 situ
160 3292 381 3358 bibematurus
402 3305 492 3358 esset.
538 3291 611 3357 Nec
633 3218 930 3356 fflmibaffiefe
955 3293 989 3369 it,
1005 3293 1069 3356 suis
1090 3315 1124 3356 se

76 3379 200 3445 artibus
222 3380 297 3467 peti.
351 3377 474 3466 Itaque,
501 3401 600 3467 quum
623 3401 681 3465 per
704 3377 878 3444 Casilinum
901 3377 1035 3444 evadere
1059 3400 1126 3442 non

50 3479 196 3555 oposset,
207 3466 401 3616 petendiflue
416 3477 539 3532 montes
550 3478 584 3530 et
597 3464 707 3552 iugum
724 3462 898 3530 Calliculae
910 3465 1125 3551 superandum

77 3568 182 3630 esset3
206 3553 320 3618 necubi
370 3575 502 3618 omanus
521 3551 678 3617 inclusum
696 3550 830 3616 vallibus
844 3573 959 3638 agmen
973 3552 1126 3638 aggrede-

80 3657 179 3716 retur,
194 3639 366 3704 ludibrium
384 3639 556 3716 oculorum,
572 3639 676 3725 specie
693 3637 841 3715 terribile,
857 3637 898 3702 ad
912 3637 1125 3703 frustrandum

77 3727 205 3792 bostem
225 3737 433 3804 commentus,
455 3725 610 3814 principio
638 3726 741 3791 noctis
761 3724 871 3790 furtim
892 3725 1061 3790 succedere
1083 3724 1125 3790 ad

113 3976 474 4039 41mmuattoApptaelimite]
483 3973 588 4024 Silimes
620 3974 669 4023 Pro
683 3977 787 4038 carpam
798 3973 926 4024 Baikarus
940 3977 1007 4038 capti
1022 3977 1126 4039 impetus

80 4041 181 4106 Appiae
194 4042 256 4101 riae,
272 4041 351 4089 ferens
360 4041 399 4100 ,ab
415 4039 546 4088 Tarracina
562 4038 588 4086 in
620 4055 651 4086 ex
662 4041 758 4088 emend.
770 4038 878 4088 Gronov.
889 4040 1004 4102 repomit.

81 4107 225 4156 Romanum
241 4120 336 4168 agrum,
345 4103 454 4152 munitus
468 4101 588 4166 praecidio
652 4101 668 4152 6
683 4107 773 4165 lupum
784 4103 931 4162 maenae]
951 4103 1026 4160 Quod
1041 4105 1126 4152 Faler-

80 4187 132 4220 non
146 4175 217 4220 anet.
234 4170 315 4219 cm.
347 4169 463 4218 Cetemm
474 4169 588 4216 abSinu·
620 4182 679 4216 num
702 4182 787 4230 agrum
807 4184 823 4216 a
843 4167 1007 4230 septentrione
1026 4167 1127 4228 claudit,

81 4251 136 4286 aaa
146 4251 179 4284 ex
189 4235 286 4282 emend.
294 4231 400 4282 Gronov.
409 4247 454 4295 pro
463 4233 590 4280 &munita
621 4235 647 4280 et
659 4246 733 4293 supra
746 4247 819 4294 quem
834 4237 872 4280 est
887 4231 997 4294 Campus
1011 4231 1127 4282 Stellatis.

82 4298 192 4362 reposuit
203 4297 310 4347 Bekker.
623 4295 687 4343 Rue.

117 4377 130 4424 5
148 4364 191 4411 Ad
200 4363 362 4412 acuendum
373 4361 462 4410 borma
472 4361 588 4422 carptim]
