2878 4772
319 246 416 312 LIB.
440 245 606 313 XXVIII.
640 245 752 314 CAP.
779 253 829 313 16.
1034 253 1099 316 419

52 380 154 458 minis,
169 379 211 444 ad
227 379 394 447 Oceanum
408 381 517 447 flectit.
565 381 685 446 Etiam
704 383 780 448 inde
794 383 988 470 fisgientium
1002 384 1098 450 modo
1108 401 1141 451 U.
1154 401 1184 452 c,
1200 401 1255 464 546·

51 467 142 530 effusi
167 467 314 545 abibant;
338 467 437 554 idque
460 469 500 533 ab
521 468 700 556 legionibus
724 469 878 535 Romanis
899 470 940 536 ali
965 484 1097 536 uantum
1106 468 1137 515 A.
1155 467 1185 516 ⁰·
1201 463 1256 516 ²0⁶·

50 553 207 618 intervalli
222 553 305 619 fecit
353 554 462 642 Eques
484 553 626 642 levisque
648 571 806 621 armatura
826 579 913 622 nunc
936 581 954 624 a
998 571 1096 646 tergo,
1106 578 1141 628 Et
1151 593 1246 628 aasu-

49 663 137 704 nunc
152 641 192 705 ab
207 640 357 706 lateribus
372 641 576 720 occurrendo,
591 642 742 728 fatigabat
756 645 1017 731 morabaturque:
1042 644 1146 709 sedtu·
1156 643 1245 694 aedit

50 749 150 813 quum
180 727 221 791 ad
252 729 377 792 crebros
406 727 562 793 tumultus
590 729 681 816 signa
709 730 925 808 consisterent,
953 745 986 796 et
1011 753 1098 795 nunc

25 815 218 900 aequestria,
235 837 320 878 nuno
343 837 417 879 cum
432 814 579 880 velitibus
601 815 790 966 auxiliisque
813 817 957 904 peditum
979 817 1100 904 proelia

49 913 261 976 consererent,
277 915 528 988 supervenerunt
542 902 692 988 legiones
743 903 806 966 nde
822 926 887 966 non
902 903 965 968 iam
979 926 1097 991 pugne,

48 986 107 1050 sed
128 986 296 1051 trucidatio
310 986 398 1052 velut
420 1009 571 1074 pecorum
591 989 678 1065 fieri3
703 988 806 1053 donec
828 990 895 1076 ipse
918 989 986 1054 dux
1005 991 1098 1076 fugae

49 1085 162 1137 auctor
182 1073 216 1136 in
238 1074 400 1173 proximos
422 1074 518 1139 colles
537 1097 610 1139 cum
632 1097 688 1139 sex
703 1074 842 1140 millibus
857 1076 955 1140 ferme
970 1077 1099 1141 semier-

48 1159 151 1222 mium
166 1172 272 1224 evasrt
321 1160 431 1225 Ceteri
451 1163 534 1225 caesi
555 1163 712 1261 captique.
761 1161 875 1226 Castra
894 1161 1100 1227 tumultuaria

46 1246 166 1332 raptim
195 1245 297 1310 Poeni
333 1246 456 1311 tumulo
485 1248 659 1313 editissimo
692 1249 968 1313 communierunt:
1002 1264 1099 1335 atque

47 1330 136 1409 inde,
153 1355 252 1419 quum
274 1332 374 1396 hostis
396 1334 609 1421 nequicquam
632 1335 736 1399 subire
758 1335 870 1421 iniquo
892 1357 1023 1400 ascensu
1045 1358 1100 1400 co-

48 1432 144 1482 natus
159 1429 249 1495 esset,
265 1418 351 1483 haud
373 1419 543 1484 difficulter
563 1443 631 1484 sese
651 1421 744 1485 tutati
765 1433 849 1484 sunt.
897 1421 960 1486 Sed
976 1420 1099 1485 obsidio

49 1506 87 1568 in
102 1505 171 1569 loco
186 1505 273 1570 nudo
288 1518 384 1592 atque
399 1506 453 1569 ino
476 1506 488 1568 i
502 1507 556 1569 vix
571 1507 605 1570 in
620 1529 738 1593 paucos
753 1506 821 1572 dies
836 1505 1006 1572 tolerabilis
1020 1518 1096 1571 erat.

49 1590 165 1678 Itaque
181 1592 381 1657 transitiones
396 1591 437 1655 ad
451 1527 574 1656 iiostem
589 1593 717 1661 fiebant.
759 1593 923 1659 Postremo
938 1593 1005 1658 dux
1020 1594 1097 1680 ipse,
1108 1610 1250 1660 Hasdrubal

48 1678 184 1742 navibus
204 1678 350 1765 acceptis,
367 1678 441 1762 (nec
462 1678 573 1766 procul
594 1679 669 1744 inde
691 1681 800 1744 aberat
821 1680 923 1766 mare)
938 1693 1031 1744 nocte
1049 1674 1191 1747 menda
1200 1674 1238 1722 tu-

48 1764 127 1830 licto
142 1765 294 1841 exercitu,
312 1763 420 1829 Gades
439 1765 587 1852 perfugit.
634 1765 751 1852 Scipio,
767 1767 843 1854 fuga
857 1767 945 1831 ducis
959 1767 1098 1832 hostium
1106 1744 1258 1864 idli'pio'rar-

49 1851 170 1928 audita,
182 1850 294 1916 decem
308 1850 408 1915 millia
420 1852 576 1937 peditum,
589 1851 675 1916 mille
687 1853 812 1938 equites
826 1853 978 1952 relinquit
991 1852 1099 1917 Silano
1107 1880 1222 1940 raconem

25 1937 95 2002 rad
109 1951 280 2002 castrorum
295 1937 502 2002 obsidionem
544 1937 617 2024 Ipse
632 1961 705 2002 oum
721 1939 833 2002 ceteris
848 1940 957 2025 copirs,
973 1929 1178 2025 septus-¹²⁶³*

22 2023 179 2112 agesimis
207 2024 325 2101 castris,
352 2025 497 2110 protinus
522 2025 624 2088 causis
649 2023 832 2111 regulorum
861 2023 1100 2110 civitatiumque

49 2110 289 2198 cognoscendis,
317 2123 353 2174 ut
378 2111 518 2197 praemia
543 2111 584 2174 ad
609 2132 716 2174 veram
746 2110 929 2175 meritorum
956 2110 1101 2174 aestima·

49 2199 174 2261 tionem
190 2197 286 2261 tribui
299 2209 438 2283 possent,
455 2196 668 2260 Tarraconem
688 2195 792 2260 rediit.
837 2196 915 2260 Post
932 2195 1102 2283 profectio·
1109 2202 1239 2278 Medum

23 2305 128 2354 anem
155 2283 222 2347 eius
246 2282 424 2360 Masinissa,
445 2305 518 2347 oum
545 2281 654 2347 Silano
679 2281 760 2346 olam
786 2303 980 2369 congressus,
1002 2294 1039 2346 ut
1060 2269 1254 2381 adprecatur

49 2391 137 2435 nova
159 2369 442 2458 consiliagentem
468 2391 597 2456 quoque
623 2390 713 2432 suam
735 2368 937 2432 obedientem
958 2367 1100 2444 haberet,
1150 2345 1237 2382 mm*

21 2478 129 2526 scum
148 2456 258 2543 paucis
276 2455 482 2544 popularibus
501 2456 535 2519 in
552 2454 695 2520 Africam
711 2454 851 2520 traiecit:
875 2476 941 2519 non
956 2467 1021 2518 tam
1036 2454 1103 2518 evi·

50 2542 146 2608 denti
171 2565 210 2607 eo
235 2555 378 2628 tempore
405 2542 526 2606 subitae
554 2541 738 2606 mutationis
760 2563 862 2618 causa,
885 2561 981 2627 quam
1003 2540 1103 2605 docu-

50 2641 166 2693 mento
178 2645 250 2716 post
264 2627 299 2692 id
314 2641 439 2728 tempus
449 2627 719 2693 constantissimae
731 2627 772 2691 ad
784 2627 928 2692 ultimam
942 2640 1103 2692 senectam

50 2715 142 2792 fidei,
169 2737 210 2780 ne
238 2727 306 2779 tum
330 2713 461 2815 qurdem
487 2736 562 2779 eum
588 2715 657 2778 sine
682 2714 837 2800 probabili
862 2735 957 2778 causa
980 2714 1101 2778 secisse.

54 2800 157 2887 Mago
178 2801 264 2878 inde,
279 2801 416 2866 remissis
437 2803 477 2866 ab
500 2799 701 2865 Hasdrubale
722 2801 865 2877 navibus,
883 2798 991 2864 Gades
1012 2799 1101 2886 petit

55 2887 178 2965 Ceteri,
193 2887 311 2952 deserti
331 2889 371 2952 ab
391 2887 536 2964 ducibus,
551 2909 623 2974 pars
643 2887 838 2963 transitione,
855 2885 1024 2972 paraloge,
1040 2884 1104 2948 dis-

51 2975 149 3060 sipati
171 2997 228 3074 per
249 2974 409 3060 proximas
430 2973 573 3039 civitates
594 2984 676 3036 sunt
724 2971 824 3036 Nulla
845 2991 957 3034 manus
971 2991 1105 3035 numero

51 3073 113 3126 aut
126 3060 245 3126 viribus
258 3060 398 3148 insignis

123 3309 279 3372 laetaque
298 3310 421 3372 prditum]
445 3304 567 3368 Hispanis
598 3304 697 3354 dnissse
718 3317 800 3360 eausa,
819 3315 893 3362 quam
913 3297 1107 3348 constantissima

53 3323 161 3432 scilicet,
180 3372 221 3434 qui
243 3373 311 3435 apud
329 3373 455 3421 Romanos
477 3369 566 3418 milita·
599 3373 655 3429 post
671 3367 696 3414 id
713 3369 811 3426 tempus
826 3364 879 3412 eius
895 3363 956 3412 fides
971 3363 1107 3421 doeutne

53 3441 127 3486 bant.
171 3437 306 3485 Observare
332 3451 383 3484 non
412 3433 502 3482 inutile
532 3437 570 3481 est
601 3437 655 3479 tum
683 3427 781 3490 quidem
865 3430 1015 3476 Documento
1035 3428 1107 3487 fidei,
1137 3449 1144 3458 ·

53 3501 157 3550 cucilla
177 3500 273 3562 proprie
293 3505 318 3548 et
341 3500 435 3560 signate
457 3496 505 3545 dici
527 3496 569 3544 ad·
602 3509 646 3557 pro
656 3495 709 3556 fide
724 3493 828 3541 decade.
861 3491 987 3566 Ceterum,
998 3490 1107 3564 quodsd

53 3567 155 3615 iunctas
177 3563 297 3613 Romanis
318 3562 464 3612 exercitibus
485 3559 568 3622 copias
599 3573 651 3607 rem
666 3558 745 3620 ipsam
760 3555 858 3630 attinet,
869 3553 1108 3628 Apprauusmhbro

54 3645 91 3679 ex
106 3627 218 3690 gentibus
232 3626 330 3688 exteris,
340 3641 390 3675 non
402 3641 458 3674 vero
474 3639 504 3673 es
517 3625 567 3673 Ita·
600 3623 631 3670 de
649 3620 720 3669 bellis
737 3619 835 3692 Pumors
852 3618 917 3666 hano
933 3617 1008 3666 furare
1024 3615 1108 3665 scribit

54 3691 115 3742 licia
125 3691 230 3754 populis.
247 3691 328 3741 cuv.
599 3685 746 3735 Masinissae
760 3681 1032 3756 tranastionis'oausem,
1042 3680 1108 3742 quod

96 3756 313 3818 rSsptuaossims's
336 3755 435 3814 ratris]
464 3753 568 3814 Septua-
601 3763 677 3812 quam
692 3747 716 3797 ei
730 3746 871 3796 Hasdrubal
883 3745 998 3819 Gisgoms
1014 3743 1108 3806 Sopho-

54 3821 130 3884 ginta
146 3819 240 3868 ‹tismm
258 3818 353 3868 itinere.
369 3818 400 3866 cl.
412 3831 478 3879 supr.
492 3815 568 3865 xxvii.
601 3813 695 3862 nisbam
705 3811 783 3860 filiam
790 3825 858 3859 suam
865 3809 1041 3872 despondisset,
1050 3809 1109 3857 Car·

58 3885 312 3948 3s.decs'ms'seastrts.
601 3876 765 3940 tlreginienses
779 3871 1108 3934 eam,insoioutroque,Sy·
1172 3889 1174 3892 ·

94 3949 247 3998 errorem
268 3947 349 3996 cauas
430 3957 570 4005 scemmen-
602 3941 675 4004 phaci
692 3942 857 3996 elocaverunt,
875 3941 904 3986 nt
923 3951 1011 4001 paoem
1028 3938 1060 3984 ab
1079 3949 1109 3983 so

56 4013 113 4071 dis]
147 4011 324 4074 cognoscendo
355 4013 381 4056 et
411 4007 571 4069 disceptando
602 4005 756 4054 redimerent.
779 4000 1111 4072 Scdiunctashootempors

57 4089 149 4127 causas
159 4076 297 4137 regulomrn
306 4071 491 4135 civitatumque,
499 4076 573 4133 prout
605 4068 773 4132 Sophonisbse
794 4081 852 4115 curn
874 4064 987 4129 Syphace
1011 4068 1110 4126 nuptast

58 4141 95 4190 ad
107 4153 216 4200 quosque
228 4137 349 4188 veniebat.
365 4137 447 4186 Gaas.
604 4132 695 4182 refellit
713 4132 759 4181 iter
775 4129 895 4193 Scipionis
912 4129 945 4178 ad
961 4127 1110 4200 Syphscerp,

97 4217 112 4264 3
128 4205 171 4250 Act
180 4218 244 4252 noea
254 4203 369 4260 mando]
389 4201 428 4249 Ad
444 4196 572 4248 consilium
605 4197 637 4245 de
650 4211 699 4258 quo
713 4194 769 4244 inlr.
783 4207 819 4256 17.
831 4201 856 4243 et
867 4199 920 4242 tots
929 4193 1056 4262 sequentis¹
1062 4187 1110 4234 has·

58 4263 402 4316 suumdemutandissooiis.
419 4263 500 4312 caat.
605 4259 682 4308 toriae
702 4258 772 4308 ratio.
811 4258 853 4307 De
871 4269 944 4305 musa
964 4256 1112 4326 tnnabonts

100 4333 249 4390 4Nontam
259 4330 379 4389 marna]
392 4323 574 4376 Nontameri·
606 4321 751 4371 Masinissae
776 4322 809 4369 sd
830 4321 965 4377 hmanas,
987 4316 1035 4366 rrd.
1056 4312 1111 4361 mn.

62 4395 127 4443 dens
141 4393 187 4442 tuit
202 4409 232 4442 eo
246 4398 356 4454 ternpore
368 4387 510 4440 mutationis
520 4387 575 4439 Ms-
607 4385 675 4436 xxix.
688 4399 726 4448 ²9·
743 4385 824 4434 Gaas.
920 4447 939 4505 2
