2866 4770
352 249 449 316 LIB.
474 249 587 316 XXX.
622 251 733 318 CAP.
761 257 810 319 19.
833 316 836 325 ,
1042 257 1103 318 521

47 389 151 465 acies,
172 389 205 451 ni
222 385 332 474 Mago,
353 387 394 451 ad
415 387 554 488 primum
576 388 721 476 equitum
743 401 875 466 motum,
918 401 1020 454 aratos
1041 388 1106 454 ele·
1117 401 1150 452 U.
1162 401 1192 451 ο.
1208 416 1264 466 549·
1424 401 1425 410 ’

18 475 195 562 sphantos
223 472 385 561 extemplo
414 497 447 538 m
474 473 630 560 proelium
656 475 842 540 induxisset.
888 411 945 539 dd
970 497 1106 562 quorum
1116 467 1145 516 A.
1163 467 1193 516 ⁰·
1210 480 1265 528 ²⁰³·

45 561 224 625 stridorem
261 560 391 625 odorem
415 583 455 624 ue
488 572 522 624 et
555 573 718 648 aspectum
751 563 852 626 territi
884 562 959 626 eui
989 584 1107 626 vanum

46 659 206 734 equestre
226 646 380 711 auxilium
393 583 562 711 lecerunt:
587 660 620 711 et
641 660 678 713 ut
698 649 883 734 permixtus,
899 585 955 713 irbi
974 647 1105 736 cuspide

46 735 105 798 uti
131 747 165 798 et
189 733 333 798 cominus
358 733 465 820 gladio
489 746 604 820 posset,
634 734 755 798 roboris
783 735 910 798 maioris
939 733 1107 799 Romanus

45 843 157 906 eques
171 832 258 896 erat3
281 819 326 884 ita
343 819 377 883 in
398 818 537 884 ablatum
557 820 745 906 paventibus
762 819 873 906 procul
887 821 978 907 equis
992 820 1106 885 melius

45 929 96 970 cx
125 905 290 970 intervallo
314 903 476 970 Numidae
501 906 726 971 iaculabantur.
775 906 877 971 Simul
902 921 935 971 et
960 905 1106 994 peditum

44 989 141 1079 legio
166 992 364 1076 duodecima,
391 1014 506 1079 magna
535 1015 576 1057 ex
605 1007 693 1080 parte
720 1015 819 1068 caesa,
845 993 968 1078 pudore
995 994 1104 1079 magis,

47 1101 154 1165 quam
169 1079 295 1155 viribus,
312 1079 443 1143 tenebat
457 1079 571 1143 locum.
614 1078 685 1144 Nec
701 1079 820 1143 diutius
836 1079 997 1156 tenuisset,
1013 1079 1049 1142 ni
1063 1101 1105 1144 ex

46 1164 205 1230 subsidiis
230 1165 323 1229 tertia
348 1165 472 1228 decima
497 1163 590 1251 legio,
617 1166 651 1229 in
677 1166 811 1252 primam
837 1166 938 1229 aciem
964 1163 1104 1242 inducta,

45 1251 212 1338 proelium
235 1251 368 1314 dubium
391 1252 575 1338 excepisset
622 1251 721 1339 Mago
744 1274 872 1337 quoque
895 1275 936 1316 ex
958 1250 1105 1316 subsidiis

49 1337 169 1402 Gallos
197 1339 338 1424 integrae
368 1336 487 1424 legioni
515 1339 671 1425 opposuit
721 1337 847 1413 Quibus
876 1337 963 1402 haud
988 1359 1104 1424 magno

45 1423 228 1488 certamine
243 1424 329 1501 lusis,
341 1423 457 1488 hastati
471 1423 605 1510 legionis
619 1424 807 1488 undecimae
819 1425 1010 1511 conglobant
1025 1447 1103 1502 sese,

46 1523 151 1598 atque
174 1509 359 1597 elephantos
381 1509 444 1574 iam
465 1508 612 1598 peditum
633 1512 733 1576 aciem
753 1511 916 1575 turbantes
937 1510 1101 1575 invadunt.

47 1595 94 1660 In
125 1619 205 1684 qnos
235 1619 334 1682 quum
364 1596 429 1684 pila
456 1597 613 1662 confertos
642 1597 860 1675 coniecissent,
886 1597 976 1661 nullo
1003 1597 1103 1662 ferme

45 1683 169 1747 flustra
189 1683 313 1761 emisso,
333 1704 444 1747 omnes
465 1696 549 1748 retro
571 1685 606 1748 in
627 1684 729 1749 aciem
750 1706 879 1748 suorum
899 1697 1101 1750 avertenmt:

47 1783 207 1856 quattuor
223 1770 343 1856 gravati
357 1769 540 1835 vulneribus
558 1783 753 1835 corruerunt
800 1769 886 1834 Tum
900 1771 1003 1858 prima
1017 1791 1104 1835 conr·

18 1868 142 1930 4mota
161 1855 301 1920 bostium
323 1857 415 1933 acies,
438 1856 532 1920 simul
556 1858 704 1922 omnibus
727 1857 897 1943 peditibus,
921 1870 957 1919 ut
979 1877 1104 1920 aversos

47 1941 162 2006 videre
192 1941 387 2029 elephantos,
414 1941 456 2007 ad
485 1943 666 2028 augendum
692 1963 840 2028 pavorem
867 1963 903 2005 ac
930 1941 1103 2006 tumultum

48 2027 170 2092 effusis.
207 2027 282 2106 Sed,
297 2029 400 2093 donec
415 2029 503 2094 stetit
517 2042 590 2094 ante
606 2029 696 2114 signa
712 2026 820 2113 Mago,
836 2025 971 2113 gradum
985 2027 1102 2090 sensim

47 2115 227 2179 referentes
248 2115 384 2192 ordines,
408 2127 552 2179 tenorem
575 2136 702 2202 pugnae
726 2113 911 2190 servabant3
934 2126 1100 2199 postquam
1111 2123 1223 2202 Vincunt

47 2201 171 2265 femine
187 2202 337 2266 transfixo
352 2201 530 2278 cadentem,
546 2201 725 2286 auferrique
740 2221 781 2264 ex
795 2199 917 2286 proelio
932 2221 1031 2286 prope
1045 2188 1228 2263 err-Emu-

48 2310 206 2374 sanguem
236 2287 353 2364 videre,
379 2287 541 2374 extemplo
569 2287 605 2350 in
633 2286 740 2372 fugam
770 2307 880 2350 omnes
909 2285 999 2349 versi.
1046 2284 1102 2348 Ad

49 2373 197 2461 quinque
212 2373 312 2438 millia
328 2373 466 2438 hostium
481 2395 520 2437 eo
535 2372 587 2437 die
606 2393 705 2449 caesa,
722 2383 754 2436 et
769 2371 860 2458 signa
874 2370 1022 2434 militaria
1036 2370 1102 2436 duo

47 2473 85 2524 et
109 2460 223 2546 viginti
248 2472 348 2546 capta
395 2458 467 2524 Nec
493 2459 648 2523 Romanis
673 2459 842 2522 incruenta
864 2457 996 2521 victoria
1019 2456 1100 2523 fuit:

47 2547 118 2610 duo
143 2545 244 2611 millia
268 2560 301 2610 et
326 2547 462 2610 trecenti
487 2545 528 2610 de
554 2544 697 2610 exercitu
720 2545 881 2631 praetoris,
905 2565 978 2630 pars
999 2542 1102 2608 multo

22 2633 193 2710 5maxima
216 2655 257 2696 ex
283 2631 407 2719 legione
434 2631 633 2708 duodecima,
658 2631 771 2696 amissi.
818 2630 899 2695 Inde
925 2643 958 2694 et
981 2629 1100 2695 tribuni

48 2719 192 2783 militum
226 2718 302 2796 duo,
333 2717 380 2782 M.
411 2716 597 2796 Cosconius,
631 2730 664 2783 et
701 2717 749 2782 M.
781 2716 950 2783 Maeniusz
990 2717 1101 2782 tertiae

48 2804 195 2869 decimae
226 2827 354 2954 quroque
388 2804 418 2869 le
442 2806 531 2882 onis,
562 2827 643 2892 qnae
677 2816 837 2904 postremo
867 2803 989 2891 proelio
1021 2805 1101 2868 affu-

48 2903 129 2967 erat,
153 2890 214 2955 Cn.
268 2891 368 2956 elvius
390 2907 429 2956 tn
452 2913 535 2956 unus
556 2890 694 2955 militum
718 2913 753 2953 m
776 2889 970 2953 restituenda
993 2911 1102 2976 pugna

47 2975 179 3054 cecidit,
206 2989 240 3042 et
264 2977 329 3042 duo
354 2989 387 3042 et
412 2978 526 3064 viginti
548 2976 647 3040 ferme
673 2975 797 3062 equites
822 2973 969 3049 illustres,
993 2975 1100 3039 obtriti

46 3064 92 3128 ab
122 3062 307 3150 elephantis,
330 3085 404 3128 cum
433 3062 672 3127 centurionibus
703 3059 824 3145 aliquot
854 3059 1036 3146 perierunt:
1068 3072 1101 3123 et

46 3149 177 3236 longius
194 3163 355 3215 certamen
369 3149 490 3226 suisset,
504 3149 540 3212 ni
553 3147 685 3212 vulnere
700 3145 791 3211 ducis
808 3166 956 3210 concessa
969 3144 1101 3209 victoria

46 3250 143 3301 esset.
592 3287 599 3292 .

96 3321 205 3410 Mago,
221 3323 384 3410 proximae
404 3323 507 3386 noctis
527 3321 652 3385 silentio
672 3317 841 3407 profectus,
857 3329 1013 3405 quantum
1032 3317 1099 3405 pati
1153 3319 1203 3380 19.

21 3407 121 3476 aviac
147 3431 206 3494 per
226 3408 341 3474 vulnus
366 3421 500 3495 poterat,
526 3407 693 3471 itineribus
719 3405 866 3481 extentis,
890 3404 930 3468 ad
956 3425 1042 3466 mare
1064 3404 1099 3467 in
1108 3400 1247 3478 Magum·

48 3495 188 3581 Ligures
203 3492 363 3582 Ingaunos
378 3494 533 3581 pervenit.
572 3493 622 3557 lbi
637 3513 711 3556 eum
726 3490 822 3578 legati
837 3492 876 3555 ab
894 3488 1097 3589 Carthagine,
1107 3466 1258 3579 ffleffl]

48 3580 161 3669 paucis
186 3594 259 3646 ante
282 3581 395 3644 diebus
419 3581 454 3644 in
480 3580 586 3644 sinum
610 3577 770 3642 Gallicum
796 3575 935 3663 appulsis
956 3576 1098 3654 navibus,

48 3667 209 3745 adierunt,
238 3668 393 3744 iubentes,
447 3667 527 3731 rimo
558 3687 622 3753 quo
647 3687 686 3728 ue
721 3677 784 3726 tem
828 3685 862 3726 re
892 3662 926 3725 in
957 3661 1100 3726 Africam

49 3753 205 3818 traiicere.
242 3763 252 3791 ‘
264 3753 355 3818 Idem
370 3765 403 3818 et
417 3689 545 3817 lintrem
560 3685 857 3816 eiuquannibalim
871 3747 961 3834 <nam
972 3747 1099 3812 adeum

49 3861 181 3927 quoque
196 3841 256 3904 isse
271 3839 391 3927 legatos
405 3839 516 3903 eadem
532 3836 692 3924 iubentes)
706 3835 872 3900 facturum.
919 3833 996 3899 Non
1011 3834 1046 3898 in
1061 3857 1100 3899 eo

85 4073 158 4135 3Ad
178 4087 281 4135 quoram
302 4071 440 4129 addocent]
464 4070 560 4118 Strt’dot·
624 4068 792 4120 6Itt'nen'buc
810 4071 926 4128 selemia]
952 4069 1039 4125 Quum
1061 4067 1100 4116 iti-

52 4137 240 4200 elephantorum
263 4135 318 4183 inst.
339 4133 399 4182 xliv.
418 4145 440 4195 5.
462 4147 560 4195 quoque
592 4149 651 4181 nera
659 4135 815 4193 extendisset,
822 4149 897 4195 quum
906 4133 1007 4194 singulis
1014 4131 1101 4179 diebus

52 4205 210 4250 memoratur.
592 4198 699 4246 multum
710 4198 805 4247 itineris
815 4196 969 4259 confecisset,
980 4200 1099 4258 quantum

85 4265 198 4325 4Sr'mal
222 4263 332 4312 mathan
356 4261 493 4325 peditibm]
527 4275 560 4309 sc.
593 4263 812 4311 amorrhaeum
828 4259 879 4323 pati
893 4259 989 4308 urebat
1004 4259 1100 4310 vulnus.

54 4327 181 4378 Romanis
198 4327 315 4377 Gronov.
593 4325 675 4376 Cass.

87 4408 100 4454 5
117 4393 192 4451 lado]
211 4407 244 4441 sc.
257 4390 297 4440 Ex
308 4390 452 4453 ealegione.
470 4389 555 4440 nors.
