2966 4778
355 215 417 278 130
743 207 855 275 ΤΙΤΙ
882 207 1018 274 LIVII

200 359 274 412 tto.
291 344 455 423 ,enatantis
487 341 527 408 de
552 342 660 408 ularat.
708 341 794 408 Huic
827 356 896 408 tum
927 357 1017 430 pater
1050 341 1159 406 iuveni
1186 337 1406 406 Hannilmlem

197 428 228 476 A.
245 427 274 476 ⁰·
284 365 556 518 ‚²¹⁶·deprecandd
571 429 680 516 magis,
696 451 793 517 quam
807 429 983 517 purgando,
998 427 1143 517 placavit,
1159 429 1328 514 victusque
1349 447 1407 514 pa-

198 491 411 603 fssssffintris
425 516 572 603 precibus
589 515 788 604 lacrimisque
803 517 900 581 etiam
921 514 963 580 ad
977 537 1111 580 coenam
1128 537 1202 580 eum
1224 535 1302 578 cum
1316 525 1406 600 patre

198 617 342 681 pontello
356 603 461 668 vocari
480 603 586 667 iussit:
611 603 664 666 cui
683 603 828 667 convivio
850 601 1013 666 neminem
1036 601 1248 700 Campanum,
1263 612 1409 686 praeter-

198 697 243 730 ¹²¹⁰
255 681 338 730 P⁰¹⁰¹·
356 711 454 776 quam
483 687 631 789 hospites,
658 687 893 774 Iubelliumque
927 687 1096 764 Tauream,
1127 687 1288 774 insignem
1322 684 1409 749 bello

201 749 247 796 ¹⁸³¹
356 773 678 859 virum,a‹lhrbiturus
691 787 767 840 erat.
815 773 1002 860 Coeperunt
1015 773 1137 873 epulari
1151 774 1192 838 de
1206 772 1318 849 die‚et
1331 793 1430 845 oon-5

357 861 476 927 rivium
498 885 564 926 non
586 884 627 926 ex
649 882 736 926 more
755 861 888 938 Punico,
904 873 960 926 aut
980 859 1109 924 militari
1127 858 1299 946 disciplina
1319 879 1408 932 ουκ

357 947 424 1027 sed,
441 961 477 1014 ut
491 948 524 1013 in
539 948 666 1014 civitate
681 961 777 1034 atque
797 947 894 1012 etiam
908 945 1004 1011 domo
1019 945 1079 1010 diti
1093 968 1130 1011 ac
1149 945 1325 1021 luxuriosa,
1340 967 1411 1008 om-

358 1035 452 1100 nibus
465 1034 674 1134 voluptatium
693 1033 849 1098 illecebris
866 1033 1065 1098 instructum.
1111 1031 1205 1098 Unus
1226 1053 1288 1096 nec
1306 1031 1412 1095 domi-

358 1143 472 1186 norum
487 1121 684 1197 invitatione,
696 1142 756 1184 nec
771 1119 869 1206 ipsius
886 1117 1049 1184 interdum
1064 1117 1264 1194 Hannibalis,
1284 1116 1413 1182 Calarii

358 1205 443 1270 filius
471 1207 598 1272 Perolla
625 1206 710 1271 vinci
738 1205 862 1306 potuit;
896 1207 963 1292 ipsa
992 1203 1208 1270 valetudinem
1240 1221 1434 1280 exmtsanat

358 1306 448 1380 patre
468 1292 565 1357 animi
581 1315 709 1443 quoque
725 1313 794 1357 erus
810 1290 898 1357 haud
913 1291 1087 1356 mirabilem
1107 1291 1434 1363 interturbationem

203 1393 302 1443 Porotta
312 1408 351 1442 oe
359 1391 515 1446 comante.
564 1379 645 1445 Solis
664 1401 751 1443 erme
761 1399 874 1443 occasu
888 1391 1010 1465 patrem
1022 1377 1197 1454 Calavium,
1207 1399 1250 1442 ex
1261 1377 1413 1442 convivio

202 1459 321 1572 limita
358 1488 529 1553 egressum,
538 1478 666 1531 secutus
680 1465 765 1529 lilius
775 1465 829 1529 ubi
844 1465 878 1528 in
893 1479 1050 1530 secretum
1061 1463 1264 1548 (bortuserat
1280 1463 1434 1550 posticias

201 1537 331 1635 ,effim'
359 1552 486 1618 aedium
501 1552 659 1638 partibus)
673 1566 895 1638 pervenerunt,
912 1559 923 1589 ‘
936 1549 1134 1626 Consilium,’
1148 1550 1182 1614 in
1205 1549 1264 1626 uit,
1282 1549 1413 1624 ‘affara

201 1623 322 1726 signifieat
361 1644 371 1675 ‘
423 1651 480 1714 ter,
495 1661 560 1724 quo
581 1659 646 1701 non
660 1638 786 1702 veniam
801 1635 903 1701 solum
920 1637 1052 1723 peccati,
1068 1635 1155 1724 quod
1177 1573 1360 1701 defecimus
1375 1634 1415 1700 od

203 1721 274 1778 patu.
360 1731 371 1762 ‘
418 1723 608 1801 annibalem,
621 1724 818 1824 impetraturi
832 1724 872 1788 ab
882 1722 1046 1801 Romanis,
1058 1721 1115 1787 sed
1128 1722 1163 1786 in
1178 1722 1282 1787 multo
1292 1723 1416 1786 maiore

361 1808 536 1896 ‘dignitate
551 1825 584 1874 et
597 1823 699 1896 gratia
712 1811 810 1874 simus
826 1808 995 1958 Camppni,
1005 1832 1101 1896 quam
1117 1831 1261 1896 unquam
1270 1808 1416 1874 fiumua’

362 1895 473 1972 Quum
488 1895 695 1960 mirabundus
709 1909 808 1982 pater,
824 1896 902 1982 ‘qui
947 1918 998 1960 am
1011 1895 1046 1960 id
1060 1909 1143 1960 esset
1155 1895 1304 1972 consilii,'
1341 1917 1418 1960 uae·

359 1995 463 2060 reret3
554 1982 712 2048 areiecta
735 1982 775 2048 ab
806 1981 947 2061 humero,
978 1980 1059 2046 latus
1080 1981 1278 2046 succinctum
1387 1981 1417 2044 'o

361 2069 478 2134 nudat:
510 2077 521 2108 ‘
618 2092 636 2134 e
679 2069 698 2146 ,'
719 2069 754 2132 in
778 2068 834 2145 uit,
860 2067 1031 2151 ‘sanguine
1057 2065 1249 2132 Hannibalis
1271 2068 1416 2134 modam

362 2155 597 2221 ‘Romanumf
655 2179 700 2220 us.
746 2091 795 2219 lle
807 2153 841 2218 id
855 2153 942 2240 prius
956 2153 1178 2229 scirevolui,si
1192 2153 1275 2219 forte
1293 2156 1416 2230 abeme,

362 2241 461 2307 ‘dum
476 2243 597 2308 lacinus
612 2255 762 2342 patratur,
778 2239 907 2305 mallea’
952 2239 1044 2315 Quae
1060 2240 1115 2305 ubi
1130 2239 1210 2304 vidit
1223 2240 1416 2328 audivitque

362 2350 470 2405 senex,
480 2329 568 2393 velut
582 2329 608 2391 ai
619 2349 680 2393 tam
696 2326 837 2414 agendis,
849 2349 932 2413 quae
941 2323 1098 2404 audiebat,
1111 2327 1291 2403 interesset,
1306 2349 1417 2393 amens

363 2429 460 2490 metu,
483 2414 565 2478 ‘Per
586 2435 647 2500 ego
669 2415 721 2491 te,'
743 2414 857 2499 inquit,
874 2412 950 2490 ‘fili‚
971 2435 1181 2501 quaecunque
1205 2413 1277 2478 iura
1299 2413 1418 2479 liberos

275 2493 281 2506 '
364 2500 521 2585 ‘iungunt
537 2499 730 2586 parentibus,
746 2521 859 2586 precor
873 2521 1064 2598 quaesoque,
1080 2521 1121 2564 ne
1142 2512 1215 2564 ante
1230 2499 1349 2566 oculos
1363 2523 1419 2588 pa·

363 2586 441 2650 ‘tris
449 2586 551 2650 facere
562 2598 597 2650 et
611 2585 676 2672 pati
688 2586 795 2650 omnia
808 2585 940 2650 infanda
949 2583 1036 2650 valis.
1081 2584 1207 2650 Paucae
1216 2585 1320 2652 horae
1333 2600 1438 2663 sunto

364 2680 374 2711 ‘
382 2672 466 2736 intra
480 2693 558 2757 quas
572 2671 710 2736 iurantes
725 2693 782 2759 per
796 2671 952 2758 quicquid
965 2670 1098 2736 deorum
1112 2685 1168 2749 est,
1184 2671 1324 2738 dextrae
1340 2673 1419 2738 dex·

365 2764 447 2821 ‘tras
461 2757 639 2844 iungentes,
654 2757 751 2821 fidem
767 2756 1004 2834 obstrinximus,
1014 2770 1051 2823 ut
1064 2771 1199 2823 sacratas
1214 2757 1281 2823 fide
1290 2781 1418 2836 manta,
1480 2783 1481 2796 t

363 2843 514 2931 ‘digressi
534 2843 575 2907 ab
595 2842 763 2930 colloquio,
784 2843 945 2931 extemplo
965 2844 999 2909 in
1022 2867 1097 2909 eum
1118 2847 1343 2912 armaremus?
1366 2847 1418 2910 Ab

364 2928 532 3030 ‘hospitali
547 2951 657 2994 mensa
675 2952 728 3029 su·
751 2930 786 3006 is,
801 2929 953 3018 adquam
974 2930 1086 2996 tertius
1102 2929 1350 3018 Campanorum
1364 2933 1420 2997 ad-

364 3016 504 3082 ‘hibrtus
519 3038 552 3081 es
563 3016 603 3080 ab
620 3013 730 3166 Hacqu
772 3015 812 3093 le,
824 3029 861 3081 ut
876 3039 945 3081 eam
961 3017 1061 3104 ipsam
1077 3039 1219 3082 mensam
1230 3033 1418 3084 cruentares

364 3111 374 3142 ⁴
385 3100 518 3188 hospitis
533 3101 686 3188 sanguine
735 3101 950 3168 Hannibalem
964 3117 1056 3190 pater
1069 3103 1136 3168 filio
1150 3125 1224 3168 meo
1284 3107 1336 3170 tui
1353 3105 1418 3193 pla·

361 3197 465 3266 -‘care,
481 3188 583 3253 filium
604 3187 779 3253 Hannibali
794 3210 860 3253 non
879 3189 1030 3275 possum?
1054 3188 1180 3255 Sed‘sit
1197 3127 1283 3254 nillil
1302 3193 1417 3266 sancti,

365 3283 450 3340 ‘non
474 3275 563 3352 fides,
584 3297 650 3340 non
667 3274 789 3362 religi0,
804 3297 870 3339 non
891 3275 1009 3424 qietas:
1033 3275 1211 3340 audeantur
1229 3275 1418 3354 infandasi
1479 3247 1480 3337 l

365 3370 451 3426 ‘non
466 3361 638 3448 perniciem
655 3361 747 3427 nobis
761 3383 835 3426 cum
850 3381 902 3425 sce
915 3383 968 3426 ere
984 3363 1130 3427 afferunt.
1176 3361 1274 3428 Unus
1288 3385 1419 3452 agree-

397 3571 767 3636 5ooepmmpuaeaeaa]
786 3571 872 3627 auum
904 3571 973 3632 m]
997 3572 1083 3622 uram
1102 3571 1195 3622 rasae
1212 3573 1244 3621 as
1265 3571 1420 3624 amman

364 3638 471 3685 multum
482 3637 564 3686 adbuc
579 3635 628 3684 disi
638 3641 781 3698 superasset.
815 3635 873 3684 Hoc
905 3643 1049 3698 conspeetu,
1063 3636 1103 3685 cui
1118 3649 1145 3686 aa
1161 3651 1252 3699 paums
1268 3643 1331 3688 ante
1348 3640 1420 3689 horu

365 3704 435 3750 notat
455 3699 547 3759 livius,
563 3707 680 3762 tanquam
700 3713 787 3762 parum
806 3715 872 3748 seve-
904 3697 1093 3750 infensissimum
1106 3701 1201 3750 bocum
1217 3703 1345 3764 pote-m
1359 3711 1419 3754 ent.
1477 3715 1478 3768 t

365 3763 577 3813 rumetsobrium.
611 3763 732 3826 Legitima
740 3763 805 3812 enim
816 3778 872 3811 con·
905 3764 986 3814 caer.
1477 3807 1478 3810 ,

366 3825 424 3874 vivii
438 3825 498 3875 hora
510 3828 578 3890 apud
593 3831 686 3876 veteres
699 3833 751 3876 erat
765 3827 823 3876 solia
833 3842 872 3876 oc-
937 3829 952 3875 8
969 3829 1073 3878 Ponticis
1086 3827 1183 3878 aedium
1195 3831 1327 3892 partibas]
1347 3833 1419 3882 “Po-

366 3903 444 3947 mnu,
465 3896 509 3938 aut
530 3897 597 3940 certe
618 3889 714 3939 decima
735 3891 783 3939 diet
805 3891 872 3942 bora.
905 3891 995 3940 micum
1017 3891 1107 3942 ostium
1124 3891 1215 3941 dicitur
1236 3893 1262 3942 in
1282 3897 1421 3956 posteriore

367 3953 456 4014 ltaque
467 3961 564 4015 portem
582 3955 656 4002 solido
669 3955 763 4002 &aare
779 3955 809 4004 ds
825 3955 874 4012 dte,
907 3955 1421 4021 mandamnnentquaetquamte
1476 4001 1477 4008 ,

365 4023 394 4065 ut
405 4015 512 4077 loquitur
524 4017 650 4091 Horatios,
661 4017 874 4090 luxuriaesssevi-
907 4034 952 4068 nos
973 4025 1039 4078 sunt,
1059 4019 1149 4080 antica,
1170 4027 1196 4070 et
1213 4037 1278 4083 quae
1297 4031 1358 4084 post
1376 4039 1420 4073 nas
1476 4015 1477 4110 l

365 4081 476 4130 debatur.
510 4081 568 4132 vid.
585 4080 652 4143 Lrpa
667 4082 700 4131 ad
714 4080 794 4130 Tacit.
809 4083 874 4132 Ano.
906 4087 972 4141 emt,
983 4084 1076 4146 postica
1086 4083 1226 4134 dicuntur.''
1242 4086 1352 4138 amna

366 4145 415 4194 xiv.
428 4159 450 4194 a.
473 4144 553 4194 Cast.
937 4162 953 4210 9
970 4151 1073 4197 Paucae
1086 4149 1161 4198 boras
1176 4151 1247 4210 natu]
1267 4150 1293 4199 h.
1307 4167 1331 4200 e.
1350 4152 1418 4201 Num

398 4207 414 4256 6
436 4211 505 4258 Wnoi
513 4210 608 4270 potate]
628 4208 773 4267 adtinebat
787 4209 873 4257 salae
906 4210 961 4258 ideo
983 4217 1042 4260 ante
1063 4225 1155 4272 pancas
1175 4212 1247 4262 horas
1269 4215 1349 4265 fidem
1378 4218 1418 4264 ota

367 4270 436 4320 litiae
446 4271 566 4320 convivali
578 4272 736 4334 permitteret.
754 4271 835 4320 esav.
906 4273 1038 4332 striximus,
1050 4281 1084 4324 ut.
1101 4276 1209 4326 Srsorn.

401 4346 414 4398 7
435 4337 514 4384 Haud
536 4335 669 4383 mirabilem
692 4336 873 4384 tmermrtotta

1470 4649 1475 4772 l
