2888 4768
356 217 452 284 LIB.
476 217 587 284 XXV.
622 218 732 286 CAP.
757 227 786 286 6.
1032 227 1093 294 237

37 350 144 417 ‘dem
167 351 258 418 miles
278 352 360 418 nihil
381 377 523 455 unquam
544 355 649 421 dicam
669 355 709 423 de
732 358 919 446 imperatore
942 381 1023 438 meo,
1041 359 1094 427 cui
1106 373 1139 426 U.
1151 374 1181 424 c.
1197 385 1252 436 ⁵40·

37 439 255 525 ‘praesertim
269 441 385 528 gratias
399 464 495 507 sciam
511 443 551 508 ab
565 456 677 508 senatu
691 457 784 523 actes,
800 445 888 533 quod
901 468 968 511 non
982 441 1134 534 despestss
1152 439 1182 489 ⁰·
1198 453 1253 488 ²¹²·

36 526 187 591 ‘raverit
201 525 242 590 de
254 527 432 614 republica3
456 529 508 593 cui
522 542 594 617 post
683 553 715 595 m
729 532 769 596 ab
782 531 904 597 Cannis
917 555 975 622 per
985 555 1095 598 omnes

35 619 171 764 {dit
185 615 866 778 iimiiiriiiliiuidmi‘iiisi‘m
889 619 1095 771 mus,

36 793 136 850 ‘tere
149 797 182 850 et
195 725 315 874 gereris,
327 802 360 852 et
370 789 545 876 provincias
557 790 699 855 obtinere
708 728 893 856 audiviriiiis.
941 793 995 856 An
1006 729 1094 858 vobis

35 880 125 937 ‘ves
157 872 164 885 '
205 895 245 938 ue
268 873 374 940 liberis
402 875 564 962 ignoscitis
588 875 690 954 facile,
714 877 826 942 Patres
855 879 1033 966 conscripti,
1058 879 1094 944 in

35 959 149 1024 ‘hacc
164 959 195 1023 vi
206 960 237 1024 ia
254 960 358 1047 capita
375 962 526 1026 saevitis?
549 962 593 1027 Et
612 962 733 1028 consuli
753 963 1005 1052 primoribusque
1026 964 1094 1030 aliis

35 1045 207 1111 ‘civitatis
220 1045 340 1135 sugere,
352 1072 452 1134 quum
467 1071 537 1136 spes
549 1047 610 1114 alia
623 1048 711 1115 nulla
725 1063 816 1127 esset,
832 1065 923 1138 turpe
938 1074 1004 1116 non
1018 1051 1092 1128 fuit3

34 1133 186 1197 ‘milites
207 1134 318 1234 utique
342 1135 508 1200 morituros
533 1135 567 1199 in
592 1134 692 1200 aciem
718 1135 867 1202 misistis?
896 1138 951 1202 Ad
975 1137 1093 1202 Alliam

34 1220 482 1372 :pmpemismms'dexercstrutsa
493 1221 592 1309 fugit:
620 1221 662 1287 ad
684 1222 833 1376 Felsmdidss
846 1222 1095 1376 trcaddinis’diii

34 1327 571 1545 :gbffindaeicliuiifmedgmffi
588 1331 728 1496 Quam:
752 1408 859 1549 tatiirpen
869 1333 1000 1462 odniuin
1015 1397 1095 1462 afirit

140 1501 189 1556 eo,
218 1503 240 1543 u
443 1503 561 1546 om1ma
593 1505 632 1547 us
661 1505 766 1548 exercr
814 1507 851 1548 us
902 1497 1083 1550 uaereretur

35 1575 107 1631 ‘ut
125 1577 159 1630 et
177 1566 252 1632 urbs
273 1503 451 1654 Romalpidi
470 1591 544 1632 eum
563 1570 748 1647 exercitum,
763 1570 819 1658 qui
839 1507 981 1636 aqullia
995 1531 1094 1636 Veioi

35 1651 291 1740 ‘transfirgerat
313 1667 568 1741 recuperaretur;
595 1668 629 1721 ct
650 1654 816 1722 Caudinae
839 1656 990 1744 legiones,
1033 1681 1092 1723 uae

34 1738 140 1804 ‘sine
162 1739 255 1804 armis
274 1739 433 1806 redierant
451 1739 598 1819 Romam,
616 1755 753 1808 armatae
776 1744 922 1809 remissae
944 1743 978 1809 in
1078 1780 1096 1796 ··

35 1827 173 1904 ‘nium,
188 1826 326 1892 eundem
343 1825 434 1892 illurn
453 1826 576 1894 hostem
591 1830 649 1894 sub
669 1829 780 1916 iugum
794 1829 947 1907 miserint,
963 1830 1019 1930 qui
1033 1831 1094 1896 hac

35 1922 49 1950 ‘
62 1911 314 2000 suaignominia
323 1912 457 1980 laetatus
466 1914 577 1980 fuerat.
625 1914 828 1982 Cannensem
839 1939 914 1982 vero
926 1939 1094 2004 qmsquam

35 2007 50 2038 ‘
62 1999 247 2065 exercitum
268 1999 361 2088 firgae
383 2014 438 2066 aut
462 2001 586 2088 pavoris
607 2001 787 2068 insimulare
808 2015 922 2090 potest,
946 2002 1001 2067 ubi
1022 2002 1095 2091 plus

36 2095 49 2125 ‘
60 2086 303 2174 quinquaginta
323 2085 422 2152 millia
443 2086 610 2152 hominum
631 2087 839 2153 oeciderunt?
876 2088 961 2154 unde
984 2089 1093 2154 consul

35 2181 144 2239 ‘cum
168 2173 327 2260 equitibus
349 2173 550 2262 septuaginta
575 2173 679 2262 fugit?
708 2173 793 2239 unde
823 2197 918 2240 nemo
941 2188 1093 2262 superest,

36 2269 48 2300 ‘
60 2259 132 2325 nisi
145 2281 241 2347 quem
261 2259 359 2326 hostis
373 2259 535 2328 caedendo
549 2260 648 2326 fessus
661 2259 812 2346 reliquit?
837 2261 948 2338 Quum
962 2261 1095 2348 captivis

36 2354 49 2385 ‘
59 2345 177 2412 redern
203 2345 246 2411 tio
260 2347 444 2434 negabatur,
460 2370 518 2411 nos
532 2346 626 2434 vulgo
645 2347 790 2412 homines
809 2347 990 2426 laudabant,
1005 2347 1093 2436 quod

36 2369 259 2520 ‘reipublicae
279 2455 338 2498 nos
352 2456 613 2500 reservassemust
637 2433 726 2523 quod
745 2433 786 2498 ad
805 2433 967 2500 consulem
981 2434 1095 2500 Venu-

36 2520 150 2584 ‘siam
172 2518 369 2599 redissemus,
393 2532 427 2586 et
451 2521 589 2622 speciem
618 2520 693 2586 iusti
720 2521 877 2587 exercitus
901 2521 1090 2588 fecissemus.

36 2605 170 2671 ‘Nunc
185 2605 338 2672 deteriore
358 2607 541 2673 conditrone
556 2630 673 2686 sumus,
689 2631 784 2695 quam
804 2608 890 2696 apud
911 2621 1016 2696 patres
1035 2632 1094 2673 no-

36 2702 149 2758 ‘stros
157 2692 282 2758 firerant
292 2693 416 2782 captivi.
465 2694 595 2782 Quippe
605 2694 666 2760 illis
677 2707 897 2760 armatantum
907 2707 1003 2784 atque
1014 2694 1092 2762 ordo

6 2789 50 2848 3‘
64 2778 238 2857 militandi,
254 2779 415 2868 locusque,
430 2781 465 2845 in
485 2804 550 2868 quo
565 2781 734 2848 tenderent
747 2781 782 2846 in
796 2782 913 2859 castris,
928 2795 977 2849 est
991 2794 1095 2848 muta-

38 2876 138 2932 ‘tusz
161 2889 242 2954 quae
263 2879 380 2944 tamen,
395 2866 493 2932 semel
510 2880 623 2934 navata
641 2868 831 2956 reipublicae
849 2891 954 2956 opera,
975 2882 1009 2934 et
1027 2891 1094 2934 uno

37 2951 156 3017 ‘felici
178 2951 309 3040 proelio,
333 2967 567 3054 recuperamnt.
613 2952 720 3020 Nemo
745 2977 855 3020 eorum
880 2954 926 3020 rel
986 2966 1037 3020 tus
1058 2955 1093 3018 in

38 3037 216 3105 ‘exsilium
237 3051 303 3106 est:
327 3040 449 3104 nemini
470 3063 542 3127 spes
563 3039 726 3105 emerendi
746 3039 906 3128 stipendia
966 3052 1090 3140 empta:

38 3125 167 3192 ‘hostis
186 3124 325 3227 denique
346 3137 395 3191 est
411 3125 514 3203 datus,
530 3149 604 3191 cum
623 3149 688 3213 quo
708 3125 905 3203 dimicantes,
921 3138 976 3192 aut
994 3139 1092 3192 vitam

37 3211 178 3290 ‘semel
200 3224 256 3278 aut
272 3213 479 3300 ignominiam
496 3212 634 3277 finirent.
681 3211 759 3290 Nos,
780 3213 904 3300 quibus,
925 3213 986 3278 nisi
1005 3212 1093 3301 quod

38 3311 50 3340 ‘
64 3299 293 3378 commisimus,
308 3313 345 3364 ut
381 3298 527 3385 uisquam
544 3321 585 3364 ex
602 3296 766 3364 Cannensi
780 3298 847 3365 acie
867 3298 958 3364 miles
973 3299 1092 3365 Roma-

39 3395 128 3452 ‘nus
142 3399 327 3473 superesset,
401 3384 409 3399 ⁰
437 3384 532 3450 obiici
546 3397 659 3474 potest,
674 3407 741 3450 non
755 3384 856 3450 solum
873 3409 893 3450 a
905 3386 1008 3473 patria
1018 3409 1093 3487 pro-

38 3471 124 3538 ‘eul
143 3471 308 3573 Italiaque,
323 3471 380 3538 sed
395 3472 434 3536 ab
454 3471 544 3537 hoste
559 3471 665 3549 etism,
680 3471 810 3560 relegati
825 3494 950 3537 sumus:
974 3473 1030 3538 ubi
1044 3495 1094 3537 se·

40 3569 232 3626 ‘noscamus
246 3582 281 3626 1n
296 3557 416 3636 exsilio,
428 3581 470 3624 ne
485 3581 550 3647 qua
563 3581 643 3646 spes,
658 3581 699 3622 ne
713 3581 778 3659 qua
787 3558 908 3624 occasio
919 3557 1093 3625 abolendae

40 3656 52 3686 ‘
64 3645 271 3733 ignominiae,
284 3668 324 3711 ne
338 3667 402 3746 qua
415 3644 587 3732 placandae
599 3645 715 3710 civium
731 3667 806 3722 rrae,
818 3667 859 3709 ne
875 3667 939 3732 qua
952 3645 1092 3733 denique

42 3734 150 3798 ‘bene
166 3731 322 3798 moriendi
335 3744 386 3798 srt.
432 3731 485 3797 Ne
509 3754 549 3797 ue
564 3731 756 3820 ignominiae
771 3731 878 3810 finem,
894 3754 953 3797 nec
968 3732 1093 3798 virtutis

41 3819 244 3908 ‘praemium
266 3818 421 3906 petimus;
444 3841 477 3885 m
520 3842 539 3884 o
559 3817 698 3906 experiri
719 3819 871 3898 animum,
892 3832 926 3884 et
943 3818 1093 3884 virtutem

41 3917 216 3972 ‘exercere
231 3905 332 3971 liceat
378 3903 536 3970 Laborem
550 3918 583 3969 et
602 3903 778 3992 periculum
797 3907 944 3994 petimus,
960 3917 997 3972 ut
1009 3906 1093 3972 viro·

81 4131 96 4178 3
112 4119 147 4164 Ia
161 4131 210 4179 que
225 4117 363 4175 munere]
381 4114 497 4164 Tentoria
514 4129 555 4176 po
588 4119 653 4173 rent3
669 4113 711 4177 qui
722 4114 817 4178 pedites
825 4115 932 4174 fuerant,
945 4113 971 4163 in
987 4114 1093 4163 madito-

42 4185 144 4239 nerent,
155 4193 247 4241 nempe
262 4183 332 4228 extra
348 4179 440 4228 vallum
456 4179 557 4228 undere
588 4193 643 4227 rum
653 4179 746 4228 auxilia
756 4179 995 4228 transcnberentur.”
1022 4178 1095 4226 Haeo

43 4259 90 4296 eoa
112 4259 127 4291 o
161 4244 247 4293 rtebet.
280 4245 297 4270 ‘⁴
309 4243 502 4302 Decrevernnw'
521 4241 557 4291 in·
589 4244 621 4292 de
633 4243 745 4304 eeptivis,
755 4257 817 4304 quoe
826 4243 935 4305 Pyrrhus
949 4240 1095 4300 reddiderat,

43 4309 104 4372 quit
141 4307 285 4357 elausit
299 4320 321 4370 7,
332 4309 385 4355 “ut
396 4342 403 4356 .
413 4342 434 4355 ..
444 4306 486 4368 qui
494 4321 557 4370 equo
590 4312 701 4356 asenatu
712 4307 810 4356 decreta
820 4313 883 4354 eunt.

44 4377 198 4430 meruerant,
218 4372 328 4433 pediturn
348 4385 450 4420 numero
469 4371 558 4420 milita-
