3002 4798
364 189 405 252 64
755 184 867 252 ΤΙΤΙ
894 184 1031 252 LIVII

198 333 232 384 U.
245 334 274 384 c.
287 345 342 396 535·
362 334 517 408 caputet
535 319 612 409 quia
633 321 785 387 medendi
807 345 868 387 nec
888 323 977 388 locus
994 345 1055 388 nec
1075 336 1201 411 tempus
1221 339 1299 402 erat,
1316 323 1433 388 alterne

195 399 228 448 Α·
244 399 274 449 ⁰·
287 410 342 460 ²¹⁷·
362 407 455 474 oculo
470 408 602 494 capitur.

260 491 290 550 3·
407 492 522 559 Multis
541 491 723 559 hominibus
737 492 952 582 iumentisque
966 495 1060 561 foede
1075 495 1205 574 amissis,
1221 517 1323 584 quum
1345 509 1414 560 tan-

363 580 438 645 dem
456 580 497 644 de
519 579 689 666 paludibus
709 582 894 659 emersisset,
910 581 966 647 ubi
983 583 1123 682 primum
1141 583 1175 647 iu
1193 584 1278 647 sicco
1298 584 1413 670 potuit,

362 679 464 732 casua
476 665 577 731 locate
602 680 790 754 certumque
806 689 863 754 per
858 689 1059 817 praemissos
1067 668 1282 756 exploratores
1292 668 1413 746 habuit,

363 753 540 818 exercitum
561 752 744 817 Romanum
759 753 843 818 circa
891 754 979 820 rretii
997 756 1124 820 moenia
1140 777 1216 820 esse.
1265 755 1414 820 Consulis

363 838 481 904 deinde
496 839 628 904 consilia
646 852 742 926 atque
758 839 910 918 animum,
926 853 960 905 et
978 841 1076 906 situm
1094 842 1270 928 regionum,
1285 841 1414 906 itinera·

364 949 438 1012 que,
454 939 487 990 et
507 925 613 1013 copias
627 926 669 991 ad
686 939 881 991 commeatus
901 926 1128 1014 expediendos,
1144 940 1177 994 et
1199 941 1316 1006 cetera,
1333 949 1434 1014 quaes

364 1034 515 1100 cognosse
535 1012 571 1075 in
590 1034 659 1076 rem
678 1024 754 1089 erat,
770 1033 894 1076 summa
912 1014 1020 1079 omnia
1038 1035 1113 1078 cum
1127 1037 1204 1078 cura
1222 1014 1415 1100 inquirendo

364 1098 605 1198 exsequebatur.
651 1096 757 1185 Regio
771 1110 839 1163 erat
852 1098 888 1162 in
902 1099 1012 1186 primis
1027 1098 1138 1164 Italiae
1152 1099 1274 1178 fertilis,
1286 1099 1414 1165 Etrusci

363 1205 477 1271 campi,
493 1184 551 1271 qui
568 1183 716 1248 Faesulas
734 1183 818 1249 inter
833 1184 1061 1272 Arretiumque
1076 1186 1190 1263 iacent,
1211 1185 1365 1251 frumeuti
1380 1209 1415 1251 ac

198 1278 328 1356 Flaminii·
362 1269 485 1356 pecoris
499 1282 534 1334 et
547 1270 691 1335 omnium
706 1270 798 1358 copia
811 1291 917 1335 rerum
932 1270 1083 1358 opulenti.
1132 1269 1255 1336 Consul
1269 1272 1361 1337 ferox
1377 1273 1415 1338 ab

197 1346 352 1396 cmm*
362 1355 529 1421 consulatu
541 1357 657 1443 priore,
673 1368 706 1422 et
720 1379 787 1421 non
801 1357 897 1422 modo
911 1356 1019 1444 legum
1034 1380 1071 1422 ac
1086 1357 1218 1422 Petrum
1233 1359 1414 1436 maiestatis,

362 1443 419 1507 sed
432 1465 474 1507 ne
497 1443 631 1508 deorum
652 1443 783 1530 quidem
805 1443 880 1507 satis
900 1458 1054 1508 metuens.
1102 1441 1198 1508 Hanc
1218 1445 1349 1508 insitam
1367 1447 1415 1510 in-

361 1529 457 1616 genio
472 1529 540 1593 eius
551 1530 763 1594 temeritatem
771 1529 900 1595 fortuna
909 1551 1060 1618 prospero
1069 1531 1214 1596 civilibus
1229 1530 1413 1617 bellicisque

362 1615 456 1680 rebus
477 1637 624 1679 successu
644 1614 772 1680 aluerat
818 1613 932 1702 Itaque
955 1617 1030 1680 satis
1051 1617 1231 1703 apparebat,
1254 1639 1317 1681 nec
1338 1617 1415 1682 deos

361 1722 422 1765 nec
442 1700 587 1764 homines
606 1701 835 1778 consulentem,
857 1701 1004 1766 ferociter
1022 1703 1130 1766 omnia
1148 1725 1185 1767 ac
1204 1723 1414 1790 praepropere

362 1799 516 1850 acturum
564 1785 703 1872 Quoque
723 1787 854 1872 pronior
868 1799 951 1852 esset
969 1788 1005 1851 in
1023 1788 1101 1852 vitia
1114 1811 1180 1866 sua,
1201 1789 1322 1876 agitare
1341 1813 1414 1855 eum

361 1885 458 1961 atque
473 1872 596 1936 irritare
608 1871 736 1936 Poenus
747 1887 853 1959 parat:
877 1886 920 1949 et,
931 1873 1021 1940 laeva
1031 1873 1142 1938 relicto
1152 1875 1253 1953 hoste,
1267 1875 1415 1940 Faesulas

363 1971 486 2046 petens,
502 1957 609 2030 medio
624 1956 770 2023 Etruriae
786 1981 861 2046 agro
875 1960 1061 2046 praedatum
1076 1961 1246 2047 profectus,
1261 1974 1415 2048 quantam

363 2047 534 2110 maximam
551 2045 729 2110 vastitatem
752 2057 865 2134 potest,
886 2046 1036 2110 caedibus
1053 2047 1273 2134 incendiisque
1292 2049 1415 2114 consuli

362 2131 474 2232 procul
496 2131 643 2197 ostendit
690 2131 874 2209 Flaminius,
896 2131 953 2219 qui
975 2155 1016 2197 ne
1038 2134 1149 2219 quieto
1169 2134 1301 2221 quidem
1324 2135 1414 2200 hoste

362 2241 430 2306 rpse.
445 2219 610 2306 quieturus
630 2231 707 2295 erat,
724 2231 793 2282 tum
812 2239 897 2296 vero,
913 2232 1080 2306 postquam
1099 2242 1149 2284 res
1163 2220 1321 2286 sociomm
1341 2235 1413 2286 ante

364 2305 471 2371 oculor
486 2327 584 2392 prope
599 2327 672 2369 suos
686 2305 761 2368 ferri
775 2303 891 2392 agique
906 2304 995 2382 vidit,
1007 2327 1100 2370 suum
1115 2305 1149 2370 id
1163 2307 1304 2372 dedecus
1318 2321 1433 2386 ratus,1

363 2413 421 2478 per
440 2392 578 2456 mediam
598 2391 662 2454 iam
681 2388 808 2455 Italiam
822 2391 929 2478 vagari
948 2391 1104 2469 Poenum,
1120 2405 1226 2480 atque,
1243 2395 1414 2460 obsistente

365 2476 464 2553 nullo,
488 2475 530 2541 ad
556 2477 624 2564 ipsa
648 2475 796 2540 Romana
819 2477 946 2542 moenia
970 2478 1016 2543 ire
1038 2479 1273 2566 oppugnanda3
1302 2483 1414 2545 ceteris

364 2563 511 2628 omnibus
526 2563 560 2626 in
575 2561 706 2626 consilio
717 2561 865 2629 salutaria
879 2563 988 2652 magis,
1005 2587 1101 2651 quam
1116 2567 1266 2652 speciosa,
1277 2567 1414 2632 suaden-

364 2650 459 2725 tibus,
483 2647 654 2735 ‘collegam
676 2649 934 2737 exspectandum,
957 2663 994 2716 ut
1013 2652 1191 2716 coniunctis
1213 2653 1414 2729 exercitibus,

366 2735 546 2800 ‘communi
561 2735 667 2800 animo
685 2735 880 2822 consilioque
901 2757 968 2801 rem
991 2751 1155 2824 gererem
1180 2731 1309 2804 interim
1324 2741 1414 2827 equi-

365 2829 455 2886 ‘tatu
478 2819 667 2908 auxiliisque
684 2820 802 2886 levium
824 2845 983 2888 armorum
1005 2823 1045 2888 ab
1064 2825 1164 2889 effusa
1181 2824 1358 2925 praedandi
1378 2825 1415 2888 li-

365 2907 492 2973 ‘centia
502 2907 626 2972 hostem
637 2906 877 2985 cohibendum3’
898 2910 1038 2974 iramsse
1052 2933 1094 2975 ex
1106 2911 1237 2976 consilio
1270 2912 1414 2999 roripuit,

363 2994 389 3058 si
435 3017 553 3082 umque
569 2993 662 3058 simul
672 2992 796 3058 itineris
833 3017 1001 3083 ugnaeque
1012 2999 1186 3083 proposuit
1226 3006 1237 3036 ‘
1247 2934 1339 3073 1&uin
1351 2999 1415 3062 imo

365 3087 375 3118 ‘
417 3081 506 3146 rretii
525 3093 598 3146 ante
619 3080 747 3146 moenia
765 3101 798 3145 se
822 3082 950 3158 eamus?
968 3082 1091 3168 inquit:
1117 3083 1190 3148 ‘hic
1208 3083 1296 3149 enim
1314 3085 1415 3172 patria

365 3173 420 3231 ‘et
433 3180 563 3254 penates
577 3179 660 3232 sunt
707 3163 870 3232 Hannibal
885 3168 1017 3233 emissus
1031 3191 1049 3232 e
1064 3169 1210 3235 manibus
1324 3169 1415 3258 pule·

366 3260 439 3318 ‘tur
462 3251 597 3330 ltaliam,
623 3253 840 3341 vastandoque
866 3265 900 3318 et
924 3254 1047 3319 urendo
1071 3257 1178 3320 omnia
1266 3191 1415 3322 llpdmana

366 3347 376 3376 ‘
387 3341 513 3405 moenia
529 3341 711 3428 perveniat;
734 3363 794 3406 nec
814 3353 888 3404 ante
908 3361 966 3405 nos
988 3339 1064 3405 hinc
1086 3341 1286 3418 moverimus,
1307 3365 1413 3428 quam,

366 3427 467 3491 ‘sicut
486 3426 561 3492 olim
581 3425 754 3492 Camillum
772 3426 811 3491 ab
832 3425 932 3503 Velia,
953 3423 992 3491 C.
1010 3425 1201 3493 Flaminium
1223 3429 1263 3491 ab
1285 3427 1434 3494 Arrctios

398 3677 413 3724 8
429 3676 515 3725 Altero
521 3674 589 3724 mulo
599 3676 710 3737 capitur]
724 3674 765 3723 Ita
778 3673 832 3722 Pol.
839 3689 873 3724 ur
906 3681 990 3749 putem
1001 3673 1077 3750 huius¹
1084 3676 1214 3752 locutionis
1224 3675 1281 3726 inda
1292 3682 1338 3736 est,
1350 3677 1415 3740 quod

367 3737 874 3860 unurrrlrnutunsr
906 3739 1414 3866 remuneratum

367 3866 416 3913 lsm
424 3866 510 3912 dextro
518 3865 589 3914 oculo
596 3879 722 3926 nunquam
729 3867 875 3928 aequsbsnc
904 3873 1016 3928 pentum
1036 3867 1086 3916 alia
1103 3867 1220 3928 inanima,
1237 3873 1263 3918 et
1280 3883 1358 3930 quum
1377 3869 1414 3931 agi

367 3943 438 3978 usum
450 3927 600 3976 messer-ibit.
907 3944 956 3978 non
968 3931 1205 3992 passinusemnrur.
1222 3931 1303 3982 Gnsr.

399 4007 414 4056 9
431 3994 466 4040 Et
476 3993 570 4054 coplas]
595 3993 627 4040 Id
643 3997 688 4052 est,
700 4007 779 4041 rerum
793 4007 874 4041 naras·
940 3995 1142 4044 aOomllltuaob
1156 3997 1231 4056 Veiis]
1248 3995 1415 4060 Idemlegitur

367 4056 483 4106 emiorum
493 4057 525 4104 ud
537 4061 687 4104 commeatus
698 4056 870 4118 expediendos.
907 4071 972 4119 supr.
992 4057 1025 4107 ix.
1041 4075 1063 4118 4.
1081 4060 1199 4109 Ccterum
1216 4057 1354 4109 Camillum
1371 4064 1415 4110 Ar·

402 4135 411 4168 ι
430 4121 504 4170 Ferri
514 4121 615 4183 coique]
635 4135 668 4174 sc.
679 4119 767 4182 Diripi
788 4119 871 4169 Latini
904 4121 965 4170 daea
982 4123 1105 4170 casulam
1120 4130 1146 4172 et
1162 4123 1193 4172 ab
1208 4123 1291 4172 Ardea
1308 4124 1415 4173 accitum

366 4183 479 4232 dixerunt
483 4185 564 4244 serre,
570 4199 643 4245 opos
653 4198 697 4245 pro
708 4185 822 4246 diripere,
831 4197 871 4232 ex·
904 4200 955 4233 esse
964 4186 1038 4234 tradit
1051 4186 1104 4234 Liv.
1117 4203 1139 4234 v.
1149 4199 1187 4248 43.
1197 4185 1235 4246 46.
1258 4185 1347 4247 Quum
1360 4201 1415 4236 rero

366 4248 449 4309 amplo
463 4253 561 4309 sumpto
577 4263 592 4295 a
606 4246 715 4306 Graecis,
726 4247 768 4309 qui
785 4249 872 4296 eodem
904 4247 957 4295 eius
967 4249 1088 4298 exercitur
1097 4249 1165 4310 apud
1172 4249 1249 4298 Veios
1256 4257 1330 4311 mast,
1338 4251 1391 4314 ipss
1400 4267 1416 4298 a

366 4308 774 4372 sensuusmpnnttyeneuotpen.
798 4311 872 4372 Origo
905 4311 975 4359 Veiis
984 4312 1077 4361 accitus
1087 4311 1182 4362 dicitur.
1196 4313 1292 4364 Rima.
