3002 4798
365 232 406 293 58
748 228 861 295 TITI
889 226 1025 296 L1V11

201 363 277 414 Μ·
289 375 344 427 sss·
366 371 515 450 ‘ratquez
539 385 581 428 ns
597 363 728 430 Latinas
742 365 908 441 indiceret,
923 361 1059 452 Iovique
1073 363 1194 428 Latiari
1208 361 1351 428 sollenne
1367 375 1440 424 sad

200 430 231 478 Α·
248 428 278 478 ⁰·
290 429 345 480 ²¹⁸·
365 455 476 513 ‘crum
490 450 525 516 in
540 463 649 516 monte
663 450 799 517 faceret:
822 473 874 529 ns,
890 450 1051 538 auspicato
1065 449 1226 552 profectus
1236 449 1271 514 in
1282 446 1420 534 Capito-

365 534 466 600 ‘lium
485 535 527 600 ad
540 548 620 601 vota*
636 537 860 626 nuncupando,
876 537 1044 625 paludatus
1063 535 1139 601 mdc
1158 558 1233 600 cum
1252 533 1420 600 lictoribus

364 620 427 685 ‘ad
450 620 646 708 provinciam
668 624 738 689 iret.
785 623 886 689 Lixae
910 623 1006 688 modo
1035 622 1103 688 sine
1132 621 1321 710 insignibus,
1347 619 1419 683 sine

365 706 557 786 ‘lictoribus
584 708 761 796 profectum
784 707 1128 788 clam,fi1rtim,haud
1153 707 1245 772 aliter
1266 727 1366 794 qtmm
1392 705 1420 768 si

365 793 594 860 ‘exsiliicsuss
603 795 868 861 solumvertisset.
907 794 1014 883 Magis
1024 817 1083 883 pro
1094 795 1257 860 maiestate
1265 791 1420 857 videlicet
1492 865 1493 874 ἒ

366 879 510 966 ‘imperii
527 881 676 959 Arimini,
693 904 790 983 quam
811 881 945 960 Romae,
961 883 1177 968 magistratum
1201 880 1421 954 initurum‚‘ct

366 965 422 1030 ‘in
436 966 616 1053 deversorio
631 968 789 1056 hospitali,
805 990 901 1055 quam
917 968 1002 1055 apud
1021 980 1156 1069 penates
1169 988 1253 1043 suos,
1268 975 1421 1052 praetex—
1492 1013 1493 1044 p

302 1095 307 1104 ,
366 1061 449 1117 ‘tam
464 1055 684 1140 sumpturum)
729 1054 959 1119 Revocandum
973 1054 1111 1120 umversi
1125 1051 1420 1136 retrahendumque
1492 1083 1493 1106 2

365 1140 560 1204 censuenm't
567 1163 576 1216 3
608 1154 643 1206 et
745 1139 848 1205 ndum
872 1140 1021 1206 omnibus
1045 1139 1133 1227 pn'us
1155 1149 1360 1226 praesentem
1386 1136 1422 1198 in

365 1223 443 1289 deos
464 1224 673 1314 hominesque
730 1227 786 1314 ngi
806 1225 927 1305 officiis,
950 1249 1047 1314 quarn
1069 1226 1111 1291 sd
1130 1225 1308 1290 exercimm
1328 1221 1421 1288 etin

202 1318 349 1366 Fruatur*
366 1310 562 1397 provinciam
584 1312 653 1376 iret.
699 1311 739 1376 In
762 1313 865 1378 caml
926 1314 1046 1378 tionem
1067 1311 1112 1398 (le
1154 1323 1203 1376 tos
1224 1310 1311 1374 enim
1336 1306 1423 1372 mitti
1492 1355 1493 1360 η

203 1385 347 1504 ἶῖῗὲῗζπ,
366 1395 502 1483 placuit)
519 1397 561 1473 Q.
574 1397 746 1464 Terentius
760 1411 794 1464 ct
808 1399 857 1464 M.
904 1399 1030 1464 ntistius
1044 1335 1188 1483 prolicua,
1201 1395 1303 1461 nihilo
1318 1395 1423 1480 magis
1492 1483 1493 1486 Ἴ

203 1509 347 1568 A.C.217.
367 1505 441 1547 eum
462 1497 638 1561 moverunt,
678 1508 752 1550 uam
771 1485 869 1572 priori
891 1483 1057 1549 consulatu
1070 1483 1180 1548 literae
1199 1494 1369 1547 moverent
1382 1481 1423 1544 ab
1492 1487 1493 1498 ¹

202 1573 249 1648 Qn-
261 1569 340 1650 sergi·
367 1581 477 1633 senatu
495 1569 615 1634 missac.
690 1593 785 1636 sucos
799 1583 871 1657 post
885 1570 954 1636 dies
974 1569 1190 1656 magistratum
1205 1567 1288 1645 iniit,
1304 1567 1423 1631 immo-

202 1633 352 1747 ffiss'llllu'
367 1653 510 1741 lautique
530 1656 561 1720 ei
575 1655 693 1722 vitulus
711 1657 774 1720 ism
788 1657 871 1722 ictus
889 1678 907 1720 e
922 1655 1068 1720 manibus
1087 1653 1335 1720 sacrificantium
1353 1675 1423 1717 sese

202 1764 272 1812 oon.
391 1762 469 1804 uum
490 1741 575 1828 prori
599 1741 707 1820 uisset,
725 1741 842 1807 multos
863 1741 1103 1808 circumstantes
1123 1761 1236 1806 cruore
1258 1739 1423 1826 respersit.

368 1763 458 1912 luga
470 1763 698 1912 proculetiam
719 1829 820 1893 maior
839 1828 925 1916 opud
944 1828 1079 1914 ignaros,
1094 1827 1173 1913 quid
1196 1823 1423 1912 trepidaretur,

367 1924 402 1975 et
415 1914 614 1978 concinnatio
628 1913 706 1979 fuit:
729 1913 765 1978 id
784 1937 804 1978 s
821 1914 980 2002 plerisque
1001 1914 1036 1978 in
1053 1935 1146 1978 omen
1168 1912 1275 1999 magni
1292 1912 1425 1976 terroris

368 2012 544 2086 acceptum.
589 1999 786 2086 legionibus
807 2000 884 2065 inde
909 2000 1032 2064 duabus
1055 2022 1075 2063 a
1100 1997 1290 2086 Sempronio
1306 1999 1425 2085 prioris

367 2085 445 2148 anni
459 2085 600 2164 consule,
613 2086 736 2151 duabus
750 2109 771 2151 a
786 2084 825 2151 C.
837 2086 939 2151 Atilio
953 2099 1096 2173 praetore
1111 2085 1259 2171 acceptis,
1271 2084 1308 2148 in
1324 2083 1425 2150 Etru-

369 2171 447 2236 riam
463 2193 521 2259 por
537 2172 703 2260 Apennini
719 2173 861 2238 tramites
875 2173 1034 2238 exercitus
1048 2171 1123 2236 duci
1137 2183 1186 2238 est
1200 2182 1346 2258 coeptus.

401 2423 417 2464 4
433 2405 473 2453 Na
484 2405 587 2454 Latinos
598 2404 727 2463 indicaret]
751 2403 880 2464 Munerat,
912 2403 1030 2453 dixissent
1046 2409 1071 2453 et
1087 2405 1257 2457 celebrassent.
1276 2404 1309 2455 cs.
1320 2420 1390 2470 supr.
1404 2423 1424 2455 r.

307 2525 309 2528 Ι
370 2473 398 2515 ut
417 2469 530 2515 conmles
548 2481 597 2515 non
616 2473 674 2515 anta
696 2467 721 2514 in
743 2467 881 2530 provincias
916 2481 952 2532 η.
969 2469 1050 2518 Canv.

371 2531 588 2594 proficiscerentur,
603 2545 678 2594 quam
694 2531 739 2581 has
757 2531 829 2581 reriu
845 2531 880 2582 in·
