2888 4768
356 208 451 274 LIB.
475 207 603 275 XXIV.
634 207 745 275 CAP.
769 214 821 276 36.
1047 213 1110 275 213

66 342 279 430 thaginieuses
289 343 480 423 defecerant,
493 345 649 412 Helorum
661 359 756 433 atque
772 344 978 424 Herbessum,
987 345 1108 410 deden·
1119 357 1153 408 U.
1164 357 1194 407 c.
1210 358 1265 420 538.

66 430 149 495 tibus
166 431 251 517 ipsis,
267 432 386 520 recipit.
433 432 566 521 Megara
579 433 611 498 vi
631 446 723 520 capta
739 432 838 498 diruit
856 456 893 498 ac
915 432 1047 521 diripuit
1067 423 1148 498 adi*
1164 423 1194 472 ⁰·
1210 435 1266 482 ²¹⁴·

64 517 268 604 reliquorum,
299 541 335 584 ac
364 520 501 584 maxime
534 520 809 608 Syracusanorum,
840 533 998 586 terrorem.
1044 519 1108 584 Per
1117 535 1227 584 Himilco

64 603 151 668 idem
159 605 224 668 fere
237 619 361 693 tempus
372 620 405 671 et
417 606 567 684 Himilco,
580 607 636 694 qui
647 606 689 671 ad
703 607 847 695 Pachyni
858 606 1107 693 promontorium
1116 615 1255 676 namneus

65 689 194 755 classem
209 690 265 755 diu
281 705 433 771 tenuerat,
446 693 487 757 ad
503 693 700 772 Heracleam,
713 716 807 780 quam
822 706 936 758 vocant
951 693 1107 770 Minoam,
1116 664 1265 778 ζῑζζιξξζξζ

64 777 208 864 quinque
229 791 262 842 et
280 779 392 866 viginti
408 779 506 844 millia
519 779 673 866 peditum,
690 780 750 844 tria
768 780 922 866 equitum,
938 779 1107 845 duodecim

40 862 250 950 selephantos
269 887 308 928 ex
352 867 434 930 suit:
458 890 499 930 ne
523 889 660 954 uuquam
675 890 748 931 cum
764 866 891 953 quantis
911 867 1011 953 copiis
1033 879 1106 931 ante

65 962 211 1014 tenuerat
230 951 272 1015 ad
319 953 479 1040 achynum
498 889 636 1018 ilassem.
685 953 758 1030 Sed,
773 965 940 1040 postquam
962 953 1002 1017 ab
1024 952 1108 1040 Hip-

65 1053 191 1124 pocrate
206 1052 376 1125 occupatae
394 1039 565 1128 Syracusae
580 1054 679 1118 erant,
695 1039 853 1126 profectus
870 1039 969 1104 Carth
1012 1039 1106 1117 hem,

65 1123 255 1211 adiutusque
271 1125 315 1190 ibi
335 1139 368 1191 et
381 1127 421 1190 ab
441 1125 552 1213 legatis
572 1126 785 1214 Hippocratis,
800 1125 961 1213 literisque
1018 1127 1110 1190 anni-

64 1209 152 1288 balis,
168 1211 224 1296 qui
235 1213 355 1278 venisse
372 1226 496 1300 tempus
510 1213 614 1279 aiebat
630 1213 754 1278 Siciliae
770 1236 827 1301 per
840 1236 998 1278 summum
1011 1213 1109 1278 decus

63 1297 265 1383 repetendae,
276 1312 310 1363 et
322 1300 390 1387 ipse
404 1299 491 1364 haud
504 1323 603 1365 vanus
616 1323 764 1388 praesens
779 1300 916 1365 monitor
929 1299 1020 1365 facile
1035 1322 1108 1387 per-

63 1382 197 1471 pulerat,
213 1399 259 1462 ut,
272 1399 408 1472 quantae
423 1387 578 1452 maximae
593 1400 730 1474 possent,
765 1387 916 1452 editume
941 1387 1106 1474 uitumque

63 1470 172 1557 copiae
198 1471 233 1534 in
261 1471 400 1537 Siciliam
425 1473 649 1538 traiicereutur.
695 1475 727 1538 A
750 1474 880 1538 veniens
943 1473 1106 1550 eracleam,

63 1557 147 1623 intra
170 1581 287 1657 paucos
313 1559 381 1624 dies
406 1560 481 1625 inde
509 1560 723 1648 Agrigentum
748 1561 880 1648 recipit:
911 1559 1106 1647 aliarumque

62 1645 248 1723 civitatium,
272 1669 353 1733 quae
375 1647 472 1733 partis
496 1646 806 1748 Carthaginiensium
828 1660 928 1725 erant,
950 1647 1030 1712 adeo
1056 1669 1108 1712 ac-

62 1753 176 1795 censae
188 1745 263 1797 sunt
276 1755 347 1819 spes
358 1733 399 1797 ad
413 1733 577 1820 pellendos
594 1733 700 1800 Siciha
715 1735 885 1813 Romanos,
899 1748 935 1799 ut
948 1747 1107 1820 postremo

62 1819 169 1894 etiam,
190 1819 247 1904 qui
268 1819 494 1884 obsidebantur
515 1820 685 1908 Syracusis,
701 1823 823 1886 animos
839 1821 1039 1898 sustulerint3
1063 1833 1253 1904 et,Hippoera

61 1918 151 1992 parte
171 1907 333 1992 copiarum
347 1907 422 1971 satis
442 1906 572 1972 defendi
591 1909 701 1973 urbem
722 1931 812 1995 posse
826 1909 896 1986 rati,
912 1909 957 1972 ita
976 1908 1060 1972 inter
1073 1910 1263 1982 samm·

60 2013 196 2056 munera
215 1991 289 2056 belli
309 1993 416 2079 partiti
438 1995 510 2072 sint,
529 2007 566 2060 ut
587 1993 746 2095 Epicydes
767 2006 924 2081 praeesset
946 1993 1105 2058 custodiae
1115 1972 1247 2083 ξζξξξωε

61 2077 158 2156 urbis,
176 2077 244 2166 Hip
267 2092 396 2157 ocrates,
413 2080 589 2145 Himilconi
609 2094 806 2156 coniunctus,
822 2079 939 2144 bellum
960 2080 1107 2145 adversus
1115 2099 1242 2160 egreditur.

60 2163 225 2230 consulem
242 2101 424 2231 homanum
442 2181 574 2254 gereret
621 2167 706 2232 Cum
727 2167 838 2230 decem
859 2166 997 2230 millibus
1015 2164 1107 2252 pedi·
1204 2225 1217 2236 ,

61 2265 142 2330 tum,
165 2253 348 2340 quingentis
374 2253 534 2341 equitibus
557 2267 650 2318 nocte
672 2277 731 2340 per
754 2253 932 2318 intermissa
956 2251 1106 2316 custodiis

33 2337 133 2407 9loca
146 2338 314 2426 profectus,
326 2355 427 2405 castra
441 2341 523 2405 circa
534 2339 669 2405 Acrillas
683 2341 795 2405 urbem
809 2340 955 2427 ponebat
994 2337 1106 2402 Muni-

61 2425 189 2491 entibus
209 2428 391 2515 supervenit
411 2427 592 2504 Marcellus,
608 2428 648 2491 ab
664 2425 842 2514 Agrigento
864 2427 927 2490 iam
942 2439 1105 2526 occupato,

61 2535 163 2599 quum
186 2513 300 2578 frustra
321 2537 359 2580 eo
381 2514 563 2602 praevenire
589 2514 712 2578 hostem
735 2512 885 2578 festinans
912 2513 1105 2589 tetendisset,

61 2598 206 2676 rediens3
230 2601 312 2665 nihil
324 2601 428 2666 minus
442 2613 535 2679 ratus,
549 2623 644 2700 quam
659 2600 714 2665 illo
726 2613 866 2751 tempore
879 2623 915 2664 ac
926 2600 996 2666 loco
1013 2600 1106 2689 Syra·

61 2708 215 2751 cusanum
231 2688 290 2752 sibi
305 2689 480 2752 exercitum
498 2688 622 2753 obviam
638 2688 724 2766 fore3
748 2711 780 2752 se
820 2700 926 2752 tamen
941 2701 1029 2752 metu
1045 2687 1107 2751 Hi·

60 2772 208 2838 milconis
231 2774 486 2861 Poenorumque,
510 2787 546 2839 ut
569 2775 683 2861 quibus
704 2797 907 2861 nequaquam
933 2775 971 2839 iis
997 2775 1104 2863 copiis,

60 2881 142 2947 quas
163 2859 308 2937 habebat,
333 2873 500 2948 parasset,
524 2885 620 2949 quam
645 2875 769 2948 poterat
792 2861 928 2926 maxime
952 2863 1104 2938 intentus,

59 2960 159 3032 atque
182 2947 306 3034 agmine
329 2947 369 3010 ad
392 2970 501 3012 omnes
523 2971 612 3012 casus
637 2947 811 3034 composito
832 2947 906 3012 ibat.
952 2947 1045 3012 Forte
1068 2969 1106 3012 ea
1161 2953 1213 3013 36.

59 3055 147 3110 cura,
158 3055 238 3120 quae
248 3046 316 3098 erat
328 3033 475 3098 adversus
486 3034 611 3098 Poenos
622 3047 813 3121 praeparata,
824 3033 972 3097 adversus
982 3031 1105 3097 Siculos
1115 3035 1229 3084 Vincitur
1238 3053 1255 3084 ⁸

59 3119 135 3184 usui
145 3119 214 3184 fuit.
254 3119 375 3184 Castris
385 3119 541 3207 ponendis
552 3118 986 3208 incompositosacdispersos
995 3131 1106 3184 nactus
1114 3100 1242 3150 Marcello.

59 3229 118 3270 eos
131 3219 165 3270 et
178 3204 345 3294 plerosque
364 3207 510 3284 inermes
518 3206 613 3308 ‘quod
632 3207 776 3294 peditum
794 3205 863 3282 fuit,
879 3204 1103 3270 circumvenit:

59 3315 171 3380 eques,
197 3293 260 3358 levi
285 3293 455 3358 certamine
482 3294 571 3371 inito,
596 3316 670 3358 cum
693 3292 888 3379 Hippocrate
913 3291 1013 3357 Acras
1034 3315 1107 3380 per·

58 3380 96 3444 fu
120 3381 153 3444 't

95 3402 157 3530 ¹lia
184 3489 206 3553 p
272 3489 292 3531 a
320 3466 503 3533 deficientes
532 3466 572 3531 ab
603 3465 756 3530 Romanis
786 3487 886 3551 quum
915 3465 1107 3530 cohibuisset

61 3552 197 3630 Siculos,
260 3552 393 3618 arcellus
418 3553 441 3618 S
515 3575 586 3618 usas
610 3552 723 3618 rediit:
755 3564 788 3616 et
808 3563 880 3638 post
900 3573 1017 3637 paucos
1038 3551 1107 3616 dies

59 3637 216 3716 Himilco,
242 3639 393 3704 adiuncto
453 3641 623 3727 ippocrate,
646 3638 687 3705 ad
708 3638 828 3703 flumen
851 3636 1012 3724 Anapum,
1035 3650 1107 3704 octo

57 3725 162 3790 ferme
176 3724 252 3790 inde
272 3725 380 3802 millia,
396 3739 496 3792 castra
510 3726 623 3813 posuit.
672 3723 738 3790 Sub
753 3723 839 3789 idem
854 3724 919 3789 fere
935 3737 1059 3812 tempus
1074 3737 1215 3790 etAuxitu

58 3833 159 3876 naves
184 3811 297 3963 longae
321 3813 463 3912 quinque
487 3827 519 3878 ct
541 3811 773 3964 quinqpaginta
795 3809 1106 3899 Carthaginiensium
1115 3803 1232 3851 Romaet

35 3921 137 3962 rcum
153 3897 244 3964 Bom'
259 3921 330 3965 care
345 3898 450 3964 classis
471 3921 546 3987 prae
560 3911 630 3964 ecto
644 3922 679 3963 ru
694 3921 845 3988 maguum
865 3911 993 3987 portum
1015 3867 1262 3988 Sym-plangite

94 4109 111 4158 8
128 4111 290 4173 Nequaquam
303 4126 358 4158 cum
374 4111 473 4173 quantis
483 4111 571 4171 orariis]
605 4115 711 4172 quantae
732 4109 829 4158 strarant
849 4108 916 4170 illae,
938 4127 993 4160 cum
1016 4111 1111 4174 quibua,

58 4173 130 4224 Cum
141 4173 226 4236 copiis,
237 4189 301 4236 quse
316 4178 399 4222 mutae
410 4178 487 4232 erant,
498 4189 572 4234 quun·
605 4179 652 4222 etc.
670 4174 750 4223 Cnsv.

58 4245 104 4286 tae
126 4253 177 4286 non
198 4237 295 4286 hrerant
320 4237 388 4298 illae,
409 4253 465 4286 cum
487 4237 574 4299 quibus
637 4239 792 4301 qdorillos]
823 4238 891 4286 Inter
910 4240 1067 4302 Agrigentum
1087 4244 1112 4287 ct

59 4301 133 4364 prius
140 4301 573 4364 tsnueratadPachynumclaasem:
606 4303 690 4350 Aaron
709 4300 773 4350 Rus.

59 4365 125 4424 sire,
150 4380 205 4414 cum
235 4365 312 4428 copiis
338 4365 477 4424 maioribus,
500 4379 573 4426 qtram
642 4367 788 4426 tMapnum
797 4367 906 4427 portam]
918 4365 1037 4414 Maiorem
1047 4365 1111 4414 enim
