2874 4772
347 246 443 312 Lis.
468 247 596 314 xxvi
628 247 740 316 cae.
767 237 818 317 11,
1039 259 1101 321 aaa

33 381 37 388 '
101 381 231 449 Postero
253 383 305 448 die
332 395 540 472 transgressus
564 386 726 452 Anienem
756 387 919 453 Hannibal
945 389 979 453 in
1001 391 1101 454 aciem
1113 407 1187 458 uc.
1204 419 1260 468 54¹·

54 493 167 535 omnes
188 471 293 557 copias
315 470 443 535 eduxit:
475 493 534 537 nec
557 471 688 537 Flaccus
710 474 917 561 consulesque
941 489 1099 540 certamen
1113 473 1140 522 Α·
1158 473 1188 522 0·
1204 485 1259 520 ²¹¹·

54 557 280 622 detrectavere.
325 556 491 622 Instructis
511 558 671 646 utrimque
692 561 881 626 exercitibus
899 561 933 626 in
953 563 1021 627 eius
1065 586 1100 627 u·
1160 541 1209 599 ¹¹·

52 666 138 744 gnae
147 667 263 720 casum,
273 645 307 707 in
318 667 381 730 qna
392 645 466 708 urbs
479 644 702 712 Romavictori
713 649 889 734 praemium
899 663 989 726 esset,
999 649 1042 712 im
1085 623 1244 748 stiffi?

52 751 169 816 angens
182 727 337 818 grandine
352 730 470 795 mixtus
485 732 529 796 ita
540 747 706 820 utramque
722 735 821 799 aciem
837 736 982 813 turbavit,
995 749 1031 800 ut
1044 736 1098 799 vix
1107 751 1172 800 acies
1182 757 1243 827 tan3

51 817 151 880 armis
164 816 344 881 retentisfl'n
363 831 464 882 castra
478 841 544 883 sese
564 820 752 906 receperint,
767 820 885 885 nullius
900 822 946 886 rei
966 823 1097 899 minore,
1108 817 1252 889 pertarum

51 925 152 988 quam
166 902 314 981 hostiurn,
330 921 427 969 metu.
474 903 517 969 Et
591 919 659 970 tero
673 906 726 971 die
741 906 854 972 eodem
870 907 939 971 loco
954 909 1036 973 acies
1051 908 1100 972 in·
1109 885 1161 928 rmt

51 1003 187 1054 structas
209 990 319 1054 eadem
342 1003 511 1078 tempestas
553 992 664 1057 'emit
713 993 779 1060 Ubi
799 994 990 1080 recepissent
1012 1017 1044 1058 se
1066 995 1099 1058 in
1188 1002 1192 1017 ‘

50 1093 164 1153 castra,
180 1077 260 1141 mira
274 1078 424 1142 serenitas
443 1101 516 1143 curn
537 1079 763 1166 tranquillitate
783 1080 949 1144 oriebatur.
995 1079 1035 1144 In
1051 1102 1100 1144 re·

49 1161 205 1311 llqgionem
233 1186 272 1227 ea
301 1186 350 1228 res
375 1163 461 1251 apud
487 1163 612 1230 Poenos
634 1189 723 1230 versa
748 1182 812 1231 est:
844 1165 1013 1253 auditaque
1036 1189 1098 1230 vox

88 1247 246 1313 annibalis
275 1249 383 1326 fertur,
416 1249 612 1316 ‘Potiundae
643 1252 716 1316 sibi'
732 1253 819 1318 urbis
850 1253 971 1318 Romae
1003 1251 1098 1317 modo

50 1348 195 1399 mentem
213 1358 278 1400 non
299 1335 377 1413 dari,
393 1337 487 1402 modo
504 1337 683 1402 fortunam!
727 1339 877 1404 Minuere
898 1339 993 1403 etiam
1009 1361 1097 1426 spem

49 1421 123 1486 eius
137 1436 169 1486 et
183 1421 273 1500 aliae,
285 1445 380 1509 parva
395 1446 427 1487 m
490 1446 581 1509 aque,
598 1447 660 1489 res:
685 1447 799 1513 magna
813 1425 875 1502 illa,
888 1425 985 1514 quod,
997 1449 1096 1512 quum
1106 1441 1210 1505 sappus

49 1509 122 1594 ipse
142 1507 182 1572 ad
202 1509 328 1573 moenia
347 1445 574 1575 urbisalibmae
595 1526 732 1576 armatus
751 1513 884 1588 sederet,
905 1510 1021 1576 milites
1038 1513 1097 1576 sub
1105 1513 1216 1582 9⁰¹²th

49 1593 177 1659 vexillis
188 1595 222 1659 in
233 1619 269 1660 su
292 1595 487 1683 plementum
501 1595 673 1684 Hispaniae
686 1599 841 1685 profectos
850 1597 984 1663 audivit:
1002 1571 1234 1685 paruaffiffl*

49 1696 170 1758 autem,
218 1619 293 1746 rrtrd>
303 1703 360 1768 per
381 1705 435 1746 eos
456 1682 524 1747 dies
546 1707 619 1748 eum
641 1684 720 1749 forte
743 1707 863 1773 agrurn,
885 1685 920 1749 in
943 1707 1007 1772 quo
1029 1685 1096 1772 ipse
1106 1699 1179 1760 Ager,
1189 1698 1215 1746 in
1240 1762 1246 1774 υ

49 1781 154 1833 castra
167 1706 306 1845 biberet,
323 1769 453 1846 venisse,
470 1769 550 1833 nihil
565 1771 605 1834 ob
626 1769 660 1834 id
675 1770 839 1836 deminuto
859 1772 971 1858 pretio,
987 1763 1257 1858 cogni-suffim-

51 1870 123 1918 tum
138 1877 178 1918 ex
193 1855 331 1942 quodam
346 1856 471 1956 captivo
486 1869 542 1920 est
588 1856 627 1920 Id
642 1878 715 1921 vero
724 1857 804 1922 adeo
818 1859 988 1944 superbum
1000 1873 1095 1944 atque
1105 1827 1236 1948 iim?

49 1940 220 2027 indignum
235 1941 346 2018 visum,
362 1965 430 2006 erus
444 1941 512 2019 soli,
522 1942 615 2092 lquod
631 1943 697 2029 ipse
716 1943 800 2008 bello
814 1957 942 2030 captum
957 1945 1171 2030 posside-venit
1183 1955 1233 2003 lta

49 2041 101 2092 ret
117 2028 318 2115 haberetque,
334 2027 499 2092 inventum
553 2051 643 2094 omae
658 2042 851 2128 emptorem3
876 2043 921 2106 ut,
937 2031 1097 2117 extemplo
1105 2034 1168 2068 ¹⁰⁸⁰·

48 2126 164 2178 vocato
187 2137 352 2201 praecone,
377 2115 522 2180 tabernas
548 2128 748 2200 argenteum,
796 2139 855 2180 uae
885 2111 1095 2181 circulorum

50 2200 236 2265 Romanum
251 2216 327 2266 tunc
347 2219 461 2277 essent,
476 2201 601 2265 iusserit
614 2201 731 2265 venire.
814 2201 840 2265 is
854 2217 958 2268 motus
973 2203 1013 2267 ad
1029 2203 1212 2268 'l'u-Recedit

49 2288 129 2352 tiam
153 2288 285 2352 fluvium
310 2302 409 2352 eastra
434 2287 551 2365 retulit,
574 2309 629 2352 sex
654 2285 753 2352 millia
774 2311 922 2438 passuum
947 2290 986 2354 ab
1008 2291 1094 2355 urbe.
1106 2283 1240 2334 Hannibal.

49 2373 134 2438 Inde
150 2375 190 2440 ad
205 2375 311 2439 lucum
333 2373 484 2440 Feroniae
499 2374 602 2462 pergit
616 2375 671 2451 ire,
689 2387 775 2464 temp
788 2398 842 2439 um
857 2399 896 2440 ea
911 2388 1096 2464 tempestate

25 2460 209 2534 5inclutum
230 2461 356 2526 divitiis.
404 2460 582 2549 Capenates
604 2462 727 2548 antiqui
750 2461 873 2527 accolae
898 2463 965 2527 eius
988 2476 1096 2540 erant3

49 2547 205 2634 primitias
219 2548 345 2636 furgum
355 2571 394 2613 eo
408 2548 556 2634 donaque
567 2547 628 2613 alia
661 2570 696 2612 ro
712 2549 803 2635 eopia
814 2561 984 2637 portantes,
997 2549 1097 2614 multo

48 2657 130 2698 auro
154 2649 284 2722 argento
308 2657 347 2699 ue
374 2634 408 2699 id
433 2648 619 2700 exornatum
638 2571 813 2700 iubebant
861 2635 922 2699 His
951 2636 1097 2701 omnibus

23 2721 145 2786 6donis
160 2737 227 2786 tum
242 2659 409 2808 spbliatum
425 2721 587 2809 templuut
636 2723 730 2787 Aeris
744 2721 857 2798 acervi,
870 2745 969 2809 quum
982 2722 1097 2787 rudera

25 2807 169 2878 7milites
182 2807 334 2908 religione
349 2809 458 2873 intacti
474 2809 623 2887 iacerent,
638 2825 709 2897 post
724 2809 951 2897 profectionem
970 2808 1096 2872 Hanni-

47 2894 131 2958 balis
149 2917 256 2995 magni
275 2896 405 2961 inventi.
452 2895 559 2960 Huius
578 2919 620 2984 po
644 2896 741 2961 ulatio
762 2895 873 2983 templi
893 2895 980 2960 baud
999 2895 1097 2960 dubia

47 2981 136 3044 inter
160 2995 325 3068 scriptores
350 2995 405 3048 est.
453 2981 593 3060 Coelius,
619 2919 755 3046 Romam
777 2996 907 3047 euntem
931 2983 971 3047 ab
998 2981 1095 3046 Ereto

48 3067 222 3132 devertisse
242 3091 280 3132 eo
300 3067 525 3147 Hannibalem,
546 3068 658 3134 tradit:
682 3069 806 3155 iterque
829 3069 897 3132 eius
920 3070 959 3133 ab
982 3067 1093 3144 Reate,
1105 3075 1258 3150 Hannibalis

51 3153 256 3241 Cutiliisque,
281 3169 313 3220 et
342 3156 381 3220 ab
407 3154 577 3220 Amiterno
603 3154 732 3220 orditur.
780 3154 830 3218 Ex
859 3154 1035 3241 Campania
1061 3141 1215 3253 inppqunus

50 3239 228 3318 Samnium,
247 3241 322 3306 inde
344 3241 378 3304 in
400 3241 549 3326 Pelignus
571 3241 768 3328 pervenisse3
795 3254 981 3328 praeterque
1004 3240 1095 3327 oppi-
1148 3241 1155 3254 '

24 3326 129 3389 8dum
147 3326 330 3392 Sulmonem
342 3328 376 3391 in
388 3327 588 3391 Marrucinos
604 3327 762 3404 transisse3
786 3326 860 3391 inde
874 3326 1008 3392 Albensi
1019 3349 1094 3413 agro

49 3413 86 3475 in
112 3413 245 3491 Marsos,
270 3413 345 3478 binc
370 3414 583 3490 Amiternum,
609 3413 803 3501 Forulosque
832 3413 936 3478 vicum
961 3413 1092 3478 venisse.

50 3497 169 3586 Neque
185 3501 227 3565 ibi
244 3523 331 3565 error
341 3514 397 3578 est,
414 3500 501 3588 quod
519 3501 598 3564 tanti
613 3500 771 3564 exercitus
785 3499 916 3600 vestigia
931 3499 1015 3562 intra
1029 3514 1094 3563 tam

49 3588 155 3650 brevis
178 3587 248 3652 aevi
273 3587 456 3651 memoriam
482 3587 644 3674 potuerint
668 3586 840 3650 confundi:
864 3609 925 3650 rsse
949 3585 1034 3650 enirn
1057 3607 1095 3650 ea

49 3685 181 3738 constat
228 3673 369 3739 Tantum
378 3673 412 3738 id
422 3674 563 3750 interest,
573 3673 737 3738 veneritne
749 3671 1093 3752 eoitinereadurbem,

49 3781 93 3822 an
107 3760 147 3823 ab
161 3761 239 3825 urbe
254 3760 288 3824 in
305 3760 512 3847 Campaniam
526 3759 665 3824 redierit

85 3967 98 4016 5
117 3957 251 4018 Caperrater
269 3958 365 4020 antiqui
379 3957 485 4016 menica]
504 3957 555 4003 Aa·
589 3970 674 4003 cusum
686 3959 779 4004 notant.
802 3955 832 4004 cf.
841 3955 912 4002 Varr.
924 3955 955 4002 tle
967 3955 996 4003 L.
1009 3955 1037 4005 L.
1050 3969 1088 4016 34.

50 4022 114 4082 tiqui
125 4020 228 4068 coniecit
239 4021 370 4068 Walcbius
381 4035 425 4082 pro
437 4021 500 4082 vulg.
512 4022 556 4068 ali-
623 4021 778 4082 7Rcli9ione
789 4020 887 4078 intueti]
912 4019 954 4067 Ita
966 4019 1096 4068 Walcbius

50 4086 103 4148 qui,
116 4085 181 4146 quod
199 4084 286 4132 merito
302 4090 397 4131 tantum
415 4099 463 4131 non
480 4083 556 4131 omni·
590 4099 633 4145 pro
644 4083 767 4132 communi
776 4085 869 4132 inducti
874 4103 883 4141 ;
897 4097 979 4131 verum
989 4085 1097 4132 iacerent

49 4149 97 4195 bus
108 4147 197 4195 criticis
207 4147 328 4210 displicet.
356 4149 471 4198 Ceterum
484 4147 556 4195 Fero
588 4147 789 4209 bicitlem,quod
801 4146 955 4208 prolicerent,
967 4145 1092 4207 significat.

50 4211 107 4260 niae
122 4213 242 4274 templum
260 4212 285 4260 in
301 4227 358 4274 agro
369 4213 496 4274 Capenate
512 4212 557 4259 sub
622 4213 636 4259 8
653 4213 755 4260 Albensi
765 4213 836 4272 apro]
856 4211 880 4258 b.
893 4225 913 4258 e.
927 4212 1001 4270 Agru,
1012 4209 1053 4269 qui
1065 4209 1097 4256 ud

49 4283 160 4324 montem
168 4277 292 4325 Soractem
301 4281 360 4326 erat.
376 4276 406 4325 cf.
415 4291 480 4338 supr.
489 4275 505 4323 i.
514 4289 551 4338 30·
591 4275 680 4323 Albam
692 4275 837 4322 Fucentiam
852 4273 876 4320 in
890 4273 979 4321 Marsis
994 4273 1026 4318 ad
1043 4287 1097 4332 sep-

83 4339 228 4399 dRudera]
249 4343 345 4400 Rudas,
361 4341 442 4400 rodus,
458 4347 483 4388 et
499 4355 556 4388 rate
590 4338 735 4386 tentrionale
753 4336 820 4385 laeda
838 4335 925 4384 Fucini
944 4336 1008 4384 latus
1026 4333 1096 4382 sitam

50 4405 97 4450 dm
119 4419 160 4452 aes
181 4406 241 4454 rude
263 4404 379 4454 iniectum
402 4409 427 4453 et
449 4404 557 4454 nondum
591 4403 735 4465 pertinebat.
758 4401 901 4461 cisupm.
916 4413 936 4446 1.
