2874 4772
308 209 404 276 LIB.
429 208 559 276 XXVI.
592 209 694 277 CAP.
717 218 770 278 44.
1010 219 1071 280 331

22 347 155 437 gnanda
179 347 298 412 bellum
321 369 409 412 orsus
433 361 524 425 emet,
545 345 699 414 militibus
719 347 910 426 ostenderet,
929 359 963 414 et
983 370 1073 449 spem
1084 365 1159 417 Μ.
1175 379 1231 430 ⁵4²·

22 434 201 524 potiundae
216 433 412 500 cohortando
426 435 553 513 faceret,
570 434 722 500 concione
737 435 888 501 advocata
908 435 954 502 ita
975 434 1114 501 disse-A·
1130 434 1160 485 ⁰·
1175 448 1232 484 ²¹⁰·

21 524 109 588 mit:
134 521 211 587 ‘Ad
225 521 338 586 urbem
352 543 449 586 unam
464 521 711 609 oppugnandam
726 523 752 586 si
767 522 839 609 quis
853 543 909 588 vos
919 521 1074 588 adductos
1082 537 1232 612 cohortatur

23 609 204 686 ‘creditis
225 607 359 708 magiso
400 609 443 673 ris
457 609 562 686 vestri,
578 631 675 695 quam
689 608 896 674 emolumenti
918 609 1074 676 rationem
1082 602 1173 677 miuus

23 705 34 735 ‘
45 709 205 773 exactam,
220 695 347 773 milites,
404 695 467 760 bet
509 695 744 783 Oppugnabitis
759 695 845 760 enim
859 719 933 761 vere
948 698 1075 762 moenia
1083 666 1141 729 ΜΡ
1142 681 1173 715 ια

22 783 147 847 ‘unius
169 782 264 859 urbis,
279 781 336 846 sed
357 782 392 846 in
414 805 479 846 una
497 783 576 846 urbe
591 782 770 848 universam
792 783 937 870 ceperitis
956 782 1074 872 Hispa-

22 870 147 934 ‘niam
192 867 257 933 Hic
272 881 347 933 sunt
361 868 485 934 obsides
500 869 643 934 omnium
661 869 816 934 nobilium
839 892 950 957 regum
971 892 1075 957 popu-

21 957 234 1041 ‘lorumquez
258 954 325 1043 qui,
340 955 436 1019 simul
451 955 486 1019 in
506 967 661 1042 potestate
676 969 779 1021 vestra
792 970 895 1033 erunt,
911 957 1074 1044 extemplo

21 1042 167 1120 ‘omnia
180 1063 261 1129 quae
276 1064 362 1106 nunc
376 1043 435 1106 sub
449 1040 550 1106 Carth
592 1043 599 1056 '
626 1042 765 1108 iensibus
779 1056 862 1120 sunt,
872 1044 907 1107 in
918 1043 1074 1108 ditionem

21 1129 186 1195 ‘tradent
234 1127 300 1193 Hie
313 1129 451 1216 pecunia
464 1128 567 1194 omnis
605 1130 731 1206 ostium,
746 1129 814 1194 sine
828 1152 893 1216 qua
906 1149 1013 1216 neque
1026 1129 1074 1194 illi

22 1225 161 1304 ‘gerere
182 1214 302 1280 bellum
322 1228 464 1304 possunt,
480 1215 600 1303 quippo
615 1216 672 1302 qui
691 1216 900 1281 mercenarios
917 1217 1075 1281 exercitus

22 1303 156 1380 ‘alant3
178 1315 306 1389 atquae
321 1302 412 1367 nobis
426 1303 566 1368 maximo
581 1303 653 1368 usui
667 1303 709 1368 ad
723 1301 937 1368 conciliandos
952 1304 1075 1369 animos

20 1392 255 1456 ‘barbarorum
270 1389 339 1454 erit.
378 1387 443 1453 Hic
458 1401 625 1467 tormenta,
641 1413 735 1467 arma,
748 1401 952 1468 annamenta
962 1404 996 1454 et
1005 1411 1074 1455 om·

21 1479 101 1542 ‘nis
119 1499 138 1540 a
160 1489 286 1576 pat-atris
300 1475 376 1541 belli
390 1489 447 1553 est,
463 1477 520 1564 qui
534 1476 629 1541 simul
643 1489 677 1541 et
690 1499 746 1542 vos
760 1477 905 1556 instruet,
921 1488 954 1542 et
968 1476 1075 1542 hostes

20 1574 94 1629 ‘nu
174 1575 195 1627 t.
240 1561 405 1628 Potiemur
421 1576 586 1651 praeterea
599 1586 700 1651 quum
714 1563 927 1650 pulcherrima
940 1564 1075 1651 opulen-

20 1649 234 1736 ‘tissimaque
249 1649 337 1728 urbe,
352 1661 422 1714 tum
436 1651 701 1800 opportunissime
722 1663 816 1738 portu
834 1651 972 1738 egregio,
987 1650 1074 1716 unde

20 1747 136 1803 ‘terra
163 1735 316 1823 marique,
339 1758 420 1823 quae
443 1736 520 1801 beli
549 1760 623 1802 usus
651 1750 796 1826 poscunt,
820 1759 858 1801 su
879 1738 1072 1826 peditentur.

20 1825 149 1900 ‘Quae
171 1845 271 1910 quum
300 1843 415 1910 magna
442 1823 503 1910 ipsi
532 1823 727 1902 habebimus,
753 1836 823 1889 tum
845 1759 1075 1911 dhmpserimus

20 1911 196 1977 ‘hostibus
218 1909 319 1974 multo
336 1909 462 1974 maiora
509 1908 600 1976 Haec
614 1910 677 1975 illis
691 1933 757 1988 arx,
772 1910 833 1974 hoc
847 1909 1006 1987 horreum,
1022 1933 1075 1975 ae-

20 2010 31 2041 ‘
43 1998 180 2074 tarium,
202 1997 487 2074 armamentarium,
513 1995 575 2061 hoc
597 1997 740 2060 omnium
760 2018 866 2061 rerum
892 2009 1075 2084 receptacu-

20 2087 119 2150 ‘lum
144 2097 199 2148 est
245 2081 333 2148 Hinc
354 2096 459 2148 rectus
480 2083 515 2146 in
537 2083 677 2147 Africam
699 2105 808 2148 cursus
827 2095 891 2147 est:
916 2081 996 2148 haec
1011 2105 1076 2148 una

19 2175 137 2238 ‘inter
158 2170 358 2260 Pyrenaeum
380 2183 414 2234 et
437 2169 546 2234 Gades
567 2169 679 2234 statio:
704 2169 780 2233 hino
798 2169 885 2234 omni
901 2168 1075 2257 Hispaniae

20 2257 201 2324 ‘imminet
215 2256 333 2322 Afiica.
382 2255 456 2334 Sed,
471 2255 622 2343 quoniam
637 2278 693 2321 vos
707 2256 876 2321 instructos
897 2269 931 2321 et
949 2257 1076 2321 ordina·

20 2359 102 2412 ‘tos
116 2366 283 2432 cognosco,
298 2344 339 2410 ad
356 2341 584 2430 Carthaginem
600 2341 726 2459 Novam
741 2341 987 2506 oppugnandam
1002 2343 1076 2408 totis

18 2431 173 2499 ‘viribus
197 2443 231 2496 et
254 2431 339 2496 bono
368 2431 475 2495 animo
500 2443 702 2495 transeamus
800 2451 941 2516 numque
967 2451 1077 2495 omnes

17 2543 95 2588 una
108 2539 198 2594 voce,
215 2517 294 2582 ‘hoc
307 2516 508 2595 faciendum,’
522 2517 760 2595 succlamarent,
778 2539 833 2583 eos
849 2515 1076 2605 Carthaginem

16 2605 134 2674 duxit.
180 2603 267 2668 Tum
280 2615 363 2668 terra
377 2605 519 2691 marique
534 2625 605 2668 eam
620 2605 796 2692 oppugnari
811 2605 908 2669 iubet.

72 2691 201 2757 Contra
220 2689 319 2777 Mago
338 2690 521 2756 Poenorum
538 2689 616 2769 dux,
633 2714 734 2778 quum
755 2704 839 2756 terra
861 2691 1003 2778 marique
1026 2690 1076 2755 in·
1131 2696 1184 2759 44.

17 2779 110 2848 strui
137 2778 404 2864 oppugnationem
423 2777 555 2855 videret,
576 2791 609 2842 et
633 2777 701 2865 ipse
726 2779 833 2867 copias
858 2779 904 2842 ita
925 2779 1073 2866 disponit

20 2863 279 2956 Oppidanorum
293 2863 358 2928 duo
379 2863 479 2928 millia
499 2864 539 2929 ab
560 2886 599 2928 ea
709 2887 799 2952 ,qua
813 2877 915 2929 castra
929 2864 1078 2929 Romana

16 2964 136 3027 erant,
151 2949 300 3038 opponit:
347 2950 507 3037 uingentis
521 2949 615 3013 militi
637 2973 675 3014 us
696 2973 801 3015 arcem
823 2950 957 3015 insedit:
982 2951 1077 3036 quin·

16 3051 147 3131 gentos
161 3036 283 3101 tumulo
298 3059 337 3101 ur
357 3037 433 3100 isin
446 3036 603 3100 orientem
616 3059 707 3101 verso
720 3037 874 3123 imponit:
898 3035 1077 3100 multitudi-
1087 3077 1229 3142 Erumpunt

15 3147 108 3196 nem
131 3123 234 3200 aliern,
249 3147 315 3211 quo
336 3122 463 3200 clamor,
479 3143 543 3208 quo
565 3121 669 3187 subita
684 3137 825 3188 vocasset
845 3122 1173 3199 res,intentam1³00ni.

16 3215 68 3284 ad
95 3211 215 3288 omnia,
237 3231 400 3276 cucumere
423 3209 520 3274 iubet.
566 3208 729 3274 Patefacta
753 3208 870 3274 deinde
892 3221 1076 3295 portame,

45 3319 115 3366 uos
136 3296 171 3360 in
192 3297 244 3362 via
263 3296 384 3362 ferente
405 3295 447 3360 ad
467 3307 569 3360 castra
589 3294 727 3360 hostium
749 3296 950 3370 instruxerat,
969 3295 1075 3360 mittit.

16 3327 186 3460 Comani,
201 3383 283 3448 duce
301 3383 370 3484 ipsc
384 3381 609 3470 praecipiente,
623 3403 794 3482 pammper
807 3403 938 3459 cessere,
954 3393 990 3446 ut
1004 3403 1078 3469 pro·

15 3476 140 3566 piores
154 3469 300 3534 subsidiis
314 3491 348 3534 m
362 3469 534 3535 certamine
548 3469 617 3557 ipso
631 3468 866 3534 summittendis
880 3479 993 3533 essent.
1035 3467 1079 3532 Et

16 3562 139 3654 primo
162 3556 249 3622 hand
271 3557 385 3644 impari
406 3569 520 3622 stetere
542 3557 627 3621 acie:
651 3555 791 3621 subsidia
811 3555 939 3632 deinde,
962 3553 1079 3620 identi·
1088 3597 1238 3648 avertuntur

16 3651 110 3716 dem
132 3643 297 3708 summissa
317 3666 336 3709 e
358 3645 476 3722 castris,
498 3666 565 3708 non
586 3655 769 3708 averterunt
788 3641 891 3707 solum
913 3641 949 3705 in
970 3641 1215 3742 fugamintugum.

15 3739 152 3808 hostes,
167 3729 224 3795 sed
238 3730 318 3796 adeo
333 3731 439 3796 effusis
452 3731 644 3807 institerunt,
656 3741 702 3807 ut,
714 3729 776 3794 nisi
790 3728 933 3817 receptui
947 3730 1080 3794 cecinis-

16 3835 89 3898 set,
106 3817 257 3908 permixti
272 3816 467 3904 fugientibus
484 3817 634 3904 irrupturi
648 3816 743 3881 fuisse
758 3815 794 3880 in
808 3817 920 3882 urbem
934 3815 1080 3882 videren-

16 3927 93 3976 tur.
133 3903 197 3968 Tre
220 3903 319 3968 idatio
334 3926 409 3968 vero
424 3903 536 3968 nonin
551 3903 672 3990 proelio
686 3903 795 3980 maior,
810 3925 906 3990 quam
921 3916 988 3969 tota
1001 3905 1079 3970 urbe

15 3995 102 4063 fuit
141 3927 265 4055 Multae
280 3990 430 4055 stationes
444 4011 559 4076 pavore
574 4003 669 4078 atque
684 3990 760 4078 fuga
773 3989 915 4058 desertae
930 4004 1014 4070 sunt,
1030 4013 1080 4057 re-

65 4203 85 4248 4
104 4186 175 4234 Hiuc
194 4187 258 4234 ormi
277 4185 417 4246 ffuponioe
434 4183 542 4232 maaet
574 4183 640 4243 daur,
653 4183 765 4232 imminet
780 4185 872 4244 Africa,
886 4183 912 4233 id
926 4189 963 4233 est
974 4184 1082 4242 Poenus,

16 4251 140 4317 Africo]
161 4249 268 4312 Elegans
286 4253 311 4297 et
328 4248 409 4296 audax
427 4246 541 4308 loquendi
574 4247 620 4296 toti
632 4247 777 4310 Hispaniae,
787 4248 826 4296 cui
837 4248 921 4310 iugum
934 4247 1023 4308 partim
1036 4245 1080 4294 im·

16 4322 122 4392 figura,
133 4329 207 4376 quam
220 4313 254 4361 sie
270 4313 320 4362 lere
333 4311 436 4373 exponit
448 4311 541 4360 Grono
575 4312 665 4376 pontit,
675 4311 764 4374 partim
775 4312 889 4366 minatur.
906 4311 988 4361 cm.

21 4394 97 4434 vius.
132 4376 209 4439 Hine,
227 4380 344 4440 tauquam
363 4391 394 4426 ex
413 4391 468 4425 arce
484 4390 542 4438 qua
