2966 4778
351 226 398 290 ec
747 216 861 286 ιιιι
886 217 1023 286 mvn

196 359 229 410 U·
242 359 272 410 0·
288 369 343 422 ⁵³5·
354 363 364 394 ‘
374 353 590 423 Hannibalem
605 365 639 420 et
652 354 769 420 virtute
789 365 822 420 et
842 354 969 420 fortuna
985 353 1182 442 superiorem
1195 355 1295 422 ridet.
1345 355 1406 422 Sed

195 423 225 474 Λ·
242 424 272 474 ⁰·
289 435 460 508 ²¹⁷·‘aliud
482 441 494 506 i
523 437 531 446 ’
596 439 630 508 di
652 440 924 528 succensendique
947 453 1073 530 tempus
1094 443 1173 508 erit:
1204 465 1295 507 nunc
1318 465 1407 529 tgna

354 536 465 594 ‘extra
492 463 610 592 i‘llbin
639 527 786 615 proferte.
831 526 1009 594 Victoriam
1035 528 1119 594 hosti
1148 542 1407 617 extorqueamus,

354 614 603 682 ‘confessionem
617 614 730 680 erroris
747 613 888 680 civibus)
932 613 1001 680 Iam
1015 637 1048 678 m
1144 637 1187 680 ex
1200 629 1294 702 parte
1310 616 1408 680 caesis

353 701 432 780 aliis,
455 700 523 768 aliis
544 701 879 788 circumspectantibus
900 700 1062 788 fugam,F
1102 702 1174 766 iana
1195 725 1229 767 se
1253 703 1342 767 acies
1362 723 1410 765 re·

353 801 461 876 pente,
476 787 565 854 velut
584 785 673 852 coelo
688 787 834 864 demissa,
849 786 890 853 ad
910 787 1066 852 auxilium
1085 787 1234 854 ostendit.
1283 787 1409 876 Itaque,

354 874 538 962 priusquam
553 873 595 938 ad
615 873 795 940 coniectum
816 873 873 938 teli
893 874 1027 951 veniret,
1043 888 1100 939 aut
1114 897 1247 940 manum
1261 895 1411 940 consere·
1473 935 1474 940 ,

354 974 412 1039 ret,
428 975 462 1026 et
483 983 556 1026 suos
571 982 590 1024 e
603 959 679 1048 fuga
700 960 809 1038 effusa,
824 974 858 1026 ct
878 961 918 1025 ab
940 960 1036 1026 nimis
1056 960 1154 1026 feroci
1175 983 1290 1048 pugne
1304 960 1412 1026 hostes

354 1047 522 1113 continuit.
570 1047 638 1122 Qui
653 1045 762 1112 solutis
782 1045 947 1111 ordinibus
965 1069 1044 1134 vage
1066 1047 1207 1147 dismpati
1228 1061 1338 1124 erant,
1353 1069 1412 1111 un-

353 1132 453 1220 dique
475 1133 688 1220 confugerunt
709 1133 751 1198 ad
771 1133 929 1220 integram
951 1134 1070 1210 aciem:
1104 1155 1162 1220 qm
1182 1133 1294 1220 plnres
1318 1131 1413 1198 simul

355 1232 444 1306 terga
464 1219 630 1296 dederant,
652 1219 795 1284 conversi
817 1220 850 1282 in
873 1219 1007 1296 bostem,
1030 1219 1258 1307 volventesque
1288 1221 1412 1294 orbem,

355 1327 442 1372 nune
459 1305 575 1370 sensim
598 1306 714 1370 referre
756 1305 860 1382 edem,
876 1327 963 1369 nunc
983 1305 1162 1392 conglobati
1181 1319 1314 1370 restare.
1365 1307 1414 1370 Ac

355 1392 419 1458 iam
433 1414 532 1480 prope
547 1413 613 1456 una
627 1391 710 1456 acies
724 1328 807 1456 tiicta
824 1403 892 1456 erat
905 1391 981 1456 victi
995 1405 1091 1477 etque
1106 1392 1223 1478 integri
1238 1393 1413 1468 exercitus,

356 1477 597 1628 inferebantque
623 1478 714 1565 signa
739 1478 774 1542 in
799 1477 941 1554 hostem:
975 1499 1076 1564 quum
1105 1478 1234 1542 Poenus
1264 1479 1415 1566 receptui

356 1564 483 1641 cecinit,
505 1587 610 1651 paam
631 1564 752 1630 ferente
783 1561 975 1641 Hannibale,
998 1565 1094 1630 absc
1116 1562 1314 1642 Minucium,
1338 1587 1375 1630 se
1396 1587 1417 1628 a

359 1649 457 1715 Fabio
472 1650 599 1714 victum.

401 1734 452 1800 Ita
465 1757 523 1822 per
537 1735 655 1802 variam
670 1735 830 1802 fortunam
849 1734 915 1800 diei
933 1735 1051 1800 maiore
1065 1747 1155 1822 parte
1171 1749 1291 1812 exacta,
1309 1759 1416 1822 quum

356 1821 391 1885 in
420 1834 522 1887 castra
546 1821 686 1886 reditum
715 1835 807 1898 esset,
834 1821 1009 1898 Minucius,
1036 1823 1216 1886 convocatis
1241 1823 1415 1900 militibus,

200 1929 326 1981 Minucius
358 1907 480 1994 ‘Saepe
507 1907 587 1994 ego,’
612 1907 729 1996 inquit,
754 1907 891 1985 ‘audivi
919 1907 1044 1985 milites,
1071 1931 1144 1972 eum
1174 1909 1317 1995 primum
1345 1928 1436 1975 esses

199 2011 304 2044 erroren
358 1995 488 2072 ‘virum,
502 1993 559 2081 qui
573 1993 641 2081 ipse
657 1993 809 2070 consulat,
823 1994 902 2079 quid
916 1994 951 2058 in
965 2015 1032 2058 rem
1048 1995 1106 2070 sit;
1129 1994 1308 2060 secundum
1325 2017 1416 2073 eum,

198 2075 322 2173 {ffiffl'
358 2081 433 2168 ‘qui
455 2082 538 2145 bene
561 2080 704 2146 monenti
728 2079 873 2145 obediat:
897 2080 955 2167 qui
976 2103 1037 2144 nec
1059 2081 1126 2167 ipse
1148 2080 1329 2158 consulere,
1353 2103 1416 2146 nec

359 2166 468 2233 ‘alteri
482 2189 594 2257 parere
609 2167 696 2244 sciat,
712 2188 787 2231 eum
801 2166 936 2230 extremi
951 2166 1072 2252 ingenii
1087 2187 1163 2231 esse.
1209 2165 1316 2232 Nobis
1332 2189 1417 2254 quc-

357 2254 443 2319 niam
458 2255 561 2340 prima
575 2253 674 2319 animi
693 2252 814 2340 ingenii
838 2274 879 2316 ue
902 2265 1017 2339 negata
1030 2275 1097 2316 sors
1110 2266 1168 2330 est,
1184 2253 1363 2318 secundam
1378 2277 1417 2319 ac

357 2341 501 2406 mediam'
514 2353 708 2405 teneamus:
746 2352 789 2417 et,
816 2275 894 2403 dum
923 2338 1078 2425 imperare
1108 2338 1267 2415 discimus,
1297 2361 1417 2426 parere

359 2425 527 2513 ‘prudenti
542 2425 577 2489 in
591 2424 733 2490 animum
753 2424 949 2489 inducamus
998 2424 1112 2490 Castra
1130 2447 1203 2490 cum
1223 2424 1326 2491 Fabio
1341 2427 1402 2490 iun

360 2520 507 2634 :gamum
545 2510 587 2574 ad
608 2511 802 2597 praetorium
819 2511 893 2660 lqius
922 2511 1134 2660 signaoquum
1156 2510 1335 2611 tulerimus,
1360 2462 1419 2578 ubi
1478 2587 1479 2612 ,

360 2620 439 2748 tt?
451 2609 1007 2769 tumnttttttptgtttfflzt‘}
1025 2599 1111 2760 ,021⁰
1107 2597 1233 2761 titt,
1245 2619 1317 2761 {ll
1331 2621 1418 2771 {1:²2

361 2777 451 2834 ‘rum
465 2791 520 2834 vos
539 2768 634 2834 modo
656 2791 743 2834 arma
762 2768 958 2856 dextraeque
981 2781 1140 2846 texerunt,
1155 2782 1305 2857 patronos
1329 2771 1419 2836 salu·

362 2855 496 2932 ‘tabitia
512 2869 554 2932 et,
570 2855 597 2919 si
619 2854 700 2920 nibil
721 2855 817 2932 aliud,
890 2869 995 2920 torum
1016 2868 1102 2921 certe
1124 2856 1216 2922 nobis
1229 2856 1417 2922 animorum

250 2949 302 3008 30.
362 2942 513 3029 ‘gloriam
528 2941 596 3006 dies
610 2939 688 3006 haec
702 2940 836 3006 dederit
879 2941 979 3028 Signo
993 2941 1077 3019 dato,
1094 2942 1310 3008 conclamatur
1323 2944 1417 3022 inde,

202 3031 352 3081 caciacum
362 3042 398 3094 ut
412 3029 601 3116 colligantur
614 3050 695 3094 vase.
741 3027 880 3094 Profecti
894 3042 928 3093 et
942 3029 1068 3114 agmine
1086 3027 1270 3093 incedentes
1285 3029 1330 3094 ad
1346 3031 1417 3096 dic·

202 3095 289 3208 5¹2⁸&ss
363 3115 471 3180 tatoris
496 3127 598 3180 castra
622 3114 656 3178 in
682 3113 925 3180 admirationem
951 3127 984 3180 et
1009 3115 1123 3200 ipsum,
1150 3129 1183 3180 et
1209 3137 1333 3192 omnes,
1359 3119 1416 3204 qui

229 3175 261 3222 ηε
361 3201 445 3267 circa
458 3214 558 3279 erant,
575 3212 808 3266 converterunt.
845 3199 892 3264 Ut
906 3201 1079 3266 constituta
1092 3214 1168 3265 sunt
1182 3214 1255 3266 ante
1271 3202 1418 3268 tribunal

360 3289 459 3376 signa,
494 3309 676 3375 progressus
709 3299 786 3352 ante
824 3285 902 3351 alios
934 3287 1083 3374 magister
1116 3288 1270 3374 equitum,
1312 3311 1417 3375 quum

364 3375 518 3461 ‘patrem’
533 3374 668 3440 Fabium
687 3372 884 3461 appellasset,
905 3373 1175 3460 circumfusosque
1191 3374 1330 3438 militum
1348 3377 1418 3440 eius

363 3473 465 3526 totum
480 3483 595 3562 agmen
611 3468 620 3498 ‘
629 3461 790 3548 patronos’
806 3458 1040 3536 consalutasset,
1053 3460 1282 3537 ‘Parentibus’
1298 3461 1440 3548 inquito

363 3547 470 3624 ‘meis
486 3547 630 3622 dictator,
646 3545 777 3631 (quibus
800 3558 831 3610 tc
853 3545 949 3609 modo
971 3546 1111 3623 nomine,
1135 3569 1200 3631 quo
1221 3545 1321 3612 fando
1344 3571 1418 3636 pos-

363 3641 462 3710 ‘sum,
478 3631 627 3718 aequavi)
641 3633 738 3696 vitam
760 3644 883 3696 tantum
906 3631 1026 3696 debeo:
1051 3632 1109 3697 tibi
1124 3655 1224 3718 quum
1245 3655 1354 3698 meam
1369 3657 1418 3700 sa·

364 3718 491 3795 ‘luterm
515 3732 584 3782 tum
607 3717 750 3782 omnium
773 3717 895 3782 borum.
956 3717 1070 3804 Itaque
1093 3717 1327 3804 plebeiscitum,
1353 3745 1419 3808 quo

364 3813 530 3868 ‘oneratus
559 3804 667 3888 magis,
695 3825 791 3888 quam
821 3803 993 3868 honoratus
1022 3827 1103 3882 sum,
1130 3805 1251 3891 primus
1281 3807 1420 3895 antiquo

365 3889 581 3976 ‘abrogoquez
614 3901 657 3966 et,
680 3887 768 3973 quod
791 3889 848 3954 tibi
870 3889 1023 3977 mihique,
1047 3889 1135 3977 quod
1157 3892 1419 3982 exercitibusque

395 4093 487 4140 8Eum
494 4091 758 4152 primumeraevirum]
778 4089 874 4140 Eadem
905 4091 939 4141 iii.
952 4107 990 4157 ²9·
1002 4092 1043 4142 ubi
1056 4093 1123 4142 haud
1137 4095 1181 4144 ebs
1191 4111 1218 4143 re
1229 4095 1292 4144 foret
1307 4095 1421 4147 animad-

363 4155 484 4206 aententia
497 4169 538 4217 ap.
555 4154 657 4204 Hesiod.
675 4154 723 4216 Op.
735 4159 760 4204 et
771 4155 805 4204 D.
819 4169 873 4218 293,
907 4157 1231 4220 vertisse,quodL.Minucii
1239 4161 1421 4210 exercitandis»

363 4226 452 4282 sqq.et
467 4219 520 4269 Cic.
536 4233 580 4281 pro
592 4219 692 4268 Cluent.
710 4231 874 4281 31.expressa
905 4225 1018 4281 latorem,
1034 4221 1078 4283 qui
1098 4223 1219 4272 auxilium
1242 4223 1420 4276 circum-enm

363 4290 407 4334 est
418 4285 448 4332 cf.
458 4285 559 4346 Apistot.
570 4283 630 4332 Eth.
643 4282 741 4332 Niccm.
752 4281 769 4332 i.
781 4299 803 4342 4.
904 4283 1008 4345 tulisset,
1019 4291 1150 4348 patronum
1161 4286 1234 4338 simili
1246 4287 1344 4340 renone
1356 4292 1420 4342 mlu-

395 4347 742 4412 91’atrcncsccnsulatcssat]
761 4347 871 4410 ctSupr.
905 4347 1000 4398 taverit.
