2874 4772
327 225 389 286 342
713 215 826 282 ΤΙΤΙ
853 214 989 282 LIVII

219 365 249 415 c.
266 355 478 428 „audeant
506 353 734 430 Romanorum,
764 363 883 452 starent
911 362 1018 416 tamen
1047 349 1177 451 ordines
1208 349 1374 448 signaque⁵

220 429 251 480 ⁰·
267 433 1389 599 rudwertus

330 552 415 702 bilior
436 575 475 678 ab
491 611 642 678 Numidis
663 549 787 678 turbius
805 545 1041 710 est';qquii1tam
1055 609 1173 674 deinde
1198 544 1374 708 atqtigffleos,

332 700 388 788 qui
409 700 450 764 ad
471 700 573 788 prima
593 699 683 786 signa
703 710 803 775 erant,
819 710 939 762 avertit.
985 697 1062 762 Pars
1083 696 1118 760 in
1139 696 1253 783 fugam
1277 696 1374 772 effusa

331 809 403 874 pars
418 787 453 850 in
468 787 573 851 medio
588 786 689 850 caesi:
713 785 769 850 ubi
784 799 816 850 et
831 785 897 871 ipsc
915 783 976 849 Cn
988 783 1117 848 Fulvius
1132 805 1210 847 cum
1225 781 1375 847 undecim

332 873 466 938 tribunis
487 872 623 938 militum
645 871 768 936 cecidit
815 870 1031 938 Romanorum
1053 870 1284 956 sociorumque
1303 884 1375 956 quot

332 982 423 1025 caesa
436 961 521 1024 ineo
534 957 654 1060 proelio
665 957 764 1022 millia
774 957 846 1034 sint,
856 957 928 1045 quis
937 979 995 1044 pro
1006 969 1092 1022 oerto
1103 956 1264 1020 affirmet?
1279 979 1374 1056 qurum

333 1046 484 1112 tredecim
506 1045 605 1110 millia
625 1045 709 1122 alibi,
725 1044 800 1109 alibi
821 1043 907 1108 haud
928 1043 1008 1131 plus,
1023 1065 1120 1130 quam
1135 1056 1277 1130 septem,
1294 1065 1376 1106 rnre·

178 1141 274 1191 Herde
333 1134 426 1198 niam.
467 1132 586 1198 Castris
623 1131 717 1196 raeda
740 1154 779 1196 ue
795 1131 894 1196 victor
908 1131 1034 1217 potitur.
1070 1127 1297 1206 Herdoneam,
1308 1130 1377 1216 quis

177 1221 249 1319 psam
261 1207 301 1308 ‘¹51
333 1232 365 1284 et
380 1219 574 1285 defecturam
602 1218 682 1282 uisse
700 1155 741 1318 ad
757 1217 917 1318 Romanos
931 1216 1093 1317 comperit,
1109 1237 1170 1315 nec
1193 1238 1375 1280 mansuram

177 1277 301 1446 ἑξᾙῗ
332 1307 368 1370 in
383 1306 456 1456 {dhe
472 1307 498 1406 si
513 1303 1027 1456 indidebscessrsseadripultrtuplpnte
1043 1325 1136 1452 oppami
1146 1299 1375 1452 Memppnmm

177 1413 280 1512 betgrum
299 1404 1079 1564 Mlculvioublilloqruiaurictb’ulliaclilibuisseocccouipeliti
1094 1410 1207 1539 suppa,
1224 1411 1375 1552 hmffi

334 1565 390 1651 qai
412 1587 453 1630 ex
475 1577 562 1629 tanta
582 1563 670 1628 clade
693 1575 863 1640 evaserant,
879 1562 1007 1627 diversis
1023 1562 1190 1627 itineribus
1206 1584 1393 1634 semermesa

334 1650 375 1715 ad
390 1649 578 1715 Marcellum
592 1649 754 1716 consulem
768 1651 803 1713 in
819 1648 982 1715 Samnium
995 1648 1215 1737 perfirgerunt.

236 1735 266 1796 2·
378 1736 558 1814 Marcellus,
580 1735 661 1800 nihil
686 1736 857 1802 admodum
883 1747 970 1800 tanta
992 1735 1080 1800 clade
1106 1736 1251 1814 territus,
1275 1735 1376 1800 literas

334 1823 471 1888 Romam
493 1823 533 1887 ad
554 1834 699 1888 senatum
720 1823 761 1888 de
783 1822 863 1889 duce
885 1835 920 1887 et
939 1823 1080 1888 exercitu
1102 1821 1142 1886 ad
1166 1821 1376 1888 Herdoneam

334 1910 446 1976 amisso
468 1910 583 1975 scribit.
630 1909 816 1987 ‘Ceterum,
833 1909 972 1974 eundem
993 1931 1036 1986 se,
1052 1909 1107 1996 qui
1129 1923 1206 1996 post
1225 1908 1377 1976 Cannen-

334 2005 421 2062 ‘sem
469 2019 587 2085 ugnam
611 1995 749 2062 ferocem
774 1996 903 2060 victoria
927 1993 1139 2061 Hannibalem
1167 1997 1375 2073 contudim,

334 2084 400 2150 ‘ire
455 2105 563 2150 versus
578 2106 661 2161 eum,
675 2084 803 2149 brevem
825 2082 871 2146 illi
892 2082 1052 2160 laetitiam,
1067 2105 1132 2170 qua
1144 2083 1306 2164 exsultet,
1321 2084 1376 2149 fae

334 2171 480 2236 ‘turum'
518 2169 561 2234 Et
573 2169 694 2236 Romae
733 2170 840 2234 uidem
855 2191 954 2257 quum
968 2168 1071 2234 luctus
1085 2169 1202 2258 ingens
1224 2193 1272 2236 ex
1294 2194 1377 2272 prae·

177 2260 311 2338 Macrum
333 2257 436 2335 terito,
452 2270 521 2322 tum
535 2256 630 2322 timor
651 2258 686 2321 in
706 2193 848 2322 litturum
863 2270 938 2321 erat
986 2254 1118 2333 Consul,
1133 2277 1178 2320 ex
1195 2255 1376 2324 Semnroiu

176 2325 325 2439 {213ss
333 2343 480 2410 Lucanos
495 2357 563 2409 tran
636 2365 712 2422 ssus,
728 2342 770 2408 ad
785 2341 1024 2408 Numistronem
1041 2342 1075 2407 in
1090 2359 1277 2430 conspectu
1292 2344 1377 2409 Han·

178 2454 264 2504 tenua
333 2430 446 2494 nibalis
471 2430 541 2496 loco
566 2453 671 2531 pano,
695 2452 795 2516 quum
820 2429 947 2494 Poenus
971 2428 1084 2494 collem
1108 2441 1254 2510 teneret,
1277 2433 1376 2520 posuit

333 2529 441 2580 castra.
487 2516 624 2581 Addtdit
646 2530 679 2582 et
700 2516 793 2580 aliam
810 2516 936 2581 fidentis
957 2517 1104 2603 speciem,
1119 2517 1212 2603 quod
1237 2519 1376 2606 priorin

333 2603 433 2666 aciem
448 2602 568 2668 eduxit
614 2602 686 2668 Nec
708 2602 894 2668 detrectavit
916 2599 1086 2680 Hannibal,
1101 2616 1138 2667 ut
1159 2605 1264 2691 signa
1285 2607 1377 2696 portis

332 2689 436 2753 efferri
461 2689 550 2753 vidit.
599 2689 650 2754 Ita
674 2702 781 2754 tamen
806 2689 906 2764 aciem
931 2689 1157 2768 instruxerunt,
1186 2705 1227 2756 ut
1253 2691 1376 2758 Poenos

333 2774 482 2839 dextrum
505 2797 604 2839 cornu
626 2776 661 2838 in
684 2776 796 2842 collem
820 2776 963 2863 erigeret,
985 2775 1123 2842 Romani
1144 2777 1322 2845 sinistrum
1342 2777 1375 2842 ad

333 2860 485 2948 oppidum
509 2861 711 2949 applicarent
757 2863 812 2930 Ab
836 2863 915 2928 hora
937 2863 1029 2928 tertia
1050 2885 1150 2950 quum
1178 2864 1224 2929 ad
1252 2879 1390 2936 noctem

332 2970 471 3036 pugnam
487 2947 711 3027 extendissent,
726 2949 887 3050 fessaeque
904 2948 1075 3036 pugnando
1088 2951 1214 3037 primae
1229 2953 1323 3018 acies
1335 2975 1375 3017 es·

332 3049 412 3113 sent,
428 3036 468 3101 ab
486 3035 639 3100 Romanis
683 3036 762 3100 rima
782 3036 812 3100 le
846 3049 912 3101 oet
925 3036 1038 3101 dextra
1056 3037 1114 3113 ala,
1130 3038 1170 3101 ab
1189 3037 1374 3104 Hannibab

333 3119 469 3210 Hispani
484 3121 600 3187 milites
614 3136 648 3187 ct
719 3122 804 3188 ditor
812 3059 953 3201 baliaris,
963 3121 1123 3211 elephanti
1133 3147 1287 3212 quoque,
1296 3149 1374 3192 eom·

332 3209 426 3274 misso
440 3209 503 3272 iam
517 3209 689 3274 certamine
704 3210 739 3274 in
752 3208 908 3297 proelium
923 3209 992 3274 acti
1038 3209 1106 3274 Diu
1126 3233 1150 3298 p
1266 3227 1374 3279 neutro

332 3293 482 3360 inclinata
495 3295 590 3362 stetit.
628 3295 754 3361 Primae
769 3296 886 3385 legioni
902 3297 1002 3374 tertia,
1017 3234 1244 3364 dexnaeffilefl
1254 3300 1373 3365 sinim

331 3381 437 3459 subiit,
460 3395 493 3445 et
514 3380 598 3468 apud
623 3382 729 3448 hostes
753 3383 868 3470 integri
890 3406 910 3448 a
932 3382 1020 3447 fessis
1041 3405 1182 3471 pugnam
1211 3408 1368 3475 accepere

333 3465 463 3532 Novum
477 3480 572 3554 atque
588 3481 677 3533 atrox
692 3469 846 3557 proelium
861 3492 902 3534 ex
918 3481 980 3534 tam
995 3469 1084 3556 segni
1098 3483 1235 3556 repente
1249 3474 1368 3548 exurit,

331 3553 510 3619 recentibus
532 3554 643 3620 animis
664 3579 702 3620 co
760 3556 927 3644 libusque:
951 3556 1007 3620 sed
1022 3579 1086 3620 nor
1102 3557 1230 3622 incerta
1243 3559 1370 3625 victuia

330 3639 458 3706 diremit
501 3653 663 3741 ugnantes.
737 3656 839 3708 ostero
858 3643 909 3709 die
933 3642 1070 3708 Romani
1091 3641 1130 3707 ab
1152 3643 1223 3709 sole
1245 3661 1322 3712 orto
1342 3647 1371 3710 in

330 3725 466 3792 multum
505 3729 545 3792 'et
567 3739 680 3794 stetere
702 3729 737 3793 in
758 3729 845 3794 acie:
871 3729 926 3794 ubi
943 3753 1037 3794 nemo
1058 3729 1199 3794 hostium
1223 3733 1371 3797 adversus

329 3813 456 3898 prodiit,
471 3814 571 3901 spolia
586 3837 644 3902 per
658 3815 758 3880 otium
779 3816 893 3904 legere,
909 3829 942 3880 et
955 3829 1118 3904 congestos
1140 3815 1175 3881 in
1199 3841 1309 3884 unum
1330 3819 1370 3883 lo

173 365 207 415 U.

172 430 205 480 A.

361 3980 488 4040 μαῖαι
498 3983 568 4041 om]
582 3979 827 4046 Huicaampon-
886 3995 907 4045 ·5
923 3984 1128 4044 roborarer-eta]
1143 3983 1197 4032 Hie
1207 3985 1309 4048 aliquid
1320 3989 1370 4036 loco

327 4042 370 4090 det
380 4057 482 4104 sequeus
492 4045 585 4094 tanda
860 4052 954 4095 motum
971 4047 1043 4096 briaae
1059 4047 1161 4096 credidit
1171 4049 1285 4099 Crevier.
1301 4059 1327 4100 et
1341 4065 1368 4098 e:

363 4109 536 4168 4Samsmar]
563 4108 644 4157 Voces
662 4109 774 4159 croculi
793 4109 828 4158 in·
860 4110 1015 4171 aequentrbur
1044 4125 1123 4173 pauca
1149 4113 1225 4161 verba
1256 4113 1311 4164 hue
1337 4131 1367 4162 re

326 4168 452 4231 cipiantea
462 4185 519 4218 cum
534 4186 593 4219 voce
602 4173 661 4221 sano·
676 4173 829 4234 compositas,
861 4175 944 4234 traxit,
952 4176 1050 4238 lageran
1064 4175 1118 4224 Diu
1129 4191 1218 4238 prm
1230 4187 1324 4230 um
1333 4182 1367 4226 ἐι-

325 4233 434 4282 eiusdem
454 4235 555 4282 vacuae
573 4233 686 4282 ultimam
706 4236 830 4286 literani
860 4240 953 4287 climata
970 4241 1034 4300 fuis·
1070 4241 1110 4288 Aa
1129 4241 1190 4288 aon
1217 4245 1305 4303 torric,
1326 4251 1366 4293 aar.

326 4297 399 4344 modo
409 4312 511 4356 servm,
522 4298 595 4346 modo
605 4297 710 4346 abiicere
720 4299 827 4348 animad-
862 4301 921 4358 Quo
931 4301 983 4350 iure
996 4301 1098 4352 viderint
1108 4303 1191 4353 critici.

327 4358 398 4406 vertit
410 4359 535 4409 Drakenb.
