2888 4768
331 219 392 281 192
719 210 833 278 TITI
861 211 998 278 LIVII

171 361 248 412 uc.
264 357 425 424 538.‘nem
439 362 517 416 nota
530 351 652 416 strermi
667 350 747 415 auti
794 351 844 415 avi
860 350 970 416 militis
990 363 1114 416 notasse
1130 349 1225 415 volui.
1272 349 1386 426 Nunc,

172 428 204 476 A.
218 427 249 478 ⁰·
264 436 495 502 ²¹⁴⁴‘exsoluta
524 437 588 502 iam
618 437 683 501 fide
707 437 846 524 pulice,
872 460 913 502 ne
940 437 1109 502 discrimen
1135 460 1231 503 omne
1256 437 1387 502 virtrrtis

330 523 560 611 ‘ignaviaeque
580 535 699 613 pereat,
724 525 855 589 nomina
873 546 994 602 eorum,
1016 525 1083 611 qui,
1106 524 1304 589 detrectatae
1326 547 1388 611 pu-

330 619 433 698 ‘gnae
446 632 610 688 memores,
623 611 832 676 secessionem
846 610 953 698 paullo
965 624 1039 676 ante
1050 610 1204 687 fecerunt,
1218 610 1330 675 referri
1345 610 1387 674 ad

331 705 404 762 ‘me
422 697 558 763 iubebo:
582 698 756 784 citatosque
778 696 919 784 singulos
938 698 1142 763 iureiurando
1163 697 1304 784 adigam,
1324 698 1387 761 nisi

332 783 444 871 ‘queis
464 785 592 848 morbus
611 805 706 849 causa
724 784 794 863 erit,
810 806 876 848 non
898 784 999 863 aliter,
1014 807 1111 872 quam
1128 797 1259 861 stantes,
1276 785 1408 854 cibum9

332 879 341 909 ‘
396 871 515 936 tionem
538 894 590 948 ue,
624 870 731 958 quoad
766 870 925 959 stipendia
959 870 1086 948 facient,
1119 883 1269 958 capturos
1307 893 1384 935 esse.

332 967 343 996 ‘
390 980 449 1022 auc
464 895 596 1022 multam
611 957 656 1023 ita
669 980 772 1044 aequo
787 959 893 1022 animo
907 958 1025 1035 feretis,
1041 957 1067 1022 si
1080 957 1281 1058 reputabitis,
1297 957 1387 1024 nulla

333 1043 496 1145 ‘ignaviae
522 1057 599 1110 nota
622 1043 739 1110 leviore
769 1067 824 1110 vos
853 1044 1012 1132 designari
1040 1046 1199 1131 potuisse!
1247 1042 1386 1132 Signum

331 1130 449 1195 demde
464 1129 635 1218 colligendi
645 1153 719 1196 vasa
733 1131 839 1197 dedit:
859 1131 1039 1218 militesque
1054 1131 1202 1218 praedam
1218 1145 1387 1217 portantes

332 1229 534 1305 agentesque,
559 1240 618 1305 per
638 1217 797 1283 lasciviam
819 1241 855 1282 ac
876 1218 993 1296 iocum,
1017 1218 1062 1282 ita
1083 1217 1254 1283 ludibundi
1279 1217 1389 1283 Bene-

332 1316 463 1368 ventum
478 1303 609 1381 rediere,
626 1318 662 1368 ut
679 1305 719 1370 ab
733 1303 835 1391 epulis
852 1326 910 1392 per
926 1304 1084 1371 celebrem
1098 1303 1283 1390 festumque
1299 1304 1387 1370 diem

332 1390 420 1467 actis,
436 1413 502 1455 non
520 1412 560 1456 ex
575 1391 651 1468 acie,
668 1391 783 1456 reverti
796 1391 990 1456 viderentur.
1035 1390 1257 1456 Beneventani
1275 1413 1388 1456 omnes

333 1477 426 1542 turbs
447 1478 547 1542 effusa
568 1500 669 1565 quum
694 1477 819 1543 obviem
844 1477 886 1542 ad
910 1491 1016 1578 portus
1041 1477 1189 1554 exissent,
1213 1478 1388 1565 complecti

332 1563 458 1642 milites,
474 1565 632 1650 gratulari,
648 1587 761 1630 vocare
781 1565 816 1628 in
829 1564 1012 1652 hosprtium.
1059 1568 1092 1628 A
1114 1577 1225 1652 parata
1239 1565 1390 1630 convivia

333 1650 480 1714 omnibus
502 1651 535 1714 in
557 1651 724 1738 propatulo
746 1651 874 1715 aedium
895 1651 1040 1716 fuerant:
1072 1587 1173 1716 alea
1193 1651 1406 1727 invitabantr

335 1733 581 1824 Gracchumque
612 1738 754 1816 orabant,
781 1750 817 1802 ut
842 1736 964 1825 epulari
992 1737 1191 1825 permitteret
1218 1737 1388 1804 militibus.

334 1821 379 1888 Et
401 1821 565 1888 Gracchus
587 1823 632 1889 ita
652 1824 805 1912 permisit,
827 1824 862 1888 in
885 1824 1013 1912 publico
1035 1823 1242 1912 epularentur
1264 1847 1407 1890 omncs2

335 1909 423 1974 Ante
448 1931 520 1975 suas
546 1911 725 1997 quibusque
751 1911 834 1976 fores
858 1910 980 1999 prolata
1005 1910 1120 1976 omnis.
1174 1909 1309 1989 Pileati,
1337 1926 1408 1980 ants

332 1995 406 2060 lana
425 1996 496 2062 elba
509 1996 619 2063 velatis
638 1998 795 2085 capitibus
808 1997 938 2063 volones
957 1996 1078 2085 epulati
1097 2009 1172 2061 srmt
1182 2021 1191 2074 ;
1216 1997 1274 2062 alii
1296 2021 1407 2063 cocu-t

333 2083 454 2161 beuter,
469 2084 522 2148 alii
537 2096 663 2162 stantes,
680 2085 736 2172 qui
754 2083 848 2148 simul
865 2084 1086 2149 ministrabant
1098 2083 1388 2172 vescebanturque.

333 2168 443 2257 Digna
456 2193 506 2236 res
520 2171 596 2248 visa,
611 2184 649 2236 ut
663 2169 865 2235 simulacmm
879 2169 1029 2236 celebrati
1043 2170 1111 2235 eius
1125 2169 1190 2234 diei
1207 2169 1388 2245 Gracchus,

332 2271 503 2344 postquam
519 2257 656 2324 Romam
676 2256 780 2334 rediit,
799 2256 889 2344 pingi
910 2258 1033 2323 iuberet
1051 2257 1086 2320 in
1106 2256 1185 2322 aede
1200 2255 1388 2332 Libertatis,

333 2366 431 2429 quam
452 2357 544 2431 pater
561 2344 632 2445 eius
654 2344 689 2446 ip
704 2343 868 2444 Ayentino
890 2367 931 2408 ex
953 2343 1129 2409 multaticia
1149 2344 1293 2430 pecunia
1316 2345 1406 2416 laci-5

227 2503 276 2568 17·
334 2429 854 2582 emllrilmcliiaehlhtlielihhhvvliehbiiu
910 2529 1033 2596 runtur,
1050 2515 1223 2594 Hannibal,
1241 2516 1285 2582 de
1332 2541 1389 2606 pu·

176 2589 312 2640 Marcellus
335 2600 416 2666 latus
428 2624 540 2689 agrum
552 2601 811 2691 Neapolitanum,
823 2603 865 2668 ad
912 2602 995 2668 olam
1010 2617 1110 2668 castra
1125 2617 1241 2668 movet.
1316 2629 1387 2670 nem

176 2653 273 2702 obviam
286 2653 306 2700 it
380 2688 387 2702 .
789 2691 797 2705 .
989 2691 996 2704 .

178 2715 322 2766 Hmnibali.
335 2688 390 2752 ubl
404 2687 574 2754 adventare
589 2690 699 2754 consul
716 2706 824 2768 sensit,
840 2689 1019 2778 Pompomo
1038 2703 1241 2791 propraetore
1256 2714 1335 2755 cum
1351 2705 1407 2756 eot
1442 2751 1443 2766 ,

334 2774 486 2852 exercitu,
511 2776 567 2862 qui
590 2797 684 2862 super
709 2775 890 2842 Suessulam
913 2777 948 2841 iu
970 2790 1079 2842 castus
1101 2790 1179 2855 erat,
1201 2778 1319 2855 accito,
1343 2779 1388 2843 ins
1442 2785 1443 2846 l

334 2861 459 2927 obviam
473 2861 557 2927 hosti
570 2875 670 2950 parat,
685 2885 745 2928 nec
760 2885 881 2928 moram
894 2862 1067 2928 dimicandi
1082 2863 1194 2928 facere.
1232 2861 1270 2928 C.
1286 2863 1388 2930 Cluu-

334 2947 425 3013 dium
449 2947 614 3014 Neronem
639 2971 713 3015 cum
738 2950 850 3014 robore
876 2950 1021 3036 equitum
1046 2950 1172 3015 silentio
1198 2951 1305 3014 noctis
1332 2974 1389 3038 per

334 3058 475 3101 aversam
492 3036 630 3103 maxime
650 3037 690 3102 ab
704 3036 794 3102 hoste
815 3049 939 3123 portam
959 3035 1096 3102 emittit:
1120 3037 1388 3102 circumvectum-

335 3144 398 3209 que
410 3121 532 3188 occulte
547 3123 696 3210 subsequi
711 3122 828 3188 seusim
840 3145 955 3210 agmen
966 3122 1105 3188 hostium
1116 3123 1214 3201 iubet,
1226 3135 1269 3200 et,
1282 3147 1387 3211 quum

334 3220 479 3275 coortum
492 3209 649 3297 proelium
661 3209 794 3286 videret,
810 3209 850 3274 ab
870 3221 959 3296 tergo
979 3232 1013 3274 se
1031 3210 1177 3275 obiicere.
1221 3208 1263 3275 Id
1277 3232 1388 3277 errore

366 3407 455 3469 9Nou
465 3407 743 3470 altosquamerams]
757 3404 839 3454 Etiam
873 3404 1000 3454 omittitur.
1021 3405 1052 3454 ct
1063 3405 1117 3453 infr.
1129 3403 1214 3454 xxxiii.
1226 3417 1265 3466 45.
1283 3405 1377 3456 Dru.
1441 3446 1442 3483 p

334 3467 360 3518 in
372 3485 455 3519 coena.
487 3470 513 3518 N
515 3485 555 3518 sm
566 3471 639 3532 vulgo
650 3485 734 3519 omnes
749 3475 842 3519 stautm
906 3483 920 3532 3
931 3471 1036 3531 Pileuti]
1059 3470 1144 3518 Pileua
1154 3473 1206 3518 erat
1217 3468 1344 3518 libertatis
1353 3487 1387 3519 re·

335 3535 496 3595 prandebant.
517 3534 548 3583 cl'.
560 3533 627 3596 Lips
645 3535 676 3583 de
693 3535 749 3584 Mil.
767 3535 840 3582 Rom.
874 3539 961 3595 ceptae
971 3533 1074 3596 signum.
1108 3533 1176 3582 Hinc
1188 3533 1243 3582 infr.
1256 3547 1296 3594 3²·
1309 3536 1386 3584 “Ser-

335 3597 586 3648 xri.etxriii.Du1t.
876 3596 898 3644 vi
920 3597 952 3646 sd
979 3597 1073 3659 pileum
1094 3597 1200 3646 voeatis*
1231 3597 1263 3645 cf.
1280 3597 1384 3648 Sueten.

371 3678 381 3711 1
399 3665 433 3712 In
442 3665 574 3725 propatulo
584 3663 693 3722 Mum]
716 3663 747 3710 Id
759 3668 804 3721 est,
814 3667 842 3710 ut
875 3661 936 3710 Ner.
948 3672 987 3724 57.

335 3733 401 3775 recte
417 3727 526 3788 explicat
540 3726 680 3786 Douiatius,
690 3725 754 3776 iutra
770 3726 843 3774 aedes
910 3727 1014 3786 4Lauo
1033 3727 1101 3786 alba]
1131 3725 1191 3781 Qua
1209 3731 1333 3788 tanquam
1352 3728 1383 3775 in

335 3791 443 3851 quidem,
451 3791 494 3838 sed
504 3792 559 3838 loeo
570 3797 664 3852 aperto,
672 3791 787 3852 nudoque
797 3791 842 3838 sub
874 3787 936 3852 signi
946 3789 1042 3838 futurus
1053 3789 1172 3838 libertatis
1182 3791 1327 3840 utebantur.

335 3853 441 3902 aetheris
451 3870 505 3902 mre.
538 3855 572 3902 At
582 3855 610 3901 in
618 3857 716 3915 multoc
726 3859 762 3902 est
773 3860 843 3902 extra
907 3865 921 3915 5
938 3855 1086 3903 Faciendum
1096 3855 1206 3914 rumolt]
1229 3854 1319 3909 Quam
1331 3871 1383 3904 reu
1440 3873 1441 3914 r

336 3918 417 3976 aedes,
436 3917 462 3965 in
478 3917 532 3979 ipss
549 3916 588 3966 riu
604 3918 710 3978 publica.
745 3918 842 3979 Itaque,
874 3931 914 3966 sor
929 3923 972 3965 aut
990 3917 1072 3980 potius
1087 3916 1173 3966 aedilis
1189 3917 1280 3966 curulis
1297 3935 1383 3982 exegi*-
1440 3921 1441 3928 ’

336 3994 412 4044 quum
423 3979 550 4030 Gracchus
560 3995 608 4028 non
623 3980 768 4042 permisisset
779 3980 841 4029 mili·
874 3988 919 4031 rat.
941 3981 1048 4044 utsupr.
1060 3997 1084 4030 x.
1097 3995 1135 4043 33.

335 4045 401 4094 tibur
409 4044 663 4107 epulerinieieslege
671 4043 733 4093 utin
745 4045 843 4105 publico
907 4043 923 4094 6
938 4047 1072 4108 Pomponio
1080 4048 1252 4108 propraetore]
1270 4045 1382 4110 henigne-

336 4113 498 4164 vescerentur.
518 4109 686 4158 Beneventani
704 4113 762 4156 ante
780 4109 844 4157 fores
875 4109 1003 4172 tioitsque
1016 4109 1193 4171 provinciamm
1205 4109 1229 4158 iu
1241 4109 1382 4160 initiosnni

336 4175 438 4235 quisque
457 4173 585 4235 protulisse
601 4187 646 4221 rus
659 4173 743 4221 omnia
759 4172 843 4222 dicun·
875 4173 941 4222 fucta
950 4173 1000 4222 iam
1011 4179 1116 4233 mutatu,
1125 4190 1155 4222 sc
1166 4174 1322 4236 praetectum
1334 4191 1382 4223 as

335 4243 383 4286 tur.
400 4239 481 4287 Cssv.
874 4242 966 4285 trorum
990 4252 1064 4300 super
1085 4239 1224 4286 Suesuilnm
1243 4237 1381 4300 Pomponio

369 4315 383 4349 a
400 4303 441 4349 Ito
455 4301 575 4362 misit,
590 4303 619 4348 in
634 4301 743 4362 mellico]
764 4299 843 4362 Saepe
875 4301 933 4350 data
944 4316 996 4352 sese
1007 4301 1109 4352 ridetur.
1129 4303 1276 4364 simpuio.
1292 4302 1381 4351 Duru.

337 4365 482 4414 vocabulum
494 4371 522 4412 ut
533 4369 588 4426 post
600 4365 673 4412 verbs
685 4363 842 4426 permittendi
