2866 4770
303 211 399 314 nra
423 249 555 318 xxrx.
590 249 702 316 car.
730 257 778 317 14.
1001 255 1066 322 us

31 386 103 450 sicut
138 384 218 450 riore
234 407 329 462 anno,
342 408 415 450 cum
428 401 532 452 vetere
548 400 683 476 uterque
694 389 862 476 praesidio,
874 392 1066 458 obtinerent.
1079 407 1113 459 U.
1124 408 1154 458 ο.
1171 409 1225 472 548.

31 471 76 535 De
126 471 263 558 ispaniae
279 471 422 621 imperio,
439 495 519 559 quos
538 474 572 537 in
592 497 663 539 eam
683 477 878 562 provinciam
892 478 973 544 duos
992 502 1067 567 pro-
1077 473 1108 522 A.
1125 473 1155 523 0·
1171 487 1226 533 ²⁰⁴·

31 557 164 622 eonsules
187 559 271 623 mitti
297 570 446 644 paceret,
471 559 569 624 latum
596 560 637 625 ad
662 562 816 649 populum
843 576 899 629 est
946 564 1069 631 Omnes

31 644 122 708 nibus
149 644 287 722 eosdem,
316 644 353 708 1.
373 642 560 710 Cornelium
587 646 762 713 Lentulum
792 662 826 713 et
852 650 891 714 L.
908 650 1068 716 Manlium

31 730 206 808 Acidinum,
231 729 443 817 proconsules,
465 732 547 796 sicut
570 734 673 820 priore
698 757 783 799 anno
807 737 993 815 tenuissent,
1011 740 1069 803 ob·

31 816 124 881 inere
138 839 189 881 eas
204 817 381 904 provincias
396 817 563 882 iusserunt
606 819 763 885 Consules
777 819 936 886 delectum
951 823 1067 890 habere

31 902 235 980 nstituerunt,
251 903 340 968 etad
355 925 451 968 novas
465 905 646 969 scribendas
661 906 695 969 in
711 905 853 971 Bruttios
870 908 1020 995 legiones,
1036 923 1069 976 et

31 1012 59 1052 .n
79 1003 252 1054 ceterorum
270 989 331 1076 (ita
351 989 438 1054 enim
460 990 536 1055 ioasi
556 993 596 1056 ab
614 1004 726 1058 senatu
746 995 852 1080 erant)
870 996 1069 1060 exercituum

31 1097 84 1161 sup
106 1075 286 1140 lomentum.

103 1183 260 1247 uanquam
275 1161 420 1227 nondum
435 1178 542 1252 aperte
555 1165 666 1230 Africa
679 1168 843 1254 provincia
853 1168 981 1234 decreta
991 1183 1068 1246 erat,
1169 1215 1178 1234 .

31 1247 267 1334 [occultantibus
288 1247 333 1326 id,
353 1250 459 1328 credo,
478 1251 635 1329 Patribus,
656 1275 696 1316 ne
719 1255 967 1340 praesciscerent
990 1253 1071 1319 Car-

31 1333 250 1420 magimenses)
272 1347 380 1399 tamen
402 1337 436 1400 in
459 1359 528 1402 eam
555 1360 643 1437 spem
669 1353 775 1404 erecta
800 1340 909 1405 civitas
935 1353 1012 1418 erat,
1035 1341 1070 1404 in

31 1419 134 1483 Africa
163 1442 201 1484 eo
232 1443 317 1484 anno
348 1421 541 1486 debellatum
571 1425 620 1501 iri,
647 1425 808 1512 finemque
836 1426 920 1492 bello
946 1427 1070 1491 Punico

31 1505 140 1570 adesse.
186 1504 378 1593 Impleverat
408 1531 447 1572 aa
475 1531 526 1572 res
553 1511 813 1596 superstitionum
840 1512 971 1590 animos,
997 1535 1071 1599 pro-

31 1593 121 1677 nique
136 1592 223 1656 etad
237 1593 424 1670 nuntianda,
440 1607 473 1659 et
492 1594 533 1659 ad
553 1596 713 1661 credenda
732 1598 878 1686 prodigia
897 1612 1006 1663 erant:
1031 1621 1070 1663 eo

31 1678 114 1764 olura
127 1677 343 1764 vulgabantur.
391 1681 505 1745 ‘Duos
524 1681 605 1746 soles
619 1682 721 1747 visos:
745 1699 778 1748 et
800 1698 893 1748 nocte
915 1685 1202 1764 insertur-raons.

31 1765 125 1827 isse:
150 1779 182 1828 et
195 1765 297 1830 facem
315 1765 420 1831 Setiae
436 1767 475 1832 ab
490 1781 562 1832 ortu
583 1767 656 1832 solis
675 1768 717 1832 ad
737 1770 936 1834 occidentem
951 1771 1070 1870 porrigi

31 1851 150 1916 'visam
190 1851 380 1917 Tarracinae
439 1867 529 1930 rtam,
546 1855 601 1917 An
667 1855 715 1918 iae
731 1869 764 1918 et
801 1869 901 1918 ortam
916 1869 948 1919 et
963 1855 1071 1920 multis

31 1935 122 2000 'locis
139 1959 266 2000 murum
281 1937 322 2002 de
340 1960 430 2003 coeo
448 1951 577 2004 tactum.
603 1875 665 2003 alii
683 1940 762 2004 aede
778 1877 911 2004 lunonis
927 1939 1070 2026 Sospitae

31 2021 182 2086 ‘Lanuvii
197 2045 270 2087 cum
286 2023 445 2088 horrendo
459 2024 581 2112 fragore
596 2025 761 2112 strepitum
775 2025 916 2090 editum!
950 2025 1071 2090 Eorum

31 2107 292 2172 rrocurandorum
312 2131 406 2173 eausa
425 2110 511 2174 diem
534 2133 635 2173 unum
656 2111 843 2197 supplicatio
856 2111 936 2174 fuit:
961 2123 995 2175 et
1014 2134 1073 2176 no·

31 2193 167 2258 rendiale
190 2217 322 2271 sacrum,
345 2195 433 2281 quod
454 2195 495 2261 de
518 2197 607 2260 coelo
628 2195 803 2344 lapidatum
827 2209 919 2274 esset,
941 2197 1069 2262 factum.

31 2279 74 2344 Eo
94 2280 223 2345 accessit
242 2281 431 2345 consultatio
453 2281 493 2346 de
517 2280 653 2346 matreI
676 2305 733 2346 aea
754 2283 948 2382 accipienda,
964 2305 1070 2370 quam,

31 2379 245 2453 traeterquam
257 2367 345 2453 quod
358 2367 405 2432 M.
417 2365 573 2444 Valerius,
586 2391 668 2432 unus
679 2391 720 2433 ex
735 2369 847 2456 legatis
861 2357 1115 2457 praegressus„Q

31 2465 165 2516 rctutum
185 2453 219 2516 in
242 2452 334 2518 Italia
352 2453 419 2518 fore
441 2454 650 2531 nuntiaverat,
666 2477 776 2519 recens
798 2456 930 2520 nuntius
951 2456 1070 2533 aderat,

31 2538 213 2603 Tarracinae
231 2540 293 2603 iam
309 2561 384 2604 esse.
431 2537 530 2604 Haud
551 2561 664 2626 parvae
685 2541 731 2605 rei
751 2540 905 2606 iudicium
927 2555 1072 2606 senatum

31 2626 161 2702 enebat,
184 2624 241 2711 qui
266 2625 314 2688 vir
336 2626 475 2712 optimus
498 2626 532 2690 in
556 2627 683 2691 civitate
708 2642 798 2693 esset.
845 2627 963 2692 Veram
985 2639 1071 2692 certe

31 2711 185 2776 rictoriam
207 2711 276 2775 eius
298 2711 344 2774 rei
366 2711 426 2775 sibi
446 2713 580 2800 quisque
603 2713 720 2792 mallet,
736 2737 833 2801 quem
855 2713 920 2778 ulla
939 2713 1072 2800 imperia

31 2819 207 2875 tonoresve,
231 2797 379 2884 suffragio
405 2821 461 2863 seu
485 2799 627 2877 Patrum,
652 2822 707 2864 seu
757 2801 834 2864 lebis
857 2799 986 2864 delatos
1032 2799 1069 2864 P.
1080 2811 1109 2860 Ρ.
1119 2809 1202 2875 Scipio

31 2883 75 2948 {ci
99 2885 216 2960 ionem,
245 2882 307 2948 Cn.
336 2883 447 2961 filium,
475 2885 544 2948 eius
570 2886 626 2970 qui
658 2886 690 2948 in
718 2823 875 2971 llispania
903 2883 1070 2962 ceciderat,
1079 2875 1201 2988 iffa.

31 2906 257 3034 idolescentem
282 2969 426 3034 nondum
453 2971 676 3056 quaestorium,
700 2970 921 3033 iudicaverunt
945 2971 980 3034 in
1006 2982 1073 3035 tota
1081 2955 1159 3053 ml
1171 2955 1190 2987 ¹⁸
1252 3009 1258 3018 ·

31 3056 149 3118 civitate
173 3055 276 3119 virum
299 3057 455 3120 bonorum
479 3055 634 3140 optimum
657 3077 733 3118 esse.
779 3052 819 3117 Id
838 3055 954 3140 quibus
973 3055 1073 3120 tirtu-
1098 3073 1107 3084 ’

32 3141 107 3204 ibus
121 3139 247 3205 inducti
263 3141 310 3205 ita
326 3140 506 3216 iudicarint,
522 3140 605 3203 sicut
623 3139 785 3226 proditum
800 3163 820 3203 a
833 3141 986 3227 proximis
1005 3163 1073 3205 me-

31 3227 140 3291 noriae
164 3241 342 3313 temporum
365 3225 491 3290 illorum
511 3226 712 3312 scriptoribus
732 3225 834 3290 libens
855 3227 988 3313 posteris
1009 3239 1072 3291 tra-

31 3313 131 3377 lerem
143 3336 152 3389 ;
187 3313 232 3377 itu
261 3335 347 3377 meas
377 3313 552 3399 opiniones,
579 3313 789 3377 coniectando
819 3334 886 3377 rem
916 3325 1072 3379 vetustate

31 3493 117 3540 ,ullam
139 3492 240 3550 fecerat,
259 3491 299 3539 hic
319 3497 437 3552 tanquam
459 3503 533 3552 supra
563 3505 652 3538 norum
673 3505 718 3551 pro
737 3490 802 3552 vulg.
823 3491 911 3538 bonum
933 3489 1073 3538 emendarit

31 3561 184 3604 nemoralem
196 3561 283 3604 narret.
301 3555 382 3604 (ἕω.
565 3553 673 3602 Gronov.
686 3553 756 3601 cuius
767 3553 932 3601 coniecturam
945 3553 1025 3600 firmat
1036 3553 1072 3602 in-

31 3747 166 3794 ·onendum
178 3747 264 3794 madet
276 3746 397 3808 Sigonius,
408 3748 450 3795 setl
459 3761 532 3808 proe-
564 3745 714 3793 inhonorem
722 3744 792 3792 Lucii
800 3744 922 3805 Scipionis
930 3743 1071 3792 lilirBerbe·

31 3814 152 3860 sisenem
166 3811 253 3859 eodem
267 3825 340 3858 sensu
351 3809 431 3873 accipi
442 3815 532 3872 potest,
564 3809 593 3868 ti,
600 3809 676 3856 literis
683 3808 802 3856 archaicis
810 3809 908 3870 scripta.
938 3807 1013 3869 Lapis
1020 3808 1072 3866 ille,

34 3891 68 3923 uo
81 3889 149 3936 supr.
162 3874 237 3922 xxvii.
250 3886 289 3935 35.
480 3921 483 3929 ,
564 3873 638 3934 quill
651 3889 742 3920 mortno
752 3874 890 3921 Borberino
900 3872 997 3938 dicitur,
1008 3871 1072 3921 hanc

31 3929 33 3936 ¹
54 3954 64 3986 r
84 3937 380 3998 Etnootet'nterlusim]
400 3937 531 3998 Eleganter
563 3937 747 3999 inscriptionem
775 3936 883 3996 exhibet,
911 3949 978 3985 uonc
1004 3950 1071 3986 outo.

31 4005 145 4051 uolnter
156 4003 376 4052 ambrosianicos.
394 4002 509 4049 Gronov.
564 4015 701 4050 rtornuun.
721 4013 878 4050 cosstnronr.
900 4013 924 4048 n.
947 4013 1071 4049 nuouono.

51 4081 64 4114 a
84 4068 122 4114 Et
136 4067 220 4125 focem
238 4063 332 4126 Setiae]
356 4066 442 4113 Plures
460 4065 530 4112 codd.
563 4079 670 4114 orruuo.
688 4079 782 4114 rurssr.
799 4079 870 4124 vino,
888 4064 990 4123 scilicet,
1005 4065 1073 4112 buno

31 4133 99 4178 iucem
121 4131 213 4179 Stellae
237 4129 363 4187 exhibent,
385 4127 464 4189 qualis
487 4127 532 4175 illa
563 4145 641 4176 unum
652 4131 755 4191 plurimi
769 4131 922 4178 coarctatione
933 4129 1072 4176 Romuebo·
1100 4175 1104 4181 ,

31 4193 121 4254 tirgtlii
141 4195 220 4242 Stella
235 4195 320 4253 secem
337 4194 435 4242 deum.
469 4190 531 4239 Dra·
564 4194 866 4255 nommopttmomsuiass
877 4194 964 4240 virum.

31 4257 189 4305 enborchius
200 4257 270 4306 illam
278 4257 353 4304 modo
361 4257 392 4303 ab
404 4254 485 4304 Setiae
496 4254 531 4303 in·
597 4259 758 4315 4Proditum
780 4273 796 4303 α
815 4252 947 4317 pras-imis]
972 4251 997 4302 Si
1017 4267 1072 4314 pru·

31 4321 81 4370 olis
92 4321 292 4370 animadversam
303 4321 378 4368 fuisse
389 4318 500 4368 coniecit.
564 4318 643 4368 ditum
655 4319 748 4370 fuisset.
766 4321 848 4370 (lunt.

52 4399 67 4446 3
91 4387 182 4435 Vtram
200 4387 316 4436 bom
332 4382 460 4448 monum]
485 4384 530 4433 Bo·
