2878 4772
317 264 381 327 374
701 256 816 324 ΤΙΤΙ
846 253 980 323 LIVII

161 403 196 455 U·
208 405 238 453 0·
255 417 415 465 sumnam
430 393 576 460 traditam
590 393 692 471 sama3
715 393 846 459 alteram
865 394 1014 480 scriptam
1031 388 1223 488 laudatione
1239 385 1312 463 filii,
1326 385 1390 473 quir

159 469 192 519 Δ·
209 469 239 519 ⁰¹
255 467 310 516 ²⁰⁸‘
319 484 366 548 rei
383 495 489 569 gestae
508 480 706 558 interfuerit3
730 482 866 559 tertiam,
882 502 978 567 quam
1000 478 1067 565 ipse
1086 499 1148 563 pro
1166 487 1330 561 rnqursrta
1345 495 1374 536 ac

319 569 379 634 sibi
401 590 471 633 com
514 581 562 632 rta
583 568 682 631 affert.
730 564 883 632 Ceterum
902 567 948 630 ita
968 564 1052 630 fama
1072 562 1190 639 variat,
1212 574 1254 625 ut
1277 575 1375 624 tamen

319 654 464 742 plerique
491 654 540 718 oci
555 653 740 739 speculandi
753 676 848 718 causa
864 652 972 717 castris
991 671 1177 736 egressum
1202 669 1322 712 omnes
1335 646 1375 709 in-

320 741 409 805 sidiis
422 741 674 804 circumventum
688 739 822 804 tradant

253 867 262 886 .
366 825 539 903 Hannibal,
566 847 717 912 magnum
742 839 894 890 terrorem
918 824 1071 900 hostibus
1098 833 1209 886 morte
1244 817 1376 884 00an

322 912 426 990 unius,
441 911 571 977 vulnere
592 911 729 989 alterius,
745 910 899 976 iniectum
917 932 986 975 esse
1005 922 1102 985 raurs,
1116 929 1164 972 ne
1181 906 1245 971 cari
1257 905 1377 970 deeset

322 998 488 1075 occasioni,
504 1011 606 1062 castra
627 999 662 1062 in
687 997 855 1075 tumulum,
869 998 906 1061 in
951 1020 993 1061 no
1015 1007 1203 1095 pugnatum
1225 1007 1311 1069 erat,
1330 1013 1378 1055 ex·

322 1085 442 1172 templo
467 1084 620 1148 transfert.
667 1083 718 1148 Ibi
744 1084 910 1148 inventum
928 1020 1079 1146 <Marcelli
1105 1101 1231 1180 corpus
1260 1077 1376 1176 sepelit

324 1170 500 1259 Crispinus,
513 1181 546 1234 et
560 1184 660 1235 morte
675 1168 825 1256 collegae,
838 1185 870 1235 et
881 1193 938 1234 suo
948 1168 1079 1232 vnlnere
1091 1180 1243 1242 temtus,
1256 1165 1377 1229 silentio

322 1256 518 1343 insequentis
531 1256 635 1320 noctis
648 1256 817 1343 profectus,
830 1278 910 1342 quos
920 1255 1081 1343 proximos
1093 1267 1217 1316 nactus
1228 1265 1284 1315 est
1294 1273 1377 1314 mou·

322 1358 379 1420 tea,
395 1343 430 1407 in
444 1342 483 1406 iis
497 1342 566 1406 loco
581 1342 645 1407 alto
663 1355 697 1406 et
713 1355 783 1407 tuto
801 1341 944 1428 undique
959 1353 1059 1406 castra
1075 1339 1199 1426 posuit.
1251 1337 1306 1402 Ibi
1320 1337 1377 1400 duo

322 1429 420 1494 duces
445 1428 598 1514 sagaciter
621 1428 699 1493 moti
720 1440 805 1506 sunt,
827 1427 906 1492 alter
931 1428 971 1491 ad
993 1425 1211 1501 inferendam,
1237 1423 1324 1489 alter
1343 1421 1378 1486 sd

322 1513 495 1580 cavendam
512 1513 665 1579 fraudem.
713 1514 844 1579 Annulo
859 1513 1006 1579 Marcelli
1028 1511 1123 1576 simul
1143 1532 1227 1574 cum
1250 1533 1294 1576 oo

323 1599 486 1665 Hannibal
514 1601 634 1688 potitus
662 1614 738 1667 erat.
785 1599 864 1666 Eius
888 1601 912 1666 s'
959 1600 1100 1664 ierrore
1131 1620 1177 1661 ne
1206 1597 1266 1661 cui
1347 1617 1376 1658 us

322 1699 503 1751 necteretur
531 1711 551 1751 a
579 1687 700 1766 Poeno,
730 1697 875 1754 metuens
937 1685 1081 1773 rispinus,
1111 1685 1203 1748 circa
1236 1683 1376 1747 civitae

345 1772 481 1837 mximas
502 1774 630 1837 miserat
649 1773 797 1838 nuntios:
829 1773 967 1838 occisum
990 1771 1051 1837 coll
1172 1791 1261 1847 esse,
1283 1791 1376 1833 annu·

322 1797 418 1946 lbque
441 1859 510 1923 eius
532 1859 656 1924 hostem
680 1859 836 1948 potitum:
868 1881 910 1923 ne
962 1859 1055 1922 uibus
1089 1857 1183 1920 iteris
1208 1856 1375 1921 crederent

321 1945 451 2009 nomine
467 1943 613 2010 Marcelli
627 1946 816 2033 compositis
862 1882 975 2010 Paullo
990 1955 1063 2008 ante
1078 1941 1132 2006 hic
1146 1943 1295 2008 nuntius
1308 1965 1375 2006 con-

322 2031 400 2096 sulis
419 2030 577 2118 Salapiam
594 2044 734 2110 venerat,
750 2054 849 2118 quum
869 2031 978 2096 literae
998 2029 1038 2095 ab
1054 2027 1249 2093 Hannibale
1273 2029 1374 2092 allatae

166 2125 295 2176 Hannibal
322 2130 407 2195 sunt,
423 2116 569 2181 Marcelli
590 2119 719 2182 nomine
739 2118 950 2205 compositae:
976 2115 1039 2181 ‘Se
1057 2128 1164 2192 nocte,
1183 2137 1278 2201 quae
1298 2115 1374 2178 diem

166 2190 276 2265 abacta·
325 2203 434 2268 ‘illum
457 2216 604 2268 secutura
624 2217 716 2281 esset,
740 2203 897 2291 Salapiam
917 2216 1105 2268 venturum:
1129 2201 1242 2288 parati
1268 2201 1389 2265 militem

165 2269 459 2366 liifffflaeessent,
473 2289 530 2375 qui
552 2290 587 2353 in
609 2289 766 2377 praesidio
788 2304 887 2367 crant,
906 2290 933 2354 si
953 2311 1017 2376 quo
1039 2309 1136 2375 opera
1157 2310 1283 2352 eorum
1302 2307 1374 2438 ppos

1331 2396 1374 2437 cc·

166 2386 259 2444 eaptus
324 2377 445 2440 ‘esset’
490 2375 623 2440 Sensere
641 2375 812 2463 Salapitani
826 2375 987 2440 fraudem:
1008 2386 1041 2439 et
1055 2375 1094 2438 ab
1109 2375 1168 2451 ira,
1186 2374 1303 2440 nond

323 2463 418 2526 tionis
440 2461 546 2538 modo,
566 2461 622 2526 scd
644 2463 739 2527 etiam
762 2462 907 2548 equitum
929 2461 1180 2535 interfectorum,
1203 2461 1273 2525 rati
1295 2482 1374 2525 octa·

322 2549 443 2612 sionem
458 2547 604 2636 supplicii
619 2549 696 2638 peti,
712 2549 841 2614 remisso
859 2564 943 2613 retro
959 2547 1083 2624 nuntio,
1099 2546 1261 2634 (perfuga
1277 2560 1373 2612 antem

322 2733 495 2784 animadvertit
516 2735 665 2794 Perizonius,
683 2733 726 2796 qui
747 2749 828 2783 emen·
862 2734 920 2794 cior,
930 2734 1018 2796 aptior,
1028 2732 1115 2782 clarior
1129 2731 1162 2782 sit
1173 2735 1288 2798 vulgata
1304 2734 1374 2786 ledit,

322 2799 429 2847 dandam
446 2804 518 2860 putat
530 2802 617 2849 sericm
633 2814 677 2860 pro
690 2814 751 2847 roca
766 2800 829 2848 ordi·
861 2798 916 2859 quir
933 2813 983 2846 uon
1001 2797 1084 2846 statim
1101 2796 1192 2846 videt?
1223 2799 1259 2847 Iu
1280 2815 1312 2847 et
1328 2813 1374 2858 eras

322 2879 384 2912 nem.
417 2863 524 2912 Crevier.
538 2861 567 2910 rb
580 2865 695 2912 traditam
711 2863 743 2911 ad
759 2877 830 2911 voces
860 2863 1050 2924 acquiescamus,
1069 2877 1109 2920 ne,
1128 2861 1151 2908 si
1168 2863 1255 2910 semel
1277 2865 1373 2910 claras

322 2942 385 2988 quae
405 2941 563 2989 praecessere,
579 2942 669 3001 nempe
685 2928 722 2976 rei
738 2932 829 2988 patae,
860 2931 947 2988 aperta
957 2931 1051 2974 tentare
1062 2924 1295 2984 constituerimus,
1302 2924 1374 2974 nstin

322 2991 449 3052 referebat,
469 2991 495 3039 id
517 2991 583 3053 quod
609 2989 664 3039 alris
685 2989 831 3039 doctissimis
862 2995 936 3051 atque
947 2987 1141 3050 aliquotussin
1152 2987 1373 3049 aliasbeunaa*

322 3054 424 3116 placuit.
862 3053 905 3102 nia
919 3053 969 3102 iarn
985 3053 1078 3101 incerta
1092 3053 1161 3101 flant
1198 3053 1244 3102 Sic
1262 3053 1314 3104 hoc
1330 3054 1373 3115 ipa

353 3117 830 3180 rLaudationcfila'iJObscuraestquas-
862 3117 951 3179 capite,
965 3117 1049 3179 paullo
1066 3116 1187 3178 superius,
1207 3118 1253 3165 ubi
1273 3119 1374 3180 vulgus

322 3182 377 3238 ctio,
391 3187 475 3230 utrum
491 3183 600 3231 laudatio
617 3183 738 3244 quaedam
754 3181 831 3245 patris
862 3179 917 3229 libri
928 3181 1373 3242 habentdmadinsmdmalts

322 3261 338 3294 a
354 3245 454 3304 filio,sn
467 3245 511 3294 filii
524 3246 636 3308 aquosis
646 3251 750 3308 cognato
764 3245 830 3294 dicta
861 3247 894 3293 ad
909 3245 1040 3294 cavendam
1050 3245 1188 3305 fraudem
1212 3245 1373 3300 Puteum

322 3308 363 3357 hic
384 3309 544 3371 intelligatur,
565 3325 641 3371 quum
664 3309 830 3358 laudatoribus
861 3310 924 3358 alter
934 3310 1130 3369 edisserendum
1138 3310 1277 3370 franbus,
1288 3309 1372 3358 amitat

322 3371 366 3421 lilii
381 3373 511 3435 proclivius
522 3380 585 3422 esset
594 3373 738 3422 memoriam
749 3387 829 3421 rerum
861 3372 955 3421 mediis
981 3373 1053 3434 Supr.
1064 3387 1100 3430 14.
1111 3373 1220 3421 mutilus
1231 3388 1334 3436 quoque
1341 3383 1370 3420 aa

320 3443 442 3498 gestamm
454 3435 547 3494 vitiare,
557 3437 697 3498 famamque
709 3437 829 3485 honorum
862 3436 927 3485 idem
939 3437 1025 3493 codex,
1036 3441 1060 3484 et
1071 3435 1096 3483 in
1108 3435 1156 3484 bac
1168 3436 1328 3485 Hannibalis
1336 3451 1370 3483 st-

320 3500 422 3549 fallente
433 3499 561 3549 mendacio
571 3501 697 3563 aucupari.
716 3501 829 3551 cloreu·
861 3499 931 3548 tabili
952 3500 984 3548 de
1005 3499 1127 3548 Marcello
1149 3514 1223 3559 voce,
1244 3517 1293 3550 serr
1314 3503 1370 3556 rial,

321 3579 367 3614 aer.
380 3565 413 3613 R.
425 3567 483 3614 Ant.
496 3565 509 3624 ἕ
522 3579 535 3612 2
553 3565 576 3614 8.
855 3566 973 3626 screator
986 3565 1062 3612 emeat
1077 3565 1166 3622 etorm-
1182 3581 1232 3614 εσυ
1243 3567 1325 3614 &aaa
1333 3571 1370 3620 ed,

357 3643 371 3677 a
391 3630 482 3678 Parati
531 3630 590 3678 'iter
610 3629 702 3688 ment]
737 3628 829 3678 Carent
860 3630 985 3676 instaurat
1004 3643 1061 3676 eam
1085 3629 1223 3677 uictoribus
1244 3637 1370 3683 cerm

320 3693 400 3754 prima
417 3708 475 3742 voce
491 3691 583 3755 scripti,
599 3697 653 3740 tum
670 3691 828 3751 Gronoviani,
860 3691 965 3740 transilit
978 3689 1010 3738 rt
1022 3693 1091 3740 uictis
1106 3707 1158 3740 seu.
1193 3691 1232 3740 Et
1249 3693 1312 3740 alibi
1326 3707 1370 3739 ne

320 3756 467 3805 tumnostri.
504 3755 627 3805 Sednulli
639 3756 726 3817 codici,
736 3770 767 3804 ne
778 3756 827 3804 exi·
860 3755 916 3817 pius
936 3755 999 3803 tales
1018 3754 1127 3804 defectus
1147 3755 1175 3802 in
1195 3755 1297 3818 optimo
1317 3757 1371 3803 lium

320 3820 370 3868 mio
389 3820 488 3880 quidem
507 3819 545 3868 illi
562 3821 713 3879 Puteanaeo,
731 3824 828 3868 tantum
860 3819 1037 3867 annotavimus.
1064 3817 1204 3867 statuimus
1215 3819 1370 3882 itaquarrrui·

319 3883 457 3942 tribuimus,
468 3890 496 3931 ut
506 3882 540 3931 ibi
551 3883 634 3931 rtatim
647 3883 764 3932 mendum
776 3899 828 3932 esse
860 3888 914 3930 tum
928 3883 1083 3931 tribuendum
1099 3897 1152 3930 essa
1168 3883 1271 3945 scriptis
1287 3883 1370 3932 codici·

320 3945 496 4004 existimemus,
507 3945 549 3994 ubi
565 3945 602 3995 illi
619 3947 736 3996 dissident
750 3963 766 3995 a
777 3947 828 3996 vul·
860 3947 915 4004 bus,
923 3946 1063 4008 praesertim
1074 3945 1093 3994 si
1104 3946 1153 3994 sint
1164 3947 1325 3996 venerandae
1334 3963 1369 3994 an-

319 4010 396 4072 gatis:
419 4009 560 4070 praesertim
572 4010 591 4058 si
602 4011 665 4059 ratio
675 4011 775 4060 evidens
785 4026 828 4073 ap·
861 4011 996 4072 tiquitatis:
1018 4009 1060 4058 sed
1076 4009 1112 4057 ita
1130 4015 1227 4068 tamen,
1245 4017 1276 4058 ut
1293 4009 1370 4060 usis

319 4078 405 4136 pareat
419 4087 463 4120 cur
479 4087 534 4120 eam
545 4087 608 4134 quae
623 4080 722 4136 recepta
733 4080 769 4123 est
780 4075 828 4124 lec·
860 4089 958 4150 quopue
968 4073 1029 4122 ratio
1039 4073 1167 4122 habeatur.
1194 4073 1232 4122 Et
1243 4075 1289 4122 ubi
1300 4076 1369 4138 proh

319 4136 411 4186 tionem
431 4142 559 4184 tueamur:
585 4141 613 4184 ut
634 4137 681 4185 hoc
704 4140 767 4198 loco,
786 4136 829 4188 ubi
860 4139 935 4186 lectro
953 4137 1066 4196 occurrit,
1082 4137 1122 4186 cui
1139 4137 1216 4185 nostri
1234 4151 1291 4188 rrae.
1305 4153 1367 4200 repe

318 4215 402 4249 semus
412 4197 512 4248 omnino
528 4197 623 4260 flagitat
633 4215 717 4248 vocem
731 4204 824 4262 parati.
857 4207 941 4264 guent,
952 4201 1100 4250 credendum
1112 4207 1148 4250 est
1159 4201 1257 4262 priores
1266 4203 1368 4250 dhorn

318 4263 457 4311 Gronovius
477 4277 508 4309 ea
526 4261 613 4310 omum
634 4264 770 4325 suspicatur
791 4265 824 4313 le·
857 4265 961 4314 aliorum
983 4264 1095 4313 codicum
1121 4265 1220 4326 copiam
1249 4266 1368 4322 asbus,

317 4325 424 4396 gendum
437 4326 522 4385 cipilea
537 4331 624 4383 meent,
640 4324 666 4373 id
682 4331 727 4384 est,
742 4327 824 4390 vigila
859 4328 989 4393 exquibus
999 4343 1054 4379 eam
1065 4328 1197 4379 hauserint.
1215 4330 1304 4382 Gur.

317 4393 380 4447 rent,
391 4387 479 4437 intenti
493 4391 580 4437 essent.
615 4387 717 4445 Quanto
731 4388 824 4454 simpli-
