2866 4770
322 151 388 212 530
706 139 820 206 ΤΙΤΙ
850 140 984 208 LIVII

168 288 203 340 U.
216 288 245 338 ο.
261 301 316 350 350.
324 279 466 368 partibus
479 275 568 342 lenta
581 299 647 363 spe,
660 274 695 338 in
709 275 833 340 nullum
848 272 1065 363 propinquum
1080 275 1269 342 debellandi
1283 276 1360 341 mem

169 353 198 406 Α·
216 353 245 404 ⁰·
261 367 316 404 ²⁰²·
324 388 444 454 gerere,
457 375 624 429 erexerant
634 362 777 427 omnium
793 362 915 427 animos
932 361 1041 449 Scipio
1055 376 1090 429 et
1102 363 1282 440 Hannibal,
1293 362 1361 426 vebn

324 455 366 520 ad
387 472 571 538 supremum
585 461 747 513 certamen
761 448 935 536 comparati
950 447 1056 514 duces.
1104 449 1135 514 Ii
1152 473 1294 536 quoqne,
1306 449 1362 538 qui·

324 541 384 605 bus
404 539 518 624 ingens
539 548 608 600 erat
630 535 664 600 in
686 533 835 621 Scipione
858 535 976 600 fiducia
993 550 1026 600 et
1039 536 1197 602 victoriae
1220 559 1300 624 spes,
1312 557 1378 622 qmr

325 624 424 712 magis
438 625 473 688 in
486 622 699 710 propinquam
714 643 785 686 eam
799 622 1008 686 imminebant
1022 623 1148 699 animis,
1167 645 1209 688 eo
1224 645 1314 688 muse
1324 623 1363 686 in·

324 710 469 777 tentioris
490 721 588 774 erant
636 706 734 772 Haud
756 707 863 794 dispar
885 708 1011 774 babitus
1036 709 1225 774 animorum
1250 707 1363 776 Cartba-

325 796 521 886 giniensibus
532 807 617 860 erat:
641 817 721 881 quos
735 795 831 860 modo
846 795 961 881 petisse
977 817 1100 882 pacem,
1112 796 1283 862 intuentes
1292 794 1363 860 llan-

325 883 465 950 nibalem
476 905 513 947 ac
524 902 630 947 rerum
644 895 803 968 gestarum
816 881 884 946 eius
899 881 1167 968 magnitudinem,
1180 883 1362 970 poenitebat:

326 970 433 1048 mod0,
456 991 556 1056 quum
583 969 785 1054 respicerent,
807 968 857 1032 bis
877 990 945 1032 sese
968 967 1036 1032 acie
1060 969 1176 1045 victos,
1202 967 1365 1057 Sypbstam

327 1071 465 1145 captum,
483 1054 590 1142 pulsos
612 1077 645 1118 se
669 1053 834 1154 Hispania,
850 1053 957 1155 pulsos
971 1053 1073 1130 Italia,
1090 1069 1193 1142 atque
1216 1079 1258 1120 ea
1278 1055 1366 1120 omnia

328 1144 423 1208 unius
437 1142 553 1206 virtute
576 1153 610 1205 et
629 1140 760 1205 consilro
777 1139 934 1227 Scipionis
947 1141 1040 1216 facta,
1055 1141 1147 1230 relut
1161 1141 1295 1207 fatalem
1306 1163 1365 1206 eum

328 1229 443 1295 ducem
458 1228 493 1292 in
507 1227 639 1292 exitium
655 1249 748 1292 suum
762 1241 874 1292 natum
888 1227 1069 1292 horrebant

260 1363 268 1380 .
372 1315 441 1382 Iam
460 1313 676 1380 Adrumetum
690 1328 821 1378 venerat
841 1313 1021 1379 Hannibal:
1046 1313 1146 1392 unde,
1171 1314 1216 1380 ad
1239 1315 1366 1380 reliden-

328 1403 406 1468 dum
422 1423 463 1467 ex
478 1401 647 1466 iactatione
662 1400 819 1466 maritima
833 1400 966 1465 militem
980 1402 1090 1488 paucis
1105 1401 1227 1466 diebus
1240 1402 1365 1488 sumptis

327 1489 450 1554 excitus
470 1487 593 1574 pavidis
614 1486 744 1563 nuntiis,
760 1487 868 1551 omnia
887 1486 971 1552 circa
987 1485 1226 1574 Carthaginem
1249 1487 1366 1552 obtineri

327 1575 431 1652 armis,
458 1574 669 1649 afferentium,
696 1573 819 1660 magnis
843 1572 1010 1638 itineribus
1037 1573 1176 1638 Zamam
1205 1573 1366 1640 contendit

170 1669 313 1745 spermate
330 1661 431 1727 Zama
456 1659 600 1747 quinque
626 1659 751 1724 dierum
780 1659 841 1726 iter
865 1659 905 1724 ab
932 1658 1127 1746 Cartbagine
1154 1661 1260 1726 abeat.
1303 1659 1368 1724 lntlc

170 1735 320 1849 ffl‘lgl·
327 1747 490 1836 praemissi
504 1746 717 1833 speculatores
732 1767 832 1832 quum
846 1767 924 1812 exce
948 1747 972 1811 ti
990 1768 1009 1811 a
1022 1745 1212 1812 custodibus
1230 1747 1369 1812 Romanis

170 1813 310 1925 plexu-⁰¹
329 1835 459 1901 deducti
479 1833 521 1898 ad
537 1832 720 1920 Scipionem
735 1845 849 1909 essent,
865 1769 996 1898 traclitos
1009 1855 1064 1898 eos
1079 1833 1222 1898 tribunis
1237 1834 1369 1904 milium,

168 1927 245 1976 mini.
328 1921 491 2021 iussosque
516 1921 631 1985 omisso
654 1931 741 1984 metu
764 1919 864 1984 visere
886 1919 1002 1997 omnia,
1024 1941 1082 2006 per
1103 1933 1221 1997 casua,
1239 1943 1304 2008 qua
1319 1919 1371 1984 rel·

328 2007 406 2084 lent,
426 2005 623 2072 arreumduei
646 2005 752 2072 iussit:
776 2019 1073 2094 percunctatusque,
1095 2005 1192 2070 satin’
1218 2029 1281 2094 per
1299 2029 1373 2072 com·

329 2093 460 2160 modum
475 2093 583 2159 omnia
593 2114 634 2158 ex
658 2090 818 2170 lorassent,
830 2092 921 2169 datis,
932 2093 985 2179 qui
1002 2108 1291 2179 prosequerentur,
1302 2111 1372 2158 rem>

329 2181 371 2246 ad
396 2179 611 2246 Hannibalem
634 2114 762 2244 limisit
809 2177 973 2244 Hannibal
997 2178 1079 2243 nibil
1101 2178 1242 2266 quidem
1265 2203 1373 2252 eornm,

329 2290 411 2354 quae
427 2266 664 2343 nuntiabantur,
680 2265 827 2352 (namet,
844 2265 1045 2330 Masinissam
1064 2287 1140 2330 eum
1163 2288 1226 2330 sex
1249 2266 1375 2332 millibm

327 2355 483 2506 ffiitum'
494 2367 645 2440 quattuor
659 2353 804 2440 equitum
815 2351 938 2418 venisse
953 2374 992 2416 eo
1006 2351 1075 2452 ipso
1089 2351 1176 2416 forte
1192 2353 1261 2430 die,
1277 2354 1376 2418 affere-

393 2441 421 2526 t)
435 2440 518 2506 laeto
536 2441 644 2506 animo
658 2438 769 2516 audiit,
785 2439 922 2504 maxime
944 2438 1043 2504 bostra
1063 2436 1197 2516 fiducia,
1211 2463 1300 2526 quae
1320 2460 1376 2504 nen

328 2526 370 2592 de
385 2527 487 2592 nihilo
500 2525 641 2626 profecto
656 2547 754 2591 conce
779 2537 811 2590 ta
824 2538 915 2602 esset,
931 2523 1100 2612 perculsus.
1140 2522 1275 2613 Imque,
1287 2548 1377 2612 qusu-

329 2635 425 2698 quam
448 2625 481 2678 et
504 2634 570 2712 rpse
593 2633 687 2678 causa
712 2548 788 2678 belli
809 2625 886 2689 erat,
905 2624 939 2676 et
959 2610 1099 2676 adventu
1120 2633 1183 2678 suo
1202 2613 1378 2678 turbaverat

329 2713 363 2764 et
384 2711 491 2786 pactas
513 2698 661 2775 rndutias‚
680 2711 713 2764 et
734 2720 823 2786 spem
844 2697 1029 2775 foederum
1053 2709 1174 2775 nmen,
1197 2699 1228 2762 si
1251 2701 1376 2786 integm

330 2807 427 2873 quam
450 2785 477 2849 si
499 2785 611 2862 victus,
677 2796 757 2851 teret
781 2807 903 2871 paoem,
927 2784 1077 2871 aequiora
1102 2783 1276 2872 impetrari
1297 2804 1378 2874 prm

330 2885 425 2950 ratus,
440 2871 591 2938 nuntium
670 2870 720 2936 Sc'
745 2870 851 2936 ionem
873 2869 968 2948 misit,
983 2883 1021 2935 ut
1041 2869 1259 2958 colloquendi
1281 2892 1378 2938 aecnm

374 2971 518 3024 testatem
540 2956 665 3023 faceret.
711 2893 880 3024 lineum
902 2979 995 3024 suas
1037 2969 1092 3022 nte
1114 2956 1246 3036 feeerit,
1266 2983 1310 3024 aa

352 3045 415 3110 lico
428 3042 569 3121 consilio,
581 3057 731 3109 neutrum
745 3066 803 3109 cur
817 3043 978 3120 affirmem,
1017 3044 1104 3110 abeo.
1146 2981 1382 3112 valerioeH

332 3131 400 3209 tias,
415 3131 518 3218 primo
537 3129 659 3218 proelio
673 3130 792 3196 rictum
814 3153 888 3196 eum
910 3153 930 3194 a
951 3129 1110 3218 Scipione,
1125 3151 1195 3216 quo
1210 3131 1382 3198 duodena

330 3216 430 3318 millia
451 3231 642 3282 armatorum
665 3217 700 3282 in
724 3216 790 3317 acie
812 3217 877 3281 sint
898 3239 1005 3366 cpesa,
1020 3215 1168 3318 milleuet⁸
1187 3215 1384 3308 septingenti

330 3303 674 3478 tlttls‘t‘lltll
691 3301 1385 3478 &tlfftsttffilsffll

330 3477 501 3553 abnuisset,
516 3477 609 3542 ambo
624 3498 664 3540 ex
682 3476 857 3562 composito
876 3475 974 3540 duces
991 3488 1092 3540 castra
1112 3478 1340 3562 protulerunt,
1354 3489 1385 3540 ut

170 3578 297 3642 colloqui-
330 3563 414 3629 coire
426 3586 467 3628 ex
482 3584 539 3649 pro
562 3563 661 3648 inquo
675 3575 811 3648 possent.
849 3559 956 3649 Scipio
970 3561 1057 3626 haud
1070 3562 1187 3648 procul
1198 3562 1388 3654 Nar-affara

170 3645 316 3694 undarum
329 3651 418 3728 urbe,
434 3664 502 3714 tum
576 3661 681 3714 cetera
695 3648 765 3714 loco
779 3661 968 3735 opportuno,
985 3661 1053 3712 tum
1067 3647 1157 3734 quod
1181 3653 1323 3738 aquatio
1345 3653 1402 3714 ira-r

171 3709 282 3773 ‘blm'
330 3750 379 3804 tra
403 3735 460 3802 teli
483 3735 662 3801 coniectum
686 3748 762 3813 erat,
789 3733 942 3800 consedit.
987 3733 1153 3799 Hannibal
1179 3739 1353 3804 tumulum
1374 3759 1389 3798 a

328 3835 480 3910 quattuor
493 3821 632 3887 millibus
646 3821 733 3899 inde,
747 3833 853 3886 tutum
868 3820 1071 3886 commodum
1094 3844 1136 3888 ue
1152 3821 1322 3913 alioquin,
1335 3823 1390 3890 nisi

327 3907 418 3998 quod
436 3907 629 3996 longinquae
647 3907 825 3996 aquationis
839 3919 916 3986 erat,
931 3907 1026 3995 cepit.
1112 3907 1124 3972 i
1146 3909 1185 3974 in
1207 3913 1329 3978 medio
1351 3911 1392 3976 lo

360 4101 446 4161 oQuo
456 4099 546 4158 napis]
566 4097 835 4160 Quoaridioreetape
866 4098 941 4146 batur
961 4113 976 4147 e
994 4095 1097 4148 flumine
1118 4101 1158 4150 rel
1184 4103 1243 4152 rivo
1269 4104 1392 4168 proprias

328 4165 422 4208 etvoto
436 4175 491 4208 eam
506 4160 711 4222 propinquantem
727 4163 775 4211 iam
793 4176 834 4210 ex·
867 4162 960 4222 eastris,
978 4176 1051 4224 quam
1071 4171 1186 4224 quantus
1206 4175 1248 4218 eat
1274 4171 1321 4218 teli
1343 4183 1392 4216 rte*

328 4223 471 4283 spectabant
482 4227 507 4270 et
518 4224 644 4284 optabant.
662 4225 743 4274 caav.
866 4223 952 4276 iectus.
969 4225 1050 4278 Gaas.

363 4299 373 4332 r
395 4288 454 4332 Tum
469 4287 533 4346 quod
546 4287 658 4347 mallo]
679 4289 752 4349 aqua
766 4293 834 4350 pete·
