2874 4772
362 187 425 252 274
744 174 858 244 ΤῙΤΙ
887 175 1026 242 LIVII

209 333 245 384 υ.
256 334 286 384 c.
302 345 358 396 540·
364 332 434 386 ctus
448 318 559 383 tuerat.
605 315 680 393 Hic,
697 327 730 380 et
747 337 788 379 ex
802 313 878 402 fuga
897 312 1039 379 collectis
1052 311 1216 391 militibus,
1232 325 1269 377 et
1289 314 1405 401 quibus

209 400 240 448 Ᾰ·
257 399 287 448 ⁰·
303 411 358 447 ²¹²·
365 407 439 472 dam
454 405 495 470 dc
509 403 672 506 praesidiis
686 401 841 478 deductis,
852 398 941 465 haud
954 399 1227 465 contemnendum
1242 401 1406 466 exercitrm

366 495 493 569 fecerat,
516 501 726 578 runxeratque
753 511 826 553 cum
849 486 888 552 Τ.
905 486 1039 552 Fonteio
1064 487 1102 551 P.
1121 484 1286 574 Scipionis
1307 486 1417 588 legatus

370 578 434 646 Sed
464 591 587 643 tantum
636 575 770 642 raestitit
794 597 892 662 eques
922 573 1087 639 Romanus
1115 573 1310 639 auctoritate
1340 591 1407 638 mter

368 666 485 731 milites
503 677 600 751 atque
613 601 750 739 bonore,
766 675 812 738 ut,
828 662 936 726 castris
958 661 1037 725 citra
1050 660 1180 724 Iberum
1203 661 1406 734 communitis

369 775 469 841 quum
489 751 605 816 ducem
619 750 817 814 exercituum
837 747 973 813 comitiis
987 746 1177 811 militaribus
1191 748 1299 812 creari
1317 747 1407 836 placa

368 841 453 916 isset,
477 838 649 904 subeuntes
671 836 726 901 alii
749 835 817 900 aliis
839 835 874 898 in
898 833 1071 898 custodiam
1091 833 1164 898 valli
1192 835 1407 920 stationesque

369 927 472 992 donec
495 947 553 1012 per
578 945 687 988 omnes
710 921 892 1009 suffragium
918 922 987 998 iret,
1010 921 1051 985 ad
1072 919 1111 986 L.
1127 918 1296 985 Marcium
1319 921 1408 984 cuncti

370 1035 526 1079 summam
540 1010 665 1097 imperii
675 1008 857 1074 detulerint.
904 1007 1010 1073 Omne
1020 1006 1095 1072 inde
1110 1019 1243 1094 tempus
1255 1008 1407 1095 (exiguum

370 1100 404 1165 id
414 1099 489 1185 fuit)
498 1096 678 1162 muniendis
693 1094 801 1197 castris
811 1094 1090 1244 conveheipdisque
1098 1095 1339 1195 commeatibus
1352 1117 1409 1158 con·

213 1291 342 1356 snt..
371 1197 618 1359 tttttttrt
636 1193 1409 1355 ⁰tt3tmdtt‚m.ttt.ttttmtptttt

214 1360 353 1434 Eva-120¹*
428 1372 539 1446 tquam
562 1355 795 1422 Hasdrubalem
819 1354 979 1442 Gisgonis,
1000 1354 1184 1418 venientem
1210 1354 1257 1419 ad
1281 1356 1410 1442 reliquis

215 1485 357 1536 Hmdmbsl
413 1445 448 1510 lli
465 1444 626 1546 delendas,
642 1443 787 1508 transisse
810 1441 949 1542 Iberum,
964 1454 998 1505 et
1015 1441 1281 1592 appropinqqare
1301 1442 1409 1592 allmssstpu

213 1541 1410 1704 tttffllzttttttttttdtttttumbaldum&

214 1705 322 1753 Roman.
373 1705 551 1793 quibusque
575 1717 609 1768 et
633 1702 767 1767 ducibus
791 1715 825 1768 et
846 1701 944 1789 copiis
966 1701 1039 1766 freti
1059 1701 1189 1788 prodire
1217 1703 1267 1767 ad
1291 1725 1410 1792 pugnarn

372 1790 455 1856 soliti
470 1802 584 1868 essent,
599 1790 675 1855 flere
691 1812 800 1854 omnes
815 1811 848 1854 re
891 1799 946 1852 nte
957 1799 990 1852 ct
1004 1788 1157 1853 offensare
1172 1790 1309 1876 capita:
1333 1803 1364 1854 et
1376 1788 1409 1852 ali

372 1900 485 1943 manus
495 1876 537 1942 ad
547 1876 670 1942 eoelum
682 1875 823 1952 tendere,
859 1897 912 1939 eos
923 1875 1117 1939 incusantes:
1141 1873 1209 1953 alii,
1221 1877 1324 1942 suari
1334 1875 1411 1948 huot

372 1987 465 2030 suum
481 1964 616 2052 quisque
636 1962 824 2028 nominatim
845 1961 960 2026 ducem
979 1961 1164 2048 implorare:
1191 1985 1311 2050 neque
1331 1961 1411 2028 sedrn'

372 2051 556 2118 lamentatio
570 2061 703 2138 poterat,
719 2049 930 2113 excitantibus
945 2047 1182 2113 centurionibus
1198 2051 1410 2138 manipulares

373 2152 406 2203 et
420 2139 489 2225 ipso
503 2137 663 2202 mulcente
678 2150 711 2200 et
728 2137 912 2223 increpante
928 2133 1061 2212 Marcio,
1079 2133 1181 2221 ‘quid
1202 2135 1240 2199 in
1258 2139 1412 2202 muliebre

374 2233 428 2290 ‘et
442 2224 569 2289 inutiles
584 2245 617 2288 se
639 2223 844 2372 proiecimpnt
857 2222 950 2286 fletus
964 2222 1078 2309 potius,
1094 2243 1191 2307 quam
1208 2221 1255 2286 ad
1282 2222 1411 2352 tutqndo¹

375 2319 385 2350 ς
512 2312 519 2326 ·
808 2309 815 2323 ·
1244 2310 1252 2324 ·
1359 2313 1367 2338 r

216 2416 337 2464 n...
375 2310 795 2483 ‘tmtttttttttltl
803 2321 1180 2460 tttttffitt
1196 2325 1410 2463 “ttroent

215 2494 273 2528 men
284 2479 348 2542 θερί·
373 2483 492 2548 clamor
513 2484 723 2570 tubarumque
738 2504 833 2546 sonus
854 2482 933 2569 (iam
952 2481 1038 2547 enim
1060 2503 1157 2569 prope
1172 2418 1303 2548 vdlum
1326 2485 1411 2550 hoste

216 2550 268 2592 um·
374 2567 480 2655 erant)
498 2569 675 2634 exauditur.
721 2568 813 2646 Inde,
829 2591 918 2634 verso
938 2581 1068 2656 repente
1088 2567 1121 2631 in
1142 2568 1224 2632 iram
1243 2569 1353 2650 luctu,
1367 2572 1420 2634 ds·

374 2677 498 2720 currere
524 2655 565 2719 ad
591 2678 694 2721 arma:
725 2678 772 2733 ac,
798 2655 886 2720 velut
908 2655 1032 2720 accensi
1054 2653 1149 2732 rabie,
1173 2654 1411 2724 discurruntsl

372 2753 488 2831 portas,
511 2742 596 2808 etin
617 2741 750 2819 hostem,
771 2742 856 2830 negli
896 2757 969 2806 nter
988 2754 1082 2842 atque
1102 2741 1324 2830 incomposite
1342 2745 1411 2810 resi

374 2828 678 2906 entem,incurrunt
724 2765 896 2916 Extempld
906 2829 1074 2916 improvrsa
1084 2849 1132 2892 res
1143 2851 1302 2916 pavorem
1314 2829 1411 2897 incutit

217 2930 359 2980 Poenoue
374 2915 507 2981 Poenis:
532 2915 786 3016 mirabundique,
801 2915 887 2980 unde
909 2929 958 2980 tot
979 2915 1084 2980 hostes
1103 2928 1167 2979 tam
1188 2916 1304 2983 subito
1326 2917 1410 2984 exort'

215 2995 320 3060 petunt.
396 3025 471 3091 rope
500 3001 606 3068 deleto
636 3015 778 3068 exercrtu
801 3002 914 3079 forent,
940 3001 1026 3066 unde
1053 3014 1141 3066 tanta
1165 3002 1316 3083 audacia,
1343 3019 1410 3070 tants

373 3025 492 3154 iducis
507 3089 555 3154 sui
564 3089 654 3154 victis
668 3111 705 3154 ae
718 3088 842 3177 firgnfis,
856 3089 927 3176 quis
940 3089 1111 3176 imperator
1124 3087 1252 3154 duobus
1268 3089 1410 3180 Scipion

373 3176 432 3240 bus
446 3177 543 3241 caesis
558 3176 737 3253 exstitisset,
753 3175 824 3262 quis
839 3176 945 3240 castris
959 3188 1125 3262 praeesset,
1135 3175 1207 3262 quis
1221 3177 1358 3266 signum
1370 3177 1409 3240 de

372 3261 470 3328 disset
489 3285 625 3350 pugnae,
641 3261 775 3326 adhaec
795 3275 842 3326 tot
864 3275 929 3327 tam
943 3262 1131 3349 necopinata
1150 3262 1257 3350 primo
1281 3266 1408 3330 omniun

373 3348 487 3414 incerti
505 3361 731 3436 stupentesque
746 3349 887 3414 referunt
906 3349 1040 3437 pedem:
1065 3348 1149 3426 dein,
1165 3349 1276 3416 valida
1293 3353 1340 3417 inr
1390 3371 1400 3411 ς

373 3435 461 3500 sione
476 3435 568 3523 pulsi,
585 3448 673 3522 terga
686 3447 821 3500 vertunt
868 3435 912 3500 Et
926 3448 981 3500 aut
994 3435 1184 3522 fugientium
1198 3438 1318 3505 caedes

372 3521 491 3600 fuisset,
506 3535 563 3587 ant
580 3522 763 3586 temerarius
776 3522 1033 3609 periculosusque
1054 3523 1259 3609 sequentium
1277 3527 1408 3613 impetus

372 3608 407 3672 ni
428 3607 569 3674 Marcius
582 3631 717 3696 propere
736 3609 879 3696 receptui
892 3608 1031 3674 dedisset
1049 3608 1184 3696 signum,
1201 3611 1407 3697 obsistensqts

373 3693 414 3759 ad
433 3695 535 3782 prima
556 3695 654 3795 signa,
671 3694 823 3783 quosdam
846 3707 879 3760 et
900 3695 967 3783 ipse
988 3695 1137 3772 retinens,
1156 3695 1353 3764 concitatam
1372 3719 1409 3760 rr.-

372 3781 534 3866 pressisset
547 3803 656 3846 acrem.
702 3781 783 3846 Inde
798 3783 832 3845 in
848 3795 947 3847 castra
961 3781 1068 3847 avidos
1082 3781 1187 3848 adhuc
1203 3783 1374 3874 caedisque
1385 3799 1408 3844 et

372 3868 533 3954 sanguinis
549 3866 684 3935 reduxit
732 3866 1021 3956 Carthaginienses,
1037 3867 1158 3956 trepide
1172 3869 1282 3970 primo
1297 3873 1336 3938 ab
1351 3873 1409 3936 bn*-

373 3951 453 4016 tium
468 3953 550 4018 vallo
567 3953 639 4030 acti,
655 3968 821 4042 postquam
836 3955 998 4020 neminem
1015 3955 1140 4042 insequi
1154 3955 1319 4038 vrderunt,
1334 3973 1410 4023 uren

259 4257 264 4268 ι
416 4213 429 4261 5
454 4201 636 4262 remeatque]
678 4199 708 4248 cf.
735 4201 806 4262 Supr.
841 4214 878 4263 35.
943 4201 1121 4253 susurrem
1139 4205 1173 4251 ad
1190 4208 1277 4267 ama]
1301 4207 1356 4255 Vox
1372 4209 1402 4252 §a

372 4265 536 4326 quums'uoctt'
547 4267 667 4322 cssmt,at
678 4263 785 4324 quaeibi
796 4269 879 4314 notata
911 4281 1011 4315 currere
1026 4268 1094 4315 abest
1109 4267 1141 4314 ab
1157 4282 1208 4315 uno
1223 4283 1274 4330 rra,
1289 4277 1351 4318 teste
1369 4270 1410 4320 la·-

372 4333 436 4375 runt.
913 4329 1020 4380 Gronov.
1032 4335 1057 4379 et
1068 4329 1183 4380 Beklrero
1191 4339 1310 4396 smpecta
1319 4341 1364 4382 cd.
