3002 4798
352 203 393 264 68
733 198 845 264 ΤΙΤΙ
875 198 1008 264 LIVII

194 347 228 396 U.
240 347 270 396 C·
282 357 337 408 5³5·
357 335 450 402 Mille
467 336 634 424 quingenti
648 336 786 402 hostium
805 337 840 400 in
854 336 931 413 acie,
946 335 1038 400 multi
1053 348 1163 422 postea
1180 336 1342 423 utrimque
1357 359 1421 408 ext

195 413 224 462 l·
242 412 271 462 ⁰·
284 422 339 472 ²¹⁷·
357 423 539 490 vulneribus
557 423 687 523 periere.
734 422 1039 510 Multiplexcaedes
1058 423 1218 510 utrimque
1235 423 1320 488 faeta
1336 431 1422 488 rra-6

357 511 444 576 ditur
463 510 502 575 ab
524 509 601 575 ultis
647 509 726 610 Ego,
742 521 963 598 praeterquam
979 508 1068 596 quod
1084 509 1166 574 nihil
1188 509 1336 576 harmtum
1358 527 1423 575 ext

357 620 438 662 vano
456 595 560 674 velim,
576 619 641 683 quo
662 597 757 662 mmis
775 596 931 662 inclinant
944 597 1043 661 ferme
1066 597 1269 662 scribentium
1290 596 1407 672 animi,

284 719 285 724 κ
358 684 492 750 Fabium
504 683 667 770 aequalem
681 695 746 748 tem
789 685 875 750 ribus
886 683 1016 750 huiusce
1027 683 1103 747 belli
1117 683 1315 770 potissimum
1326 698 1425 748 auc-8

359 786 460 836 torem
486 769 592 836 habui.
638 769 750 834 Hanni
771 769 811 848 al,
833 771 1028 858 captivorum
1050 771 1108 857 qui
1133 769 1241 834 Latini
1263 770 1405 835 nominis

360 869 472 935 essent,
487 857 555 922 sine
569 857 671 944 pretio
686 857 829 934 dimissis,
841 857 994 922 Romanis
1007 857 1043 920 in
1057 855 1183 921 vincula
1196 856 1287 935 datis,
1297 879 1426 944 segre-9

360 958 433 1034 gata
454 967 495 1010 ex
518 943 656 1010 hostium
680 958 933 1009 coacervatorum
959 943 1093 1008 cumulis
1117 965 1248 1030 corpora
1273 965 1406 1008 suorum

361 1055 461 1120 quum
490 1031 615 1118 sepeliri
637 1031 785 1107 iussisset,
808 1029 955 1096 Flaminii
980 1053 1108 1118 quoque
1134 1052 1257 1117 corpus,
1283 1029 1408 1096 funeris

363 1139 457 1183 causa
469 1139 584 1204 magna
598 1139 672 1182 cum
685 1139 761 1182 cura
774 1117 971 1204 inquisitum,
986 1139 1051 1182 nou
1066 1117 1196 1182 invenit

200 1213 296 1262 Romae
407 1204 540 1281 Romae,
563 1204 604 1268 ad
626 1203 763 1290 primum
788 1205 938 1268 nuntium
959 1202 1057 1268 cladis
1081 1204 1158 1280 eius,
1180 1225 1255 1268 cum
1280 1203 1407 1290 ingenti

200 1280 354 1391 qqunntec
362 1304 480 1358 terrore
503 1313 539 1355 ac
561 1289 701 1356 tumultu
722 1312 892 1355 concursus
913 1291 947 1354 in
968 1289 1071 1356 forum
1134 1289 1202 1376 puli
1223 1301 1271 1354 est
1292 1290 1406 1356 factus.

239 1377 246 1391 '
364 1378 532 1445 Matronae
546 1399 643 1465 vagae
658 1399 716 1464 per
729 1377 804 1456 vics,
842 1400 901 1442 uae
919 1399 1032 1464 repens
1046 1377 1075 1441 cl
1116 1399 1151 1442 es
1165 1375 1267 1452 alluta,
1283 1399 1407 1463 quaere

362 1467 488 1530 fortuna
514 1465 670 1529 exercitus
691 1477 783 1541 esset,
805 1399 914 1529 olrice
940 1475 1194 1550 percunctantur.
1239 1463 1284 1528 Et
1306 1485 1409 1550 quum

362 1551 537 1638 tiequeutis
562 1550 722 1616 concionis
745 1550 841 1616 modo
867 1551 959 1616 turba
983 1551 1018 1614 in
1043 1551 1207 1616 comitium
1229 1563 1264 1616 et
1285 1551 1427 1616 curiamr

363 1661 452 1702 versa
470 1637 669 1790 maqiptratus
686 1652 829 1714 vocaret3
857 1636 984 1702 tandem
1006 1636 1093 1702 haud
1115 1637 1215 1703 multo
1236 1649 1312 1702 ante
1335 1636 1410 1702 solis

365 1747 511 1790 occasum
573 1723 789 1810 .Pomponiue
808 1737 943 1812 praetor,
965 1723 1118 1810 ‘Pugna’
1140 1722 1255 1811 inquit,
1273 1732 1411 1811 ‘magna

367 1811 463 1876 ‘victi
484 1811 624 1892 sumusr'
645 1823 687 1886 et,
704 1832 886 1910 quanquam
908 1809 989 1874 nihil
1005 1809 1121 1876 certius
1140 1833 1182 1875 ex
1204 1833 1242 1874 eo
1262 1810 1409 1874 auditum

366 1909 547 1975 esttamen
567 1895 647 1960 alius
662 1896 701 1960 ab
721 1895 782 1960 alio
797 1896 920 1983 rmpleti
934 1896 1112 1962 rumoribus
1130 1896 1242 1962 domos
1256 1897 1409 1972 referunt,

367 1984 549 2050 ‘consulem
569 2005 641 2048 cum
660 2005 775 2070 magua
789 1996 877 2070 purte
900 1983 1062 2070 copiarum
1078 2005 1221 2048 caesum:
1246 2006 1410 2070 superesse

368 2079 511 2159 ‘paucos
527 2083 582 2136 aut
599 2070 674 2158 fuga
693 2070 809 2157 passim
826 2093 883 2158 per
901 2069 1059 2135 Etruriam
1080 2091 1211 2158 sparsos,
1227 2081 1283 2136 aut
1301 2082 1410 2158 captos

367 2159 427 2224 ‘ab
441 2157 552 2224 hoste!
598 2156 687 2232 Quot
700 2179 790 2222 casus
800 2157 957 2221 exercitus
971 2157 1046 2220 victi
1059 2156 1257 2250 frierantltot
1270 2157 1306 2222 in
1320 2176 1429 2221 curaer

367 2245 523 2333 dispertiti
545 2267 656 2310 eorum
672 2243 777 2308 ‘animi
802 2255 902 2320 eraut,
926 2265 1061 2330 quorum
1087 2243 1258 2332 propinqui
1282 2244 1343 2308 sub
1371 2241 1409 2308 G

368 2331 523 2396 Flaminio
544 2331 673 2395 consule
696 2343 885 2407 meruerant,
908 2329 1131 2416 ignorantium,
1150 2353 1232 2417 quae
1255 2330 1411 2417 cuiusque

368 2439 498 2484 suorum
518 2415 644 2481 fortuna
668 2429 767 2480 emet:
790 2439 851 2481 nec
873 2417 1040 2503 quisquam
1062 2417 1135 2482 satis
1158 2429 1281 2482 certum
1304 2417 1412 2493 habet,

391 2503 448 2569 uid
465 2516 520 2567 aut
542 2515 647 2589 speret
666 2515 722 2566 aut
743 2503 861 2568 timeat
907 2502 1050 2581 Postero,
1064 2526 1101 2569 ac
1118 2503 1269 2591 deinceps
1291 2503 1412 2591 aliquot

368 2527 490 2667 diebus,
513 2589 555 2654 ad
575 2601 681 2676 portas
702 2589 801 2655 maior
821 2611 919 2676 prope
941 2589 1119 2668 mulierum,
1142 2613 1240 2677 quam
1260 2590 1412 2667 viromm,

337 2704 341 2712 ·
370 2675 541 2740 multitudo
562 2675 658 2752 stetit,
679 2688 734 2740 aut
752 2697 881 2740 suorum
903 2675 1051 2762 aliquem,
1072 2689 1128 2742 aut
1148 2677 1279 2744 nuntios
1299 2677 1342 2742 de
1362 2677 1413 2742 his

370 2763 551 2850 opperiens:
571 2761 1072 2849 circumfundebantmqueobviis
1081 2764 1288 2840 sciscitantem
1306 2786 1414 2852 neque

371 2849 473 2928 avelli,
496 2849 606 2937 utique
629 2848 669 2914 ab
691 2849 784 2926 notis,
808 2848 903 2936 prius,
927 2871 1022 2935 quam
1044 2849 1155 2915 ondine
1176 2849 1285 2916 omnia
1306 2851 1414 2938 inqui-

370 2936 492 3013 sissent,
523 2948 676 3022 poterant.
722 2933 803 3000 Inde
832 2936 934 3002 varios
950 2936 1066 3002 uultus
1095 2936 1346 3024 digredientium
1375 2939 1414 3002 ab

372 3023 492 3086 nuntiis
500 3045 652 3100 cantaret,
663 3035 700 3087 ut
710 3021 826 3110 cuique
838 3035 893 3086 aut
901 3021 983 3088 laeta
993 3036 1049 3087 aut
1060 3023 1161 3088 tristia
1171 3024 1412 3093 nuntiabantur:

404 3275 418 3322 5
435 3261 515 3309 Multi
526 3267 610 3322 poetae
620 3261 741 3324 utrimque
751 3275 782 3308 er
792 3259 876 3306 valae·
908 3253 1022 3307 historiae
1039 3259 1166 3309 Romanae
1181 3259 1334 3324 scriptorem.
1357 3259 1416 3310 viu

371 3326 440 3373 eitra
453 3325 562 3400 periere]
583 3323 735 3372 Amentimur
751 3320 877 3372 Perizonio
909 3321 964 3370 init.
975 3321 1043 3373 xxiii.
1057 3338 1093 3372 11.

372 3389 465 3438 delenti
481 3388 521 3436 hic
536 3401 620 3438 rocem
630 3389 761 3451 utrunque,
770 3391 799 3435 ut
812 3386 877 3434 male
941 3401 957 3450 9
969 3389 1029 3436 Sim
1037 3390 1116 3449 pretio
1125 3390 1239 3448 mma]
1254 3389 1418 3440 mmm„

372 3453 502 3516 repetitam
513 3467 544 3500 ex
554 3467 624 3502 versu
635 3452 751 3514 sequenti.
785 3451 835 3499 Hie
847 3451 878 3498 da
909 3465 958 3498 non
977 3451 1055 3510 Italia,
1071 3453 1114 3501 red
1134 3453 1253 3502 Romania
1269 3453 1366 3502 bellum
1381 3454 1417 3504 in·

373 3518 431 3565 solis
442 3517 532 3566 Poenis
542 3515 592 3590 ugit
604 3513 694 3564 Lirim.
718 3513 753 3562 Et
763 3513 877 3576 sane‚qui
910 3515 980 3574 ferre,
990 3530 1085 3564 necnon
1096 3516 1204 3579 adipsos
1215 3517 1294 3565 Italos
1306 3517 1333 3565 in
1346 3517 1419 3567 liber-

375 3581 483 3630 Romani
504 3581 589 3629 letaha
606 3579 706 3627 vulnera
726 3583 879 3640 acceperant,
910 3583 987 3627 tatem
1007 3579 1164 3629 rindicandos
1184 3581 1286 3632 veniere.
1311 3580 1344 3632 ef.
1363 3581 1418 3631 Pol.

277 3695 279 3700 ,
375 3661 417 3694 eor
434 3643 563 3694 verisimile
580 3659 630 3692 uon
648 3649 694 3702 est,
710 3643 775 3701 lacu,
792 3642 878 3690 monti-
911 3643 944 3692 iii.
957 3645 995 3705 85.

375 3709 421 3757 bue
433 3709 536 3765 clausos,
550 3707 646 3756 nullum
680 3705 827 3768 ropinquum
843 3721 878 3754 re
946 3721 955 3754 1
975 3708 1115 3769 Umidum]
1138 3709 1198 3758 Para
1208 3709 1419 3772 alterafon',“ed

377 3777 475 3834 ceptum
493 3772 620 3830 hebentes,
720 3785 746 3818 re
765 3769 878 3832 potiusne.
912 3769 1011 3820 Curiam
1019 3771 1152 3820 Hostiliam
1164 3780 1189 3822 et
1200 3776 1419 3824 subterroetrncu·

376 3835 457 3885 Cicer.
912 3834 962 3883 riae
973 3835 1095 3884 Hostiliae
1111 3836 1210 3898 affixn,”
1225 3837 1261 3886 ita
1273 3838 1343 3888 dicta
1359 3847 1419 3892 erat.

411 3898 595 3963 6Multr'p1ec]
630 3898 730 3948 Scilicet
752 3899 880 3962 mrdtiplca
911 3899 977 3962 quod
992 3906 1073 3962 patres
1088 3901 1114 3949 in
1130 3917 1160 3950 ea
1175 3904 1287 3952 coibant:
1304 3903 1421 3953 innitere

376 3966 462 4024 maior,
483 3964 689 4026 quemadmodum
712 3977 777 4026 supr.
796 3963 834 4012 rii.
855 3965 879 4012 8.
913 3967 1420 4030 rempnrtequaesommprcecipuedire·

376 4030 504 4092 multiplea·
519 4045 592 4092 mecm
606 4043 778 4090 pneumam
797 4025 879 4075 simili·
912 4029 992 4087 hatur,
1000 4029 1069 4090 plebs
1080 4033 1106 4078 ct
1116 4029 1206 4078 tribuni
1218 4032 1324 4080 stabant.
1358 4035 1420 4082 aa

377 4101 414 4170 teg
429 4092 519 4143 Graeci
535 4089 723 4149 πολλαπλήσιον.
746 4092 776 4140 cf.
786 4091 879 4142 Herod.
912 4093 1068 4206 tratiquidatrq
1087 4093 1112 4141 iu
1132 4094 1367 4210 lqnqumbplqrrocta
1382 4113 1420 4146 co

376 4173 407 4206 ιν.
421 4173 459 4220 5⁰·
912 4171 946 4204 mr
967 4171 1034 4206 uma
1065 4172 1133 4205 orum
1162 4173 1232 4208 uune

411 4232 424 4283 7
440 4223 514 4270 croc
530 4221 657 4280 mem]
685 4221 792 4268 Aratum
810 4233 840 4267 ex
857 4233 880 4267 a·
946 4223 1126 4282 amoenam]
1145 4237 1177 4281 ee,
1186 4221 1236 4272 Pro
1243 4223 1315 4274 variis
1325 4225 1421 4274 cambus

378 4285 458 4332 mend.
471 4284 581 4332 Walclrii
593 4283 700 4345 reposuit
712 4282 817 4331 Bekker.
915 4283 972 4331 ricti
991 4285 1119 4344 exercitus,
1139 4285 1209 4334 rariis
1228 4287 1292 4336 curie
1312 4291 1422 4352 populu·

411 4351 425 4396 8
442 4350 558 4408 Fabium]
580 4348 613 4404 Q.
630 4347 732 4396 Fabium
752 4346 881 4404 Pictorem,
915 4346 1097 4397 distrahebatru.
