2878 4772
319 229 414 296 LIB.
438 227 604 296 XXVIII.
639 229 751 297 CAP.
776 235 828 300 37.
1033 241 1095 302 441

28 367 161 432 urbem
177 365 307 432 clamem
322 365 453 454 appulit
500 365 550 432 Ibi
570 389 671 454 quum
690 367 831 434 interdiu
851 368 966 436 milites
985 369 1020 435 in
1041 389 1142 440 na-U.
1154 389 1184 441 c.
1201 390 1256 454 546·

28 455 136 519 vibus
164 453 327 532 tenuisset,
349 466 443 518 noete
468 452 504 518 in
528 448 604 518 litus
628 453 789 541 expositos
814 455 856 520 ad
880 469 1004 543 partem
1027 456 1138 523 camb
1155 455 1185 506 ⁰·
1201 453 1255 506 ²⁰⁶·

29 539 139 618 muri,
150 562 223 692 qua
244 552 337 640 capta
358 538 437 604 Cart
539 539 579 604 ab
600 539 755 606 Romanis
772 540 886 619 fuerat,
904 543 1013 609 ducit:
1037 567 1098 610 nec

29 627 149 778 graeei
178 626 208 691 'o
228 637 303 690 satis
322 625 428 692 valido
450 649 488 690 ur
529 647 560 689 m
582 625 683 690 tenori
702 639 798 706 ratus,
813 639 847 694 et
865 627 989 716 aliquos
1008 631 1100 717 oppi-

56 735 206 778 anorum
220 711 262 777 ad
275 734 366 812 spem
383 712 524 777 novandi
542 734 591 776 res
608 711 730 798 aliquid
747 725 896 780 moturos.
944 714 1098 782 Ceterum
1199 751 1203 760 ·

30 798 155 864 nuntii
178 821 220 864 ex
241 821 324 886 agne
346 797 462 885 trepidi
485 797 579 863 simul
600 798 838 885 populationem
862 802 1032 901 agrestium
1056 825 1097 868 ue

30 885 155 972 sugam
179 897 213 950 et
234 883 373 950 hostium
399 884 571 949 adventum
594 884 784 950 attulerant:
817 897 851 952 et
871 910 938 952 vrsa
958 888 1024 953 inte
1066 889 1098 954 ‘u

32 971 153 1036 classis
174 984 252 1048 erat,
271 993 332 1036 nec
351 971 419 1036 siae
438 993 533 1036 causa
551 969 684 1036 electam
704 983 778 1036 ante
798 974 910 1038 urbem
930 973 1099 1040 stationem

33 1058 229 1145 apparebat.
275 1056 389 1144 Itaque
415 1057 561 1122 instructi
586 1058 761 1144 armatique
787 1058 872 1124 intra
939 1074 1030 1138 nam,
1056 1060 1100 1126 ad

34 1161 197 1230 stagnum
211 1166 249 1208 ac
264 1165 349 1208 mare
364 1165 495 1220 versam,
508 1142 761 1209 continebantur.
793 1144 859 1210 Ubi
874 1169 892 1210 e
919 1146 966 1210 usi
981 1145 1097 1225 hostes,

34 1230 149 1296 mixta
164 1230 248 1295 iuter
262 1229 379 1294 milites
392 1229 511 1294 navalis
526 1230 628 1307 turba,
640 1229 681 1294 ad
696 1253 802 1296 muros
818 1231 956 1296 tumultu
968 1231 1098 1312 maiore,

61 1339 143 1381 uam
166 1316 209 1394 vi,
224 1316 399 1395 subierunt,
418 1315 576 1403 patefacta
594 1330 726 1404 repente
746 1329 847 1404 porta,
864 1318 1004 1384 Romani
1023 1341 1098 1384 eum
1178 1359 1180 1368 ,

35 1339 186 1468 {lamere
206 1415 398 1490 erumpunt:
423 1402 627 1489 turbatosque
647 1401 763 1481 hostes,
778 1417 812 1469 et
832 1404 873 1469 ad
914 1405 1031 1469 rimum
1047 1406 1099 1470 in·

36 1511 176 1554 cursum
191 1489 435 1576 coniectumque
450 1487 585 1553 telorum
600 1511 734 1567 aversos,
749 1513 851 1577 usque
931 1491 1006 1557 litus
1023 1513 1098 1556 cum

37 1575 149 1640 multa
163 1575 261 1640 caede
279 1587 533 1662 persequuntur:
557 1597 628 1652 nec,
643 1576 704 1640 nisi
725 1599 822 1642 naves
841 1577 926 1642 litori
946 1577 1098 1665 appulsae

39 1661 189 1749 trepidos
213 1661 417 1749 accepissent,
436 1661 642 1748 superfuisset
664 1684 790 1750 pugnae
815 1676 871 1728 aut
892 1663 986 1752 fugae
1011 1664 1098 1750 quis·

39 1771 154 1836 quam.
200 1748 241 1813 In
261 1748 337 1836 ipsis
353 1770 482 1835 quoque
503 1747 696 1835 trepidatum
715 1749 848 1814 navibus
869 1761 927 1828 est,
945 1749 1034 1828 dum,
1054 1771 1097 1816 ne

40 1835 154 1900 hostes
169 1857 244 1899 cum
258 1835 323 1900 suis
340 1833 434 1900 simul
451 1834 674 1920 irrumperent,
689 1835 820 1900 trahunt
839 1836 947 1914 scalas,
963 1858 1098 1922 orasque

42 1933 241 1998 stancona,
257 1943 298 1986 ne
318 1921 353 1985 in
372 1919 534 1985 moliendo
557 1941 645 1986 mora
667 1933 759 1999 esset,
805 1921 990 1986 raeciduntr
1014 1919 1098 1986 mul-

43 2007 137 2093 tique
153 2019 309 2074 annantes
323 2007 465 2084 navibus,
481 2005 602 2072 incerto
619 2029 695 2093 prae
713 1945 861 2086 tenebris,
876 2007 957 2094 quid
970 2020 1027 2072 aut
1040 2029 1098 2094 pe-

44 2105 154 2158 terent
177 2107 233 2158 aut
250 2093 396 2170 vitarent,
411 2092 505 2158 foede
528 2091 727 2158 interierunt.
773 2093 977 2158 Posterodie
995 2115 1098 2180 quum

44 2177 155 2244 classis
175 2179 252 2244 inda
274 2191 359 2244 retro
381 2179 423 2244 ad
439 2177 616 2256 Oceanum,
637 2177 724 2244 unde
743 2192 883 2256 venerat,
898 2179 1039 2266 fligisset,
1056 2179 1098 2244 ad

45 2265 225 2352 octingenti
244 2265 390 2330 homines
409 2265 493 2330 caesi
511 2264 596 2329 inter
614 2285 741 2330 mamm
760 2263 909 2353 litusque,
924 2278 958 2330 et
975 2264 1017 2330 ad
1030 2265 1097 2330 duo

46 2351 149 2416 millia
161 2374 320 2417 armorum
335 2352 473 2418 inventa.

17 2449 38 2503 6
92 2436 201 2526 Mago,
214 2460 315 2525 quum
329 2437 437 2504 Gades
451 2438 627 2540 repetisset,
639 2437 786 2503 exclusus
799 2436 886 2516 inde,
898 2436 940 2504 ad
953 2437 1096 2504 Cimbim
1153 2440 1206 2506 37.

46 2523 151 2610 <haud
165 2524 275 2674 procul
289 2546 309 2590 a
325 2523 472 2590 Gadibus
489 2549 516 2590 rs
532 2525 621 2590 locus
636 2524 740 2610 abest)
754 2523 850 2590 classe
866 2523 1007 2612 appulsa,
1023 2524 1096 2589 mit»
1104 2525 1189 2576 Gara
1199 2541 1236 2575 re

47 2609 154 2674 tendis
184 2611 293 2698 egetis,
311 2609 550 2698 querendoque,
568 2610 656 2764 quod
676 2624 786 2698 portae
808 2611 869 2677 sibi
891 2611 976 2676 socio
998 2623 1095 2698 atque
1104 2591 1257 2704 {Jfflff

21 2696 151 2772 7a1nico
164 2695 288 2762 clausae
302 2696 418 2774 forent,
430 2698 578 2796 purganti
601 2720 637 2762 us
652 2697 700 2776 iis,
713 2697 927 2763 multitudinis
941 2720 1097 2764 concursu

48 2783 177 2861 factum,
192 2783 324 2848 infestae
346 2784 388 2848 ob
408 2782 532 2872 drrepta
551 2784 708 2872 quaedam
732 2785 787 2849 abs
809 2783 1097 2850 conscendentibus

20 2891 147 2939 8naves
161 2869 323 2948 militibus,
339 2869 381 2934 ad
395 2870 589 2958 colloquium
603 2871 732 2936 suffetes
746 2893 866 2947 eorum,
883 2871 939 2957 qui
954 2891 1099 2934 summus

51 2956 166 3022 Poenis
183 2968 232 3021 est
248 2955 457 3044 magistratus,
473 2979 546 3024 cum
562 2970 727 3044 quaestore
745 2956 865 3032 elicuit,
880 2956 1098 3040 laceratosque

51 3043 232 3108 verberibus
254 3043 342 3109 cruci
365 3043 450 3143 affigi
475 3043 586 3108 inseite
613 3041 690 3106 inde
711 3040 844 3105 navibus
867 3040 910 3105 ad
930 3040 1098 3127 Pityusam

51 3129 193 3208 insulam,
205 3142 336 3194 centum
350 3127 450 3194 millia
463 3129 562 3194 ferme
577 3150 597 3192 a
610 3126 797 3204 continenti,
809 3125 928 3212 (Poeni
943 3138 1012 3189 tum
1027 3146 1098 3189 eam

53 3215 245 3302 incolebant)
260 3216 391 3281 traiecit
437 3214 551 3301 Itaque
569 3213 675 3278 classis
688 3213 773 3278 bona
786 3233 861 3277 cum
875 3233 953 3298 pace
968 3233 1042 3276 acce
1067 3222 1100 3276 ta

55 3313 183 3378 estnec
202 3313 398 3367 commeatus
413 3300 509 3365 modo
528 3300 666 3386 benigne
709 3298 831 3374 raebiti,
846 3296 903 3362 sed
921 3297 956 3361 in
970 3233 1099 3447 supple-

55 3401 194 3452 mentum
215 3387 321 3452 classis
343 3388 491 3452 iuventus
513 3407 579 3450 arm
621 3407 663 3450 ue
704 3397 765 3448 ata.
813 3381 1003 3460 Quorumfi
1026 3382 1099 3447 ucia

56 3474 178 3540 Poenus
214 3475 249 3538 in
282 3472 424 3538 Baliares
459 3471 578 3537 insulas
622 3469 855 3557 quinquaginta
885 3469 962 3534 inde
999 3467 1100 3534 rnrlha

90 3665 280 3727 teramum]
299 3663 459 3716 Nomanloci
469 3678 557 3728 parum
589 3660 698 3724 deducit,
715 3665 741 3710 et
760 3659 877 3710 Bochart
896 3662 1006 3712 canaan.
1023 3659 1041 3711 i.
1061 3675 1099 3724 ¹4·

58 3731 486 3792 notum‚relt'ortassedapraratum.
502 3729 550 3780 Ca.
589 3742 606 3776 a
624 3741 684 3776 voce
704 3726 829 3788 sophetim.
862 3726 979 3776 caerun
1000 3725 1027 3773 lu
1048 3725 1099 3774 duo

93 3797 286 3857 7Purqonts'bus
296 3796 340 3856 iis]
359 3792 484 3856 Purgandi
495 3793 558 3855 seip-
590 3789 745 3853 magistratus
776 3787 851 3838 annui
880 3795 958 3848 erant,
985 3787 1030 3851 qui
1055 3794 1099 3838 aut

61 3858 153 3910 sossius
162 3858 295 3908 excunndi
306 3873 381 3906 causa
390 3856 535 3906 dicentibus.
589 3872 666 3918 reyes,
681 3854 756 3904 Arist.
772 3855 827 3904 Pol.
843 3852 869 3904 ii.
887 3868 923 3904 rr.
940 3853 1015 3904 Corn.
1031 3851 1073 3902 Ne
1092 3888 1099 3904 .

92 3923 106 3972 8
119 3923 217 3986 Suffitas
233 3923 329 3982 mura]
349 3921 449 3982 Nempe
465 3925 491 3969 et
508 3921 559 3970 Ga·
591 3919 617 3968 in
632 3919 682 3970 vita
697 3918 807 3970 Hannib.
825 3930 846 3981 7.
861 3923 905 3994 aut
919 3919 1029 3968 musula
1043 3869 1100 3967 ind.

62 3985 133 4038 ditari
141 3985 216 4036 Poeni
224 3983 561 4046 erantideuorhoenieia
590 3999 650 4034 m.
671 3995 692 4046 7.
710 3989 754 4032 aut
772 3985 864 4034 iudices
882 3981 938 4033 rnfr.
957 3997 1041 4031 xxxiv.
1059 3979 1100 4032 61.

63 4049 155 4102 oriundi.
187 4049 271 4099 Gades
287 4049 353 4099 enirn
372 4047 470 4098 colonia
489 4047 559 4110 Tyri-
592 4053 718 4108 voantur,
729 4047 936 4110 quemadmodum
947 4061 987 4108 ap.
1000 4045 1053 4096 cic.
1066 4045 1100 4094 de

64 4129 126 4164 orum
145 4118 202 4164 arat.
240 4113 347 4164 suffetes
363 4112 448 4176 lingua
463 4111 559 4160 Punica
591 4111 664 4175 Legg.
682 4112 716 4160 iii.
736 4129 759 4173 4.
776 4111 887 4174 legimus,
903 4113 980 4174 Rapio
996 4109 1099 4171 imperio

64 4183 116 4230 aut
133 4177 227 4228 iudicas.
244 4179 326 4229 cuv.
358 4177 456 4238 &ustae
477 4175 558 4237 legan-
590 4177 639 4226 duo
659 4182 747 4225 mato:
770 4177 837 4239 iique
859 4175 1011 4248 praemla
1033 4171 1098 4248 iudi-

65 4245 118 4294 dum
128 4247 204 4292 masat
214 4241 335 4305 Sigonius,
344 4239 413 4290 cuius
423 4238 559 4289 munuae
590 4242 675 4298 wado,
685 4241 839 4298 conciendo,
850 4245 986 4300 praem,
996 4235 1099 4295 sudem,

64 4309 139 4360 lavant
152 4305 257 4369 Scaliger
272 4307 305 4355 ad
321 4305 424 4354 Festum
441 4318 463 4353 v.
477 4303 558 4362 Sufes.
591 4305 700 4354 mouths
710 4305 873 4366 appellantes.

65 4370 104 4440 qui
118 4385 165 4421 eam
182 4385 268 4427 rocem
284 4370 317 4427 ab
333 4369 451 4426 Hebraeo
465 4367 559 4432 soptim
