2966 4778
342 244 384 306 86
730 239 844 306 ΤΙΤΙ
874 239 1011 306 LIVII

186 390 220 441 u.
232 389 262 441 c.
279 401 334 454 535»
365 376 524 442 raebuisse
537 377 613 442 novi
627 375 787 476 praesidii,
799 398 873 442 cum
891 375 933 452 Q
944 375 1043 442 Fabio
1055 378 1095 443 ab
1107 377 1214 444 Roma
1224 376 1396 443 veniendae

185 457 216 505 Α
232 456 262 506 ⁰·
280 468 335 518 ²¹⁷·
423 463 561 530 nibalem
576 462 762 530 insidiarum
777 485 906 551 quoque
921 462 1042 550 aliquid
1057 464 1225 530 timentem
1239 465 1398 551 recepime

345 573 435 616 suos:
468 548 652 614 Romanum
673 549 863 628 insecutum,
885 549 1055 616 adiuvante
1080 549 1233 629 Samnite,
1256 551 1327 616 duo
1348 573 1399 614 ca·

345 635 436 702 stella
449 659 488 700 eo
501 635 554 700 die
567 658 783 723 expugnasse:
808 658 864 702 sex
875 635 975 701 millia
984 636 1124 702 hostium
1138 660 1239 715 mesa,
1251 636 1398 723 quinque

246 756 250 766 ·
345 722 518 788 admodum
541 722 778 788 Romanorum:
818 735 925 788 tamen
946 723 982 788 in
1004 737 1069 788 tarn
1092 724 1161 811 pari
1183 745 1285 811 prope
1307 722 1398 788 clade

344 809 500 874 famame
539 809 628 896 egiae
654 808 805 874 victoriae
827 831 901 876 cum
922 809 1104 876 vanioribus
1125 810 1226 876 literis
1253 809 1398 897 magistri

345 895 490 984 equitum
501 831 643 962 llomam
657 895 818 983 perlatam.

278 1030 287 1046 .
390 983 443 1048 De
458 983 508 1048 his
522 983 616 1048 rebus
630 1004 781 1083 persaepe
796 983 878 1048 etin
892 995 1004 1048 senatu
1019 995 1053 1048 et
1067 982 1101 1046 in
1115 981 1272 1048 concione
1289 995 1398 1046 actum

346 1082 402 1136 est
451 1070 572 1146 Quum,
588 1069 671 1134 laeta
693 1069 831 1146 civrtate,
846 1068 982 1134 dictator
1003 1091 1087 1134 unua
1107 1068 1188 1133 nihil
1203 1091 1265 1134 nec
1282 1068 1398 1145 famae,

346 1177 407 1220 nec
421 1155 521 1222 literis
535 1155 697 1232 crederet3
721 1168 758 1220 ut
771 1178 846 1222 vera
865 1155 973 1221 omnia
989 1167 1103 1232 essent,
1119 1154 1260 1220 secunda
1280 1177 1315 1218 se
1332 1177 1400 1218 ma·

345 1243 404 1328 gis,
419 1265 517 1329 quarn
535 1242 674 1318 adversa,
691 1241 803 1308 timere
817 1241 956 1307 dicerett
979 1255 1048 1307 tum
1067 1240 1114 1306 M.
1129 1240 1277 1306 Metilius
1297 1241 1400 1306 tribu·

188 1339 407 1416 oenomaum
428 1329 539 1416 plebis,
561 1327 613 1392 ‘id
635 1329 722 1394 enim
742 1328 911 1394 ferendum
933 1329 1013 1394 esse’
1033 1341 1137 1414 negat.
1184 1326 1283 1392 ‘Non
1305 1350 1400 1414 prae-

188 1405 235 1516 {¹1¹¹
242 1405 314 1480 ,Μ’
347 1423 489 1482 ‘sentem
504 1415 606 1482 solum
621 1414 808 1482 dictatorem
823 1414 980 1480 obstitisse
996 1415 1040 1480 rei
1054 1416 1137 1480 bene
1152 1413 1324 1500 gerendae,
1341 1413 1398 1478 sed

187 1484 265 1584 uiridi
278 1470 324 1520 Fa
347 1504 528 1568 ‘absentem
539 1503 635 1567 etiam
647 1515 754 1588 gestae
770 1501 911 1567 obstare:
936 1516 969 1567 et
982 1501 1017 1566 in
1028 1500 1176 1566 ducendo
1187 1499 1271 1565 bello
1283 1499 1399 1566 sedulo

347 1596 491 1677 ‘tempus
513 1601 625 1665 terere,
640 1610 706 1675 quo
727 1587 848 1654 diutius
870 1587 904 1652 in
926 1609 958 1652 m
1001 1588 1110 1652 'tratu
1124 1587 1174 1664 sit,
1190 1585 1342 1672 solusque
1365 1579 1401 1650 et'

346 1675 489 1741 ‘Romae
505 1687 538 1739 et
552 1675 587 1738 in
601 1674 744 1740 exercitu
753 1674 924 1761 imperium
937 1610 1060 1740 ὴὲἷξαῐ.
1086 1673 1216 1760 Quippe
1227 1673 1399 1738 consulum

347 1761 499 1826 ‘alterum
521 1760 554 1824 in
569 1760 638 1826 acie
652 1760 822 1832 cecidisset
845 1760 988 1838 alterum,
1004 1760 1110 1847 speeie
1125 1759 1230 1824 classis
1251 1757 1398 1824 Punicae

347 1846 613 2000 :gemeqnendaa
629 1846 740 1936 procul
754 1847 795 1912 ab
810 1845 903 1912 Italia
913 1846 1102 1932 ablegatum.
1128 1845 1220 1911 Duos
1233 1859 1421 1995 praetores?

391 1933 476 2001 iciha
489 1947 584 2036 atque
602 1932 749 1998 Sardinia
762 1947 940 2020 occupatos,
979 1955 1090 1997 uarum
1106 1945 1220 1996 neutra
1256 1955 1295 1996 oc
1313 1945 1399 1996 tem-

346 2028 441 2109 ‘pore
456 2021 619 2108 provrneia
634 2033 778 2107 praetore
799 2033 899 2106 egeat
945 1956 993 2084 lli
1007 2017 1189 2084 Minucium
1207 2018 1398 2104 magistrum
1473 2097 1474 2112 χ

346 2107 519 2196 ‘equitum,
535 2130 576 2172 ne
591 2106 714 2172 hostem
735 2105 867 2183 videret,
882 2129 923 2172 ne
946 2105 1026 2192 quid
1046 2106 1093 2170 rei
1112 2103 1243 2170 bellicae
1257 2119 1397 2192 gereret,

345 2203 463 2283 ‘prope
478 2194 513 2260 in
528 2193 703 2259 custodiam
723 2193 876 2258 habitum.
923 2189 1045 2278 Itaque,
1061 2191 1200 2268 hercule,
1215 2213 1281 2256 non
1303 2189 1399 2256 Sam-

346 2282 455 2347 ‘ninm
470 2281 575 2359 modo,
591 2303 656 2367 quo
671 2279 745 2357 iam,
761 2291 912 2365 tanquam
928 2291 1014 2342 trans
1029 2276 1158 2344 Iberum
1173 2300 1257 2364 agro,
1274 2276 1421 2344 Poenisa

346 2375 548 2432 ‘concessum
570 2367 620 2444 sit,
636 2379 669 2432 et
692 2366 904 2452 Campanum,
922 2363 1155 2514 Calenumque,
1174 2378 1207 2430 et
1222 2362 1397 2428 Falernum

345 2461 454 2540 ‘agros
473 2465 666 2539 pervastatos
684 2474 761 2529 esse,
776 2451 908 2516 sedente
926 2450 1060 2516 Casilini
1102 2451 1244 2526 ictetore,
1259 2463 1293 2514 et
1311 2449 1397 2538 legi·

345 2540 477 2603 ‘onibus
496 2537 608 2626 populi
628 2538 768 2603 Romani
787 2560 897 2625 agrum
912 2560 1005 2602 suum
1026 2549 1158 2602 tutante.
1205 2535 1396 2602 Exercitum
1472 2555 1473 2594 ὲ

345 2626 546 2712 ‘cupientem
561 2647 713 2711 pugnare,
729 2635 763 2688 et
780 2624 965 2712 magistrum
985 2622 1140 2710 equitum,
1156 2622 1278 2688 clausos
1292 2645 1397 2712 prope

345 2710 447 2775 ‘intra
471 2710 590 2774 vallum
612 2723 769 2788 retentos3
807 2723 958 2796 tanquam
982 2710 1125 2774 hostibus
1147 2709 1278 2797 captivis
1304 2731 1398 2774 arma

344 2797 520 2884 ‘adempta
567 2795 724 2874 Tandem,
740 2810 776 2861 ut
791 2797 974 2862 abscesserit
993 2795 1069 2860 inde
1089 2796 1234 2872 dictator,
1249 2807 1287 2859 ut
1307 2795 1397 2860 obsi·

343 2883 458 2948 ‘dione
480 2882 637 2960 liberatos,
660 2895 750 2948 extra
770 2882 887 2948 vallum
910 2905 1050 2969 egressos
1071 2881 1188 2946 fudisse
1210 2903 1246 2946 ac
1267 2881 1397 2969 firgaaee
1471 2937 1472 2954 ,

344 2968 477 3036 ‘hostes
526 2968 616 3045 Quas
630 2969 671 3034 ob
685 2969 788 3047 res,si
810 2970 961 3056 antiquus
980 2970 1104 3034 animus
1124 2967 1210 3056 plebi
1225 2967 1397 3034 Romanae

344 3064 355 3093 ‘
362 3070 453 3133 esset,
470 3057 631 3123 audaciter
652 3077 686 3120 se
708 3055 845 3120 laturum
867 3055 962 3120 fuisse
984 3055 1025 3120 de
1047 3054 1228 3142 abrogando
1245 3053 1287 3129 Q
1301 3053 1397 3120 Fabii

344 3142 514 3230 ‘imperior
548 3165 635 3208 nunc
657 3141 815 3206 modicam
836 3142 1032 3228 rogationem
1054 3140 1327 3242 promulgaturum
1353 3141 1396 3208 de

344 3229 530 3316 ‘aequando
544 3228 686 3316 magistri
706 3227 850 3314 equiturn
871 3240 904 3292 et
924 3227 1084 3292 dictatoris
1099 3228 1185 3304 iure3
1209 3250 1269 3291 nec
1284 3239 1396 3293 tamen
1470 3293 1471 3310 ,

344 3323 404 3380 ‘ne
420 3315 465 3381 ita
479 3315 611 3404 quidem
625 3316 712 3403 prius
727 3313 919 3379 mittendum
939 3313 981 3378 ad
995 3314 1170 3379 exercitum
1189 3313 1230 3390 Q
1244 3311 1417 3392 Fabium,9
1470 3319 1471 3354 ³

344 3410 355 3440 ‘
363 3424 460 3488 quam
475 3402 637 3468 consulem
653 3401 807 3466 inlocum
825 3399 864 3466 C.
882 3399 1029 3464 Flaminii
1045 3400 1236 3465 suffecisset'
1279 3398 1395 3466 Dicta·

343 3500 393 3554 tor
414 3488 620 3554 concionibus
641 3509 675 3551 se
698 3487 859 3564 abstinuit,
880 3487 915 3552 in
936 3487 1061 3551 actione
1083 3487 1214 3551 minime
1235 3486 1394 3573 populari.

186 3585 314 3662 Fabiique
344 3573 397 3640 Ne
412 3576 445 3640 in
462 3589 575 3640 senatu
589 3573 721 3662 quidem
735 3575 809 3638 satis
828 3573 938 3659 aequis
958 3573 1085 3638 auribus
1100 3573 1297 3650 audiebatur,
1315 3585 1394 3637 tunc

185 3651 294 3763 derepto
343 3681 444 3760 quum
459 3660 583 3725 hostem
597 3659 701 3724 verbis
716 3657 891 3736 extolleret,
903 3659 1088 3746 bienniique
1101 3659 1206 3724 clades
1219 3681 1277 3745 per
1292 3671 1395 3724 teme-
1469 3703 1470 3712 κ

183 3729 244 3828 Ἐξ,
263 3729 331 3763 '⁹¹¹⁸'
343 3758 469 3810 ntatem
487 3759 582 3832 etque
603 3745 802 3810 inscientiam
824 3744 943 3809 ducum
970 3759 1114 3832 acceptas
1133 3745 1280 3809 referret:
1307 3753 1394 3810 ‘ma-

344 3831 522 3918 ‘gistroque
545 3831 699 3918 equitum,
716 3829 804 3918 quod
826 3831 1079 3897 contradictum
1100 3853 1193 3896 suum
1208 3845 1392 3918 pugnasset,

378 4073 478 4134 7Duoa
496 4071 635 4132 mudum]
665 4069 695 4119 T.
714 4068 848 4119 Otacilium
882 4070 933 4120 tivo
956 4071 1023 4135 iungi
1048 4073 1111 4122 bene
1134 4071 1262 4122 Drakenb.
1287 4074 1392 4124 monuit.

340 4137 456 4186 emaum
476 4140 502 4182 et
519 4135 548 4183 Α.
566 4133 708 4184 Cornelium
725 4135 848 4183 Mammu-
882 4135 989 4185 Sraorn.

341 4201 398 4248 lam.
416 4197 634 4260 Quanrmnptima
641 4198 702 4246 haec
709 4197 848 4246 emendatio
912 4215 927 4261 9
944 4203 1030 4249 Natta
1041 4202 1149 4262 quidem]
1169 4200 1210 4249 Ne
1220 4205 1328 4263 aequato
1339 4203 1392 4263 qui·

340 4279 385 4325 pro
396 4263 495 4324 vulgato
506 4277 616 4326 quorum.
880 4263 936 4310 dem
959 4264 1084 4312 dictatoris
1105 4271 1130 4314 et
1148 4264 1256 4327 magistri
1278 4266 1392 4328 equitum

372 4329 387 4375 8
401 4329 458 4386 ,Quo
470 4327 519 4374 ium
531 4362 537 4375 .
550 4361 555 4374 .
568 4362 574 4374 .
587 4361 593 4374 .
605 4327 696 4374 Poenis
712 4341 849 4374 concessum
880 4325 990 4388 imperio.
1007 4328 1088 4377 (lunt.

339 4392 384 4450 rit]
404 4389 545 4440 Concedcre
556 4405 633 4452 acque
644 4405 672 4438 nc
685 4389 770 4437 cedere
782 4387 847 4436 ablu·
