2874 4772
345 237 410 298 350
726 229 839 299 ΤΙΤΙ
868 229 1003 298 LIVII

189 379 224 430 U.
236 379 265 431 c.
281 394 336 444 543·
345 367 481 432 Tribuni
501 365 650 455 appellati
669 366 711 431 ad
731 379 875 432 senatum
894 368 1080 434 reiecertmt
1127 365 1269 432 Senatus
1284 364 1407 453 populi:

187 445 218 494 Α
235 445 265 497 ⁰·
281 460 532 542 ²0⁹·p0testatem
556 453 639 519 fecit.
684 453 735 518 Its
781 455 878 520 rimus
899 477 940 519 ex
965 454 1058 541 plebe
1084 465 1209 518 creatus
1233 453 1391 518 maximus

188 558 291 608 Flamen
344 541 431 606 curio
453 539 492 606 (l.
504 539 666 606 Mamilius
680 539 739 605 Vit
774 563 817 605 us.
865 540 907 605 Et
926 541 1086 606 flaminem
1104 539 1236 604 Dialem
1255 539 1390 604 inritum

188 621 315 698 uuutn-
344 627 523 714 inaugurari
546 627 649 716 coegit
671 627 707 692 P.
725 627 867 692 Licinius
888 629 1032 714 pontifex
1053 627 1213 692 maximus
1239 626 1281 691 C.
1300 625 1391 690 Vale·

187 693 329 802 ”lfflag
344 714 426 779 rium
442 713 597 779 Flaccum
644 712 815 779 Decemvir
828 715 921 778 saeris
932 713 1086 779 faciundis
1097 727 1225 778 creatus
1241 713 1390 778 inlocum

187 766 310 866 bom
348 801 388 876 o
406 799 509 865 Mucii
531 799 697 866 scaevolae
719 801 876 866 demortui
900 800 938 865 e.
956 801 1128 866 messus
1178 799 1328 865 caum
1349 801 1391 862 ἰη-
1429 833 1430 846 a

345 911 364 952 a
430 887 490 952 rari
505 888 605 952 coacti
619 886 755 952 flaminis
768 887 870 952 libens
884 887 1087 964 reticuissem,
1103 887 1136 950 ui
1152 909 1195 951 ex
1212 886 1303 951 mala
1316 887 1391 950 farus

344 911 509 1040 idbbnam
523 974 675 1039 vertisset
722 973 775 1040 Ob
794 974 1037 1038 adolescentiam
1057 997 1077 1038 n
1120 973 1284 1060 ligentem
1305 973 1392 1037 luru-

345 1062 521 1148 riosamque
538 1059 577 1126 C.
591 1060 721 1126 Flaccus
743 1061 859 1125 damen
878 1074 1020 1148 captusa
1041 1060 1077 1125 P.
1121 1061 1222 1124 iciuio
1242 1060 1406 1147 pontifices
1430 1081 1431 1136 t

345 1148 483 1212 maximo
498 1159 574 1224 erat,
590 1147 628 1213 L.
640 1147 752 1212 Flacco
771 1147 859 1211 fratri
872 1169 1022 1248 germano
1035 1147 1249 1234 cognatisque
1270 1146 1343 1210 aliis
1356 1147 1391 1210 ob

345 1234 457 1300 eedem
471 1234 548 1300 vitis
561 1234 688 1300 inrisus
734 1232 775 1312 Is,
791 1245 827 1297 ut
841 1256 982 1299 smmum
1000 1235 1067 1299 eius
1081 1255 1160 1298 cura
1178 1256 1346 1298 sacrorum
1363 1247 1392 1296 et
1430 1249 1431 1286 ³

344 1320 608 1386 caerimoniarum
628 1321 723 1409 cepit,
738 1319 783 1385 ita
801 1333 931 1408 repente
946 1322 1035 1386 exuit
1055 1321 1207 1407 antiquos
1228 1342 1346 1397 mores,
1360 1333 1391 1382 ut

345 1429 441 1473 nemo
455 1420 521 1472 tota
535 1408 699 1472 iuventute
719 1407 889 1472 haberetur
906 1408 1000 1507 prior,
1016 1429 1075 1472 nec
1090 1407 1261 1493 probatior
1277 1409 1391 1494 primo·

345 1494 431 1559 ribus
449 1493 590 1570 Petrum,
606 1495 670 1558 suis
688 1493 805 1582 pariter
823 1492 1006 1581 alienisque,
1021 1507 1111 1559 esset.
1159 1492 1275 1559 Huius
1294 1495 1390 1558 fames

345 1602 500 1646 consensu
522 1579 622 1645 elatus
643 1581 685 1645 ed
705 1581 819 1645 iustam
838 1579 987 1646 fiduciam
1008 1581 1067 1658 sui,
1087 1602 1156 1646 rem
1180 1581 1389 1646 intermissam
1431 1587 1432 1632 ἐ

345 1689 403 1754 per
422 1665 537 1731 multos
552 1689 650 1732 annos
670 1668 711 1731 ob
725 1667 948 1754 indignitatem
962 1667 1126 1732 flaminum
1140 1667 1293 1752 priorum
1308 1689 1389 1754 repe

189 1769 248 1818 lure
261 1783 337 1817 ocos
347 1753 426 1831 tivit,
437 1765 474 1817 ut
484 1754 517 1816 in
529 1767 672 1818 senatum
683 1753 835 1819 introiret.
880 1752 1060 1841 [agressum
1068 1775 1143 1818 eum
1155 1753 1283 1818 curiam
1295 1777 1388 1841 quum

188 1833 327 1908 ⁶⁰²5&
346 1839 384 1905 L
399 1839 541 1904 Licinius
556 1853 680 1928 praetor
699 1840 774 1905 inde
789 1840 957 1918 eduxisset,
974 1841 1115 1906 tribunos
1131 1839 1241 1927 plebis
1256 1840 1390 1930 appellu-

188 1902 331 2012 ilffimff*
346 1927 392 1994 vit
405 1928 530 1992 flamen.
576 1925 747 1992 Vetustum
766 1927 815 1991 ius
834 1927 1000 1992 sacerdotii
1019 1927 1201 2014 repetebat:
1227 1927 1344 1992 datum
1360 1925 1388 1990 id

346 2037 419 2080 cum
434 2027 508 2102 toga
524 2025 687 2114 praetexta
705 2031 738 2078 et
759 2013 836 2080 sella
848 2012 948 2078 curuli
968 2013 1107 2078 fluminio
1121 2035 1201 2078 esse.
1253 2013 1388 2088 Praetor,
1432 2039 1433 2074 i

346 2123 413 2169 nou
427 2100 559 2166 exoletis
572 2113 727 2166 vetrutate
747 2100 906 2166 annalium
922 2099 1074 2186 exemplis
1087 2114 1170 2166 stare
1190 2101 1255 2178 ius,
1272 2101 1331 2166 sed
1347 2123 1389 2164 rc·

346 2189 543 2254 centissimae
563 2187 716 2274 cuiusque
736 2186 972 2252 consuetudinis
993 2209 1061 2264 usu,
1081 2186 1231 2252 volebat:
1258 2211 1321 2252 nee
1341 2209 1388 2274 pe

347 2287 441 2352 bum,
457 2297 516 2339 uec
531 2297 660 2340 avorum
675 2274 826 2339 memoria
839 2272 966 2338 Dialem
978 2295 1170 2360 quemquam
1186 2273 1223 2337 id
1239 2275 1293 2341 ius
1307 2297 1388 2340 mur·

346 2383 445 2448 passe.
492 2361 637 2438 Tribuni,
660 2382 729 2426 rem
753 2359 867 2426 inertia
888 2360 1051 2426 flaminum
1080 2359 1288 2426 obliteratam
1312 2363 1386 2449 ipsis

345 2470 410 2512 non
433 2447 618 2525 sacerdotio,
636 2447 753 2512 domno
774 2447 880 2525 fuisse,
900 2469 1000 2534 quum
1021 2469 1157 2534 aequum
1182 2449 1387 2519 censuissent.

345 2555 387 2598 ne
409 2533 478 2620 ipso
499 2535 629 2622 quidem
647 2547 757 2599 eontra
778 2533 929 2599 tendente
949 2547 1101 2621 praetore,
1121 2555 1245 2621 magno
1269 2559 1388 2602 mum

346 2618 478 2684 Patrum
501 2619 676 2707 plebisque,
700 2620 860 2686 flaminem
890 2621 924 2684 iu
953 2633 1096 2685 senatum
1121 2620 1386 2689 introduxerunt:
1433 2611 1434 2660 1

346 2705 491 2771 omuibus
513 2707 557 2770 ita
579 2707 838 2785 existimantibus,
861 2707 959 2795 magis
984 2707 1147 2772 sanctitate
1170 2707 1275 2786 vitae,
1300 2731 1387 2797 quun

346 2791 515 2858 sacerdotii
528 2791 606 2870 iure,
622 2815 690 2858 rem
704 2817 775 2858 eam
789 2794 949 2859 flaminem
964 2794 1143 2860 obtinnime.

392 2877 547 2944 Constdes
566 2880 664 2967 prim,
682 2903 777 2967 quam
797 2881 831 2945 in
848 2881 1025 2968 provincias
1043 2881 1135 2957 irent,
1153 2879 1238 2946 duas
1262 2884 1403 2950 urbam

346 2965 496 3054 legiones,
526 2967 560 3031 in
590 2966 855 3055 supplementum,
885 2980 1039 3054 quantum
1069 2989 1148 3054 opus
1178 2981 1253 3034 erat
1284 2969 1387 3036 ceteris

346 3053 535 3120 exercitibus
553 3054 700 3132 militum,
715 3055 774 3119 scri
831 3068 913 3118 runt.
960 3053 1124 3119 Urbanum
1139 3067 1292 3122 veterem
1308 3079 1388 3122 exer·

346 3140 445 3206 eitum
469 3139 598 3205 Fulvius
618 3141 728 3206 consul
784 3139 918 3207 .Fulrio
940 3140 1051 3206 Flacco
1072 3139 1178 3227 legato
1205 3141 1325 3228 (frater
1344 3143 1388 3208 bic

346 3226 483 3292 consulis
504 3227 586 3313 erat)
607 3226 642 3292 in
665 3227 825 3292 Etmriam
850 3227 941 3294 dedit
964 3227 1157 3304 ducendum,
1180 3242 1217 3293 et
1242 3228 1257 3294 l
1302 3232 1387 3296 'oues

347 3335 428 3399 quse
452 3314 487 3376 in
513 3313 641 3380 Etruria
664 3327 763 3392 erant,
787 3314 923 3380 Romam
943 3313 1153 3379 deducendas.
1200 3313 1250 3381 Et
1310 3319 1387 3382 abins

381 3503 394 3554 7
409 3493 609 3556 Smuusmputt
623 3495 848 3556 pokmsoct't]
882 3507 937 3541 rum
953 3497 979 3542 st
994 3491 1195 3542 caerimoniarum
1211 3493 1386 3558 ooeuptmri

347 3555 452 3606 Senatus
468 3555 560 3606 censuit
580 3557 681 3606 liberam
699 3557 800 3607 huiusce
816 3557 851 3606 rei
882 3557 918 3605 tia
933 3563 1046 3614 emeret;
1064 3557 1112 3617 rel,
1125 3555 1185 3618 quie
1201 3559 1342 3608 clurin'mo
1354 3574 1386 3622 ge

348 3625 493 3683 potestatem
503 3621 850 3684 populoesserelinquendam.
883 3637 940 3670 uere
948 3627 1014 3670 ortos
1021 3620 1203 3670 adolesoeusob
1215 3637 1311 3684 prasos
1320 3639 1387 3672 morer

348 3683 389 3734 ste
399 3685 498 3734 stum
510 3685 541 3735 R
554 3687 607 3749 lug.
621 3687 658 3749 78,
673 3688 762 3736 Graeci
778 3689 851 3750 optio·
884 3687 979 3734 nullum
989 3685 1114 3747 publicum
1123 3699 1217 3734 munus
1224 3687 1332 3751 ιᾱὴΜ
1342 3703 1386 3751 p*

347 3765 403 3798 mm
413 3749 652 3812 Cartbaolm'ems'am
657 3752 766 3812 socient.
783 3751 830 3800 Cr.
883 3763 909 3798 se
920 3749 1047 3810 rideretur,
1057 3749 1113 3797 ideo
1124 3749 1197 3797 solari
1210 3759 1332 3814 saguntos
1344 3753 1388 3801 eiu

380 3813 552 3862 8Flemenco
570 3816 621 3874 tus]
641 3815 750 3862 Verbum
764 3813 790 3862 in
805 3813 851 3863 hac
884 3814 969 3874 voluit,
987 3813 1034 3862 boc
1055 3813 1077 3862 ei
1099 3813 1228 3876 impertito
1249 3819 1387 3866 nudosa

348 3876 517 3937 reproprium.
567 3877 676 3926 icebatur
686 3879 751 3926 onim
762 3878 852 3927 flamen
884 3878 964 3928 Cast.

347 3953 377 3988 oa
398 3939 404 3952 ⁶
424 3941 851 4004 vestalimpssidesbeligiapou-
915 3957 931 4007 9
949 3945 1022 3992 Duas
1040 3942 1148 3991 urbem
1167 3943 1293 4006 Ιηὸωιη]
1320 3945 1386 3993 Vitio

347 4003 367 4050 tt
385 4017 415 4050 ce
432 4003 548 4053 maximo.
576 4003 634 4054 Vid.
652 4007 682 4054 A.
700 4005 818 4066 Gellium,
834 4007 850 4057 l.
882 4021 934 4056 mm
947 4021 1000 4056 sae
1014 4005 1088 4056 huius
1103 4004 1151 4056 loci
1167 4005 1386 4070 {ntupum

350 4079 387 4115 rs.
420 4065 496 4123 Quod
506 4073 590 4118 autem
600 4068 642 4118 bio
653 4069 682 4119 L.
695 4070 798 4120 Flaccus
808 4072 850 4120 fle-
882 4071 1018 4134 nupimtm
1028 4069 1134 4120 Oreum
1144 4070 1187 4132 qui
1200 4073 1270 4123 duae
1286 4077 1387 4124 ertu

347 4137 512 4243 ldnllll'
523 4139 715 4247 ttttttffl
730 4135 851 4260 libili?
880 4135 1386 4264 wlfffllmddbdffilbl

346 4263 398 4308 tem
409 4258 614 4322 luxuriosumque,
624 4260 737 4310 nimirum
748 4262 788 4310 rel
797 4276 850 4324 spe·
883 4263 963 4312 subite
972 4262 1031 4311 belli
1041 4261 1173 4312 ministeria
1188 4269 1293 4324 pm
1308 4275 1387 4316 mt-

347 4321 409 4394 rarr't
425 4323 534 4382 pontifex
545 4323 674 4385 maximus,
684 4325 710 4374 ld
721 4327 786 4386 quod
796 4340 850 4373 sve»
883 4327 982 4375 omuino
992 4326 1100 4376 ditem
1110 4333 1196 4377 sumt.

348 4389 392 4443 nrt,
406 4385 457 4432 lore
476 4392 503 4434 ut
520 4386 615 4436 suimus
632 4388 684 4437 elus
700 4403 758 4436 curs
774 4403 850 4436 sacro·
