2966 4778
379 225 475 292 LIB:
498 225 613 292 XXII.
646 225 757 293 CAP.
780 233 833 294 49.
1069 233 1129 294 107

66 363 153 448 quia
163 361 270 450 segnis
279 384 390 428 eorum
401 384 474 427 cum
485 361 622 427 adversis
632 385 741 451 pugna
751 377 827 438 erat,
839 362 881 427 ad
892 362 1130 449 persequendos
1140 378 1174 429 Η.
1186 379 1217 428 c,
1232 376 1287 440 536·

67 447 195 536 passim
215 448 374 535 fugientes
396 449 510 512 mittit:
541 447 702 536 Hispanos
724 462 758 514 et
781 447 892 514 Gallos
913 448 1046 548 pedites,
1066 449 1129 514 iam
1138 445 1169 492 Α·
1186 443 1218 492 ⁰·
1232 441 1288 493 ²¹⁶·

67 535 165 600 Afris
180 556 279 622 prope
294 533 382 600 fessis
397 535 495 599 caede
511 535 611 622 magis
625 557 721 622 quam
736 557 854 622 pugna,
870 534 1025 622 adrungit.

116 619 216 684 Parte
242 621 341 684 altera
364 643 490 720 pugnae
514 620 654 698 Paullus,
679 643 863 708 quanquam
888 621 990 708 primo
1020 621 1127 686 suatim
1184 621 1237 682 49.

67 707 198 793 proelio
212 706 314 771 funda
387 720 469 771 riter
482 707 563 772 ictus
578 707 690 784 firerat,
706 721 813 772 tamen
833 720 866 772 et
880 707 1016 772 occurrit
1033 729 1127 807 saepe

67 815 151 858 cum
166 793 315 858 confertis
366 792 515 869 annibali,
531 806 565 858 et
579 792 618 857 ali
644 808 701 857 uot
717 792 795 857 locis
809 792 966 880 proelium
980 793 1128 870 restituit,

68 879 316 966 protegentibus
337 901 412 945 eum
434 879 595 965 equitibus
621 817 776 944 domania
787 903 796 956 ;
827 879 948 943 omissis
969 891 1129 965 postremo

69 965 178 1052 equis,
218 966 272 1030 uia
286 964 448 1030 consulem
470 965 559 1030 etad
573 965 751 1051 regendum
768 986 888 1051 equum
903 965 985 1029 vires
1000 964 1130 1028 deficie-

68 1053 161 1116 bant
234 1073 289 1115 um
300 1050 503 1116 denuntianti
515 1051 652 1127 cuidam,
664 1051 789 1115 iussisse
805 1051 968 1115 consulem
979 1049 1021 1114 ad
1071 1049 1128 1115 des

41 1137 272 1202 adescendere
301 1137 434 1224 equites,
457 1137 576 1202 dirime
603 1135 819 1203 Hannibalem
840 1137 964 1201 ferum:
997 1073 1128 1212 ‘gemm
1138 1151 1224 1200 vincit

71 1223 381 1300 ‘mallem,'rinctos
398 1223 476 1286 mihi
501 1222 669 1288 maderetl’
692 1222 847 1324 Equitam
870 1223 1014 1324 pedestre
1037 1244 1129 1309 proe-
1138 1215 1274 1271 Hannibal.

70 1309 167 1387 lium,
184 1309 278 1395 quale
300 1310 364 1373 iam
382 1308 470 1373 haud
491 1309 589 1373 dubia
610 1309 749 1374 hostium
771 1324 911 1386 victoria,
926 1309 1005 1385 furt3
1028 1329 1129 1396 quum

70 1396 153 1460 victi
184 1395 264 1459 mori
293 1395 328 1458 in
356 1395 490 1481 vestigio
522 1394 663 1472 mallent,
693 1418 790 1481 quam
818 1395 947 1482 fugere3
982 1395 1128 1472 victores,

72 1481 274 1546 morantibus
295 1480 459 1546 victoriam
484 1479 566 1557 irati,
589 1481 794 1558 trucidarent,
817 1503 898 1568 quos
919 1479 1037 1568 pellere
1063 1502 1130 1572 pon

121 1579 234 1632 terant
280 1565 479 1654 Pepulerunt
504 1579 611 1631 tamen
640 1567 705 1630 iam
733 1589 851 1654 paucos
876 1579 1070 1654 superantes,
1097 1580 1130 1631 et

87 1653 186 1717 abore
212 1675 249 1716 ac
274 1651 458 1716 vulneribus
482 1651 588 1716 sessos.
634 1651 715 1717 Inde
741 1653 882 1740 dissipati
908 1675 1019 1718 omnes
1044 1665 1128 1730 sunt,

74 1761 94 1802 e
121 1761 243 1824 uosque
265 1738 307 1802 ad
327 1737 446 1888 mam,
467 1739 524 1823 qui
544 1751 700 1824 poterant,
721 1740 915 1825 repetebant.
963 1738 1025 1804 Cn
1043 1738 1129 1804 Len-

74 1761 165 1888 trilus
174 1824 320 1889 tribunus
387 1823 476 1900 'tum‚
487 1845 597 1909 quum,
607 1824 851 1910 praetervehens
860 1847 953 1912 equo,
964 1825 1129 1889 sedentem

74 1909 112 1973 in
136 1931 213 1974 saxo
234 1931 346 1975 cruore
368 1908 532 1996 oppletum
555 1909 717 1974 comedam
741 1910 886 1987 vidisset;
915 1910 974 1974 ‘L.
989 1909 1130 1987 Aemili:

74 1995 195 2082 inquit,
212 2004 330 2082 ‘quem
351 2017 453 2059 unum
467 1994 624 2059 insontem
646 1996 758 2082 culpae
773 1996 871 2060 cladis
891 1994 1063 2060 hodiernae
1083 1995 1130 2060 dii

76 2081 257 2168 ‘respicere
278 2080 408 2157 debent,
424 2101 502 2166 cape
517 2080 604 2144 hunc
624 2103 761 2166 equum:
789 2081 867 2145 dum
887 2094 921 2145 et
942 2081 1001 2144 tibi
1014 2081 1130 2146 virium

78 2167 223 2254 ‘aliquid
237 2181 389 2253 superest,
399 2187 505 2230 comes
514 2189 574 2252 ego
590 2179 621 2229 te
637 2165 746 2231 tollere
761 2189 891 2253 possum
904 2188 941 2230 ac
952 2182 1128 2252 protegere.

78 2253 156 2318 ‘Ne
170 2253 328 2317 fimestam
343 2253 426 2317 hanc
440 2273 581 2339 pugnam
593 2265 693 2316 morte
709 2251 846 2316 considis
857 2251 976 2316 feceris.
1022 2251 1130 2315 Etiam

78 2341 170 2403 ‘sine
188 2338 250 2404 hoc
267 2338 468 2402 lacrimamm
483 2337 557 2401 satis
576 2336 744 2424 luctusque
763 2338 829 2402 est’
873 2336 928 2400 Ad
942 2359 981 2400 ea
999 2337 1127 2403 consul:
1139 2353 1167 2403 L.
1175 2353 1277 2402 Aemilii

78 2425 157 2488 ‘Tu
178 2424 319 2510 quidem,
345 2422 407 2488 Cn.
423 2422 564 2500 Corneli,
588 2435 690 2487 macte
705 2423 822 2487 virtute
844 2422 928 2488 estol
957 2422 1021 2488 Sed
1043 2418 1193 2502 cave,⁰⁰‘
1207 2433 1248 2480 μ)

79 2511 214 2575 ‘frustra
240 2508 417 2574 miserando
443 2509 597 2594 exiguum
623 2521 748 2596 tempus
772 2532 792 2574 e
818 2509 964 2574 manibus
989 2509 1129 2574 hostium
1137 2487 1227 2594 ffi‘*

79 2595 259 2662 ‘evadendi
278 2596 431 2660 absumas.
478 2595 554 2671 Abi,
569 2595 684 2659 nuntia
697 2594 824 2682 publice
845 2595 1001 2672 Patribus,
1017 2597 1130 2661 urbem

79 2681 282 2748 ‘Romanam
297 2681 453 2757 muniant,
470 2703 506 2745 ac
521 2680 617 2766 prius,
633 2703 730 2766 quam
744 2679 843 2746 hostis
856 2681 958 2746 victor
971 2681 1129 2761 adveniat,

80 2767 267 2856 ‘praesidiis
296 2767 440 2831 firment:
473 2765 684 2853 privatimque
713 2765 754 2842 Q.
768 2766 876 2844 Fabio,
901 2767 939 2832 L.
953 2767 1130 2834 Aemilium

80 2863 91 2893 ‘
126 2876 216 2918 raece
240 2866 344 2918 torum
366 2852 435 2916 eius
457 2873 629 2917 memorem
656 2864 689 2916 et
709 2853 835 2930 vixisse,
858 2865 891 2918 et
911 2852 1016 2917 adhuc
1039 2853 1128 2917 mori.

81 2949 91 2980 ‘
144 2876 280 3004 eiulans
295 2953 398 3025 strage
415 2937 551 3002 militum
563 2959 706 3002 meorum
720 2951 828 3025 patere
840 2939 1008 3026 exspirare,
1018 2961 1060 3002 ne
1075 2951 1132 3003 aut

81 3035 174 3090 ‘reus
188 3025 304 3088 itemm
319 3047 337 3089 e
360 3022 526 3088 consulatu
540 3023 611 3100 sim,
626 3035 682 3088 aut
699 3037 860 3088 accusator
875 3023 1014 3110 collegae
1032 3024 1131 3088 exsis-

82 3122 180 3187 ‘tam,
210 3121 246 3174 ut
275 3109 380 3174 alieno
409 3109 540 3173 crimine
570 3109 786 3173 innocentiam
816 3131 919 3173 meam
947 3111 1131 3196 protegam!

83 3196 175 3261 Haec
204 3195 369 3282 exigentes
397 3195 484 3281 prius
513 3194 606 3258 turba
633 3193 825 3280 fugientium
854 3193 981 3270 civium,
1012 3194 1129 3258 deinde

81 3283 198 3359 hostes,
211 3302 410 3368 oppressere:
434 3277 605 3356 consulem,
618 3280 799 3366 ignorantes
810 3278 881 3364 quis
893 3291 984 3355 esset,
997 3280 1130 3344 obruere

83 3367 171 3434 telis:
196 3366 370 3431 lentrdum
380 3365 464 3431 inter
473 3364 646 3440 tumultum
655 3364 793 3463 abripuit
801 3385 911 3450 equus.
958 3362 1130 3429 Tuminde

82 3453 181 3518 effirsa
195 3452 331 3539 fugiunt.
379 3450 509 3539 Septem
528 3449 628 3516 millia
641 3449 808 3514 hommum
822 3450 857 3513 in
876 3448 1001 3514 minora
1020 3463 1129 3527 castra,

83 3647 200 3694 fuerant?
223 3644 350 3692 Postremo
365 3643 424 3704 quid
440 3657 539 3692 ascens
553 3647 590 3691 est
622 3641 835 3718 nisqueaquitibus
841 3641 968 3690 &manos
975 3641 1130 3703 peditescum

83 3707 183 3769 adiungi
201 3707 266 3756 Afris
282 3707 308 3756 in
330 3707 413 3756 media
431 3705 484 3755 acie
504 3705 591 3758 Gallos
623 3707 752 3756 Alnstum
764 3704 872 3754 maxima
887 3711 1023 3766 pugnantes
1037 3711 1131 3766 atergo

86 3773 259 3834 Hispanosque
272 3770 376 3833 pedites,
390 3769 432 3832 qui
447 3770 473 3818 in
488 3785 517 3818 aa
529 3784 591 3818 sem·
621 3770 724 3820 inradit.
757 3769 815 3818 Hoc
831 3768 1005 3831 proculdubio
1021 3769 1132 3816 voluerat

84 3851 129 3899 per
139 3835 224 3883 mare?
241 3835 307 3883 Rem
314 3835 380 3882 clara
388 3849 419 3881 ex
432 3833 536 3895 Polybio
544 3832 590 3882 dis·
624 3833 714 3882 Livius
730 3833 992 3882 Sedsdhuncsensum
1001 3831 1132 3882 eiusvarbs

86 3898 170 3948 cimus
188 3897 387 3959 Hasdrubal‚qui
398 3897 424 3944 in
433 3898 504 3946 laevo
517 3911 591 3944 oornu
623 3897 920 3960 refingeresinellbrorum
929 3897 1131 3958 opefiustraten·

86 3960 592 4024 HispanisGallisqueequitibuspraaerat,
623 3961 762 4010 mverimua
779 3961 860 4010 Cass.

84 4041 160 4089 quum
171 4025 296 4074 occidione
311 4024 438 4073 occidisset
449 4024 591 4073 Romanum
656 4037 670 4086 5
686 4027 765 4083 Quam
781 4025 886 4082 mullera,
896 4025 988 4074 aindas
1003 4026 1064 4072 mili
1079 4030 1130 4070 tra-

84 4090 230 4152 equitatum,
239 4087 335 4138 transiit
345 4089 371 4136 in
382 4089 496 4136 dextram
508 4101 592 4144 cornu,
623 4089 701 4148 derel]
722 4088 847 4135 Plutarch.
859 4087 885 4134 in
896 4087 973 4135 Fabio
984 4085 1129 4136 sententiam

85 4163 110 4203 et
118 4153 261 4202 coniunctus
273 4151 389 4200 Numidis
396 4151 516 4200 sociorum
525 4149 591 4210 equi-
624 4151 768 4200 contrariam
783 4165 841 4213 pras
854 4151 996 4200 Hannibale
1003 4151 1059 4208 lert,
1067 4164 1131 4210 quse

84 4226 121 4266 tes
131 4217 156 4264 in
167 4216 250 4278 fugam
262 4215 340 4264 vertit.
374 4214 424 4263 Eos
435 4214 524 4263 deindo
539 4229 591 4276 per·
624 4214 659 4262 ita
677 4214 735 4262 verti
752 4219 841 4276 potest,
851 4215 894 4262 laos
910 4216 1014 4266 mallem.
1024 4229 1098 4275 qaam
1108 4213 1131 4260 ss'

85 4280 406 4342 sequendoscaedsndosque
428 4277 591 4326 ermittitNu-
624 4279 682 4326 mllss'
696 4279 787 4326 mastos
804 4279 909 4326 dederat.
941 4277 990 4325 Sed
1005 4276 1067 4325 haec
1085 4275 1131 4324 iro·

84 4343 164 4394 midis.
198 4343 256 4406 lpse
271 4357 328 4392 cum
343 4342 393 4392 suis
407 4294 487 4391 dalla
499 4341 590 4404 Hispa-
623 4341 677 4390 aios
688 4341 755 4390 dicta
765 4340 903 4401 suspicatur
913 4339 1018 4388 Gravior.
