2966 4778
348 219 411 282 136
730 211 845 279 ΤΙΤΙ
876 211 1012 278 LIVII

191 355 224 406 U·
236 357 265 405 ⁰·
283 355 337 419 536.
347 348 470 436 argenti
485 347 570 413 mille
586 347 820 436 quinquaginta
834 349 961 413 talenta
1009 347 1220 432 Dictatorque
1236 367 1314 410 oum
1332 341 1425 410 Mat

188 421 220 470 A.
237 421 266 470 ⁰·
283 419 431 522 ²¹⁶·gone
451 435 485 499 in
507 434 696 523 Hispaniam
717 435 906 521 praemimus
926 449 983 511 est,
999 433 1041 498 ad
1062 430 1275 498 conducenda
1288 431 1406 517 viginti

348 520 448 586 millia
461 521 616 608 peditum,
655 535 784 586 usttuor
802 521 958 608 equitnm,
974 521 1090 606 quibus
1110 519 1279 596 exercitus,
1295 517 1358 603 qui
1373 517 1406 580 in

349 607 451 684 Italia,
465 607 585 695 quique
601 545 808 695 ianispania
821 621 921 684 erant,
938 607 1169 695 supplerentur.

241 695 290 754 14.
395 692 549 758 Ceterum
569 694 658 771 haec,
679 709 715 758 nt
735 695 769 758 in
789 693 936 760 secundis
955 693 1058 768 rebus,
1074 692 1213 778 segniter
1235 691 1406 775 otioseque

189 775 297 824 Romani
349 792 446 868 gesta.
485 779 657 859 Romanos,
668 793 793 866 praeter
803 781 929 845 insitam
941 779 1128 844 industriam
1139 777 1263 852 animis,
1274 775 1407 840 fortuna

189 838 293 903 impigre
349 869 446 932 etism
461 868 602 932 cunctari
622 866 818 954 prohibebat.
866 865 950 931 Nam
966 888 1026 930 nec
1044 863 1156 930 consul
1170 863 1226 928 ulli
1244 862 1303 940 rei,
1320 884 1406 948 ‘lm‘

188 903 281 952 bellum
292 921 335 968 ap

191 975 286 1029 parunt.
349 976 409 1041 per
422 976 497 1054 eum
512 953 636 1053 agenda
654 964 745 1052 esset,
761 952 887 1018 deerat:
912 965 946 1016 et
964 951 1100 1017 dictator
1118 949 1165 1016 M.
1179 949 1293 1014 Iunius
1308 948 1405 1024 Pera,

350 1042 445 1106 'm
466 1039 581 1105 Μ
590 1034 1427 1276 tssltttsffitttttstlttdttptltttt⁶

350 1149 369 1190 e
393 1149 469 1190 uum
494 1149 588 1191 escen

351 1148 433 1297 qiiae
447 1213 604 1298 principio
615 1212 691 1276 anni
702 1234 770 1276 aco
843 1212 914 1276 ihus
928 1211 1122 1297 conscriptae
1136 1209 1272 1284 fuerant,
1288 1219 1326 1272 et
1341 1230 1406 1272 ser·

350 1321 463 1364 vorum
485 1297 655 1374 delectum,
678 1297 887 1384 cohortesque
909 1320 951 1364 ex
972 1320 1048 1384 agro
1069 1297 1190 1362 Piceno
1216 1307 1249 1358 et
1273 1292 1427 1366 Gallicos

350 1383 715 1462 collectas,adultimum
726 1407 824 1472 prope
835 1384 1019 1471 desperatae
1030 1381 1222 1469 reipublicae
1232 1379 1406 1456 auxilium,

351 1494 450 1557 quum
466 1471 599 1536 honesta
613 1469 743 1536 utilibus
761 1470 889 1547 cedunt,
904 1469 1080 1547 descendit,
1095 1467 1278 1555 edixitque:
1315 1466 1407 1541 ‘Qui

352 1567 406 1621 ‘ca
430 1557 538 1622 italem
557 1557 700 1621 fraudem
721 1558 798 1634 ausi,
814 1557 869 1644 qui
895 1579 934 1621 ue
954 1555 1108 1643 pecuniae
1126 1553 1257 1618 iudicati
1277 1553 1314 1616 in
1335 1553 1427 1616 rin-s

352 1581 449 1707 ‘culis
471 1656 585 1719 essent,
602 1643 658 1729 qui
678 1665 788 1707 eorum
808 1580 893 1731 apud
913 1666 946 1707 se
964 1641 1079 1706 milites
1098 1641 1222 1716 fierent,
1242 1661 1300 1704 eos
1319 1662 1407 1704 noxa

350 1737 362 1767 ⁴
372 1729 486 1815 pecun'
531 1752 571 1793 ue
587 1751 654 1793 sese
673 1729 793 1794 exsolvi
810 1729 988 1794 iussurum!
1032 1727 1081 1792 Es
1100 1749 1156 1792 sex
1176 1725 1277 1790 millia
1297 1725 1407 1790 homi-

350 1837 430 1879 num
454 1813 517 1880 Gal
531 1815 586 1879 'cis
605 1815 722 1901 spoliis,
744 1838 824 1902 quae
847 1813 1009 1900 triumpho
1029 1812 1069 1879 C.
1083 1813 1231 1880 Flaminii
1250 1812 1407 1877 nmstan

349 1913 450 1978 erant,
467 1903 607 1966 armavit
645 1900 759 1987 Itaque
771 1923 844 1966 cum
859 1901 973 1988 viginti
984 1901 1128 1990 quinque
1143 1898 1285 1964 millibus
1299 1921 1406 1964 arms·

349 2000 455 2053 torum
469 1988 509 2052 ab
524 1989 602 2053 urbe
616 1987 833 2074 proficiscitur.

193 2079 322 2158 Hannibal
394 2073 568 2152 Hannibal,
586 2073 700 2161 Capua
713 2086 849 2160 recepta,
865 2095 965 2160 quum
980 2073 1095 2138 iterum
1111 2070 1405 2158 Neapolitanorum

191 2145 481 2259 fflfflff-auimos,
519 2161 611 2226 artim
626 2181 693 2246 spe,
708 2161 824 2246 partim
841 2173 940 2236 metu,
955 2159 1168 2246 nequicquam
1186 2169 1356 2236 tentasset,
1372 2159 1404 2222 in

193 2278 238 2321 aa,
315 2226 332 2259 Π
350 2271 462 2335 agrum
513 2247 642 2312 olanum
657 2247 833 2310 exercitum
851 2245 1005 2310 traducit:
1029 2260 1147 2310 utnon
1165 2243 1328 2310 hostiliter
1342 2259 1404 2310 sta-

351 2334 418 2412 tim,
438 2335 514 2419 quia
533 2357 599 2398 non
619 2333 806 2421 desperabat
827 2331 1038 2397 voluntariam
1058 2330 1274 2406 deditionem
1298 2331 1358 2409 its,
1378 2333 1403 2396 si

350 2430 549 2482 morarentur
569 2441 667 2504 spem,
686 2419 768 2483 nihil
790 2439 910 2496 eorum,
929 2441 1012 2505 quae
1034 2418 1101 2506 pati
1118 2429 1174 2482 aut
1193 2417 1309 2482 timere
1329 2441 1404 2505 pos-

194 2519 275 2568 Notae
286 2520 333 2570 uis
349 2517 429 2582 sent,
445 2504 729 2591 praetermissurus
776 2503 922 2584 Senatus,
937 2527 974 2569 ac
993 2504 1131 2570 maxime
1151 2503 1309 2589 primores
1323 2506 1402 2581 eius,

193 2584 282 2634 ⁰⁰¹de
349 2591 384 2654 in
406 2591 555 2656 societate
579 2589 726 2655 Romana
747 2613 821 2655 cum
843 2590 907 2656 fide
972 2603 1088 2667 rstarc3
1117 2589 1207 2677 plehs
1233 2611 1402 2666 nuruum,

351 2689 388 2740 ut
415 2675 505 2753 solet,
530 2698 636 2739 rerum
661 2690 756 2763 atque
784 2675 896 2742 Hanni
949 2679 1066 2742 istots
1090 2699 1182 2751 esse3
1212 2688 1403 2764 metumque

350 2784 497 2849 agrorum
511 2760 734 2850 populationis,
747 2776 781 2826 et
794 2763 946 2862 patienda
960 2763 995 2828 in
1004 2762 1167 2828 obsidione
1183 2761 1286 2828 multa
1293 2765 1404 2849 gravia

350 2847 545 2935 indignaque
561 2870 737 2935 proponere
757 2871 873 2914 ammo.
919 2848 1037 2936 Neque
1057 2860 1201 2915 auctores
1212 2847 1405 2914 defectionis

350 2935 490 3000 deerant.
537 2933 649 3033 Itaque
673 2935 728 3000 uhi
752 2948 897 3000 senatum
926 2949 1030 3000 metus
1059 2935 1154 3022 cepit,
1180 2934 1207 3000 si
1236 2936 1405 3022 propalam

351 3022 529 3099 tenderent,
551 3021 653 3086 resisti
676 3021 873 3086 multitudini
895 3025 1071 3087 concitatae
1093 3043 1161 3085 non
1181 3043 1297 3107 pome;
1321 3021 1424 3094 clame

349 3107 528 3173 simulando
550 3106 736 3172 dilationem
758 3107 833 3172 mali
854 3108 1031 3173 inveniunt.
1076 3106 1207 3172 Placere
1230 3107 1321 3172 enirn
1345 3109 1405 3174 sihi

351 3194 562 3262 defectionem
577 3194 618 3260 ad
639 3193 855 3258 Hannibalem
874 3194 1041 3262 simulant:
1066 3193 1182 3282 quihus
1201 3206 1313 3260 autem
1327 3218 1406 3260 con·

387 3447 503 3508 5Dictct
593 3461 649 3494 curn
664 3447 786 3507 Marone]
816 3444 858 3494 Its
890 3446 915 3491 et
938 3442 1028 3490 idcirco
1053 3457 1144 3504 equum
1167 3445 1321 3495 ascendendi
1341 3451 1405 3496 arbi-

350 3511 471 3558 Catonem
482 3524 522 3570 up.
554 3509 588 3558 ul.
598 3509 663 3557 Gall.
676 3523 699 3556 x.
710 3524 748 3568 ²4·
761 3507 856 3556 Hanni·
890 3505 1026 3565 trium‚nisi
1034 3507 1119 3571 relata
1126 3507 1157 3555 ad
1165 3509 1354 3570 populnm,non
1362 3513 1405 3561 ha·

351 3574 432 3621 belem
451 3573 577 3634 appellare
593 3573 732 3620 metatorem
748 3571 857 3620 animad-
890 3569 970 3618 bunc
981 3569 1070 3621 scribit.
1088 3571 1118 3619 cf.
1130 3569 1155 3619 ti.
1167 3587 1191 3619 n.
1204 3573 1260 3633 854,

352 3636 555 3699 vertitSigonius.
925 3636 997 3694 7Ee
1013 3635 1247 3697 acconenses]
1277 3637 1323 3689 Sic
1338 3640 1404 3690 dice

382 3698 398 3749 6
418 3703 451 3752 Ut
460 3717 548 3774 equam
559 3701 685 3750 escendere
696 3701 791 3760 liceret]
817 3699 858 3748 De
890 3698 1405 3760 batursgerinterAesimetRubiconem

351 3763 397 3811 hac
414 3779 439 3811 re
452 3763 502 3811 aha
512 3763 554 3810 alii
565 3763 698 3824 disputant.
717 3763 805 3812 Zoncr.
818 3762 857 3810 vii.
891 3761 987 3820 fluvios,
997 3762 1039 3822 qui
1050 3777 1125 3822 quum
1141 3762 1200 3810 olim
1212 3763 1347 3815 Gallonim
1362 3769 1405 3818 Se-

354 3839 390 3887 13.
401 3826 522 3886 dictatori,
532 3825 578 3874 nisi
589 3827 620 3873 ad
632 3828 725 3876 bellum
737 3828 856 3888 profectu-
890 3840 982 3873 nonum
992 3825 1085 3884 fuisset,
1094 3831 1180 3887 postea
1189 3827 1220 3875 iis
1230 3831 1353 3891 exprdsis,
1361 3847 1406 3894 po

351 3905 386 3948 ro,
397 3905 446 3938 non
458 3890 553 3938 licuisse
564 3903 655 3950 equum
666 3891 795 3940 escendere
810 3895 856 3938 tra-
889 3889 949 3951 pulo
961 3889 1050 3940 viritim
1061 3889 1203 3938 distributim
1214 3891 1304 3942 tuerat
1320 3895 1405 3945 Cass.

351 3953 403 4002 dit:
423 3953 547 4002 Plutarch.
561 3951 587 4000 in
603 3952 663 4000 Fab.
681 3953 779 4002 omnino
796 3954 856 4002 licu-
925 3954 940 4000 8
960 3955 1087 4003 Pecuniae
1108 3955 1223 4015 inducti]
1260 3957 1285 4005 h
1303 3973 1328 4008 e.
1344 3961 1403 4008 Cre

350 4018 396 4066 isse
406 4022 487 4078 negat,
498 4017 588 4078 “quod
601 4015 707 4064 Romani
723 4017 857 4076 plurimum
890 4017 1007 4066 ditoribus
1021 4033 1037 4065 s
1049 4023 1160 4081 praetore
1171 4019 1273 4070 addiet'n
1289 4037 1360 4084 supr.
1373 4024 1403 4074 ri.

349 4080 441 4130 roboris
458 4080 485 4128 in
504 4079 615 4142 peditatu
634 4079 767 4140 posuerint,
782 4087 857 4141 atque
892 4096 928 4141 14

349 4146 404 4194 ideo
424 4143 700 4203 existimaverint-duci
722 4143 747 4192 in
767 4143 820 4192 acie
841 4160 857 4192 a
921 4146 1181 4210 odlandmulcndo]
1208 4149 1403 4200 otuccudcadn

349 4209 460 4270 peditatu
468 4223 517 4256 non
524 4207 698 4256 discedendum
705 4212 781 4256 esse.''
795 4207 854 4256 Nic·
888 4224 919 4256 ex
937 4210 1077 4258 coniectura
1094 4209 1202 4261 Gronov.
1220 4213 1317 4276 recepit
1335 4215 1402 4264 Bek-

349 4271 450 4319 buhrius
473 4277 556 4320 eutem
580 4269 723 4320 dictatorem
746 4273 800 4333 lego
818 4287 854 4320 aa
887 4272 938 4320 her.
960 4275 1218 4327 Secundssinrulsrrdo
1226 4275 1322 4330 Stroth.
1331 4293 1402 4341 repo

349 4335 449 4384 trintum
465 4351 525 4395 esse,
544 4340 572 4383 ut
591 4333 617 4383 in
635 4349 706 4384 curru
721 4335 855 4394 veheretur,
887 4335 943 4386 suit.
