3002 4798
433 243 527 311 LIB.
552 245 647 314 X-XI.
681 248 792 317 CAP.
816 255 845 318 5.
1135 255 1154 316 5

110 378 220 444 labore
234 393 289 444 aut
299 403 412 468 corpus
420 382 552 469 fatigari,
563 399 617 448 aut
627 385 750 449 animus
757 385 841 450 vinci
853 395 983 472 poterat.
1032 382 1154 448 Caloris

110 489 149 530 ac
163 466 290 554 frigoris
308 468 460 554 patientia
481 492 555 557 part
583 471 644 536 cibi
667 471 866 570 potionisque
884 469 1041 536 desiderio
1062 483 1154 535 natu-

79 610 86 624 ,
112 553 182 630 reli,
204 576 271 618 non
297 554 467 644 voluptate,
490 556 603 621 modus
628 557 752 622 linitus:
782 558 958 646 vigiliarum
987 557 1153 644 somnique

111 663 175 706 nec
190 640 253 718 die,
269 663 328 705 nec
343 655 435 706 nocte
457 642 669 708 discriminata
683 658 832 732 tempora.
878 644 926 722 Id,
942 645 1027 731 quod
1042 666 1154 730 geren-

111 727 163 790 dis
177 727 272 792 rebus
291 743 475 828 superesset,
490 730 589 816 quieti
611 731 737 795 datum:
762 754 799 796 ea
818 755 923 818 neque
938 730 1025 795 molli
1047 743 1153 807 strato,

111 835 221 900 neque
235 813 361 879 silentio
375 817 528 881 arcessita.
574 816 673 882 Multi
686 840 779 904 saepe
801 817 926 882 militari
941 817 1049 905 sagulo
1064 839 1156 904 oper·

111 913 194 978 tum,
210 899 300 964 humi
320 902 475 967 iacentem
496 903 579 968 inter
599 903 756 969 custodias
775 905 986 990 stationesque
1007 902 1153 981 militum,

111 1001 355 1074 conspexerunt
410 987 552 1054 Vestitus
577 991 656 1055 nihil
687 991 770 1056 inter
802 989 948 1077 aequales
976 989 1151 1054 excellens:

90 1097 202 1138 rarma
223 1088 318 1162 atque
345 1077 419 1162 equi
444 1077 723 1164 conspiciebantur.
770 1076 924 1164 Equitum
944 1076 1088 1163 peditum
1112 1099 1152 1140 ue

111 1160 200 1225 idem
219 1161 312 1247 longe
327 1162 446 1248 primus
463 1176 539 1227 erat.
584 1163 736 1251 Princeps
749 1165 785 1226 in
801 1162 956 1252 proelium
974 1163 1055 1228 ibat:
1114 1163 1154 1227 ti-

112 1269 186 1311 mus
205 1261 350 1313 conserto
371 1248 491 1336 proelio
511 1249 692 1315 excedebat.
738 1249 806 1314 Has
829 1263 930 1314 tantas
944 1249 1002 1313 viri
1021 1249 1153 1314 virtutes

87 1359 102 1392 2
113 1333 257 1420 ingentia
265 1335 341 1399 vitia
354 1336 547 1422 aequabant3
571 1337 744 1420 inhumane
754 1337 930 1413 crudelitas,
943 1336 1076 1423 perfidia
1082 1335 1153 1424 plus

112 1443 210 1508 quam
233 1420 364 1499 Punica,
383 1422 463 1486 nihil
484 1423 655 1508 verhnihil
672 1424 781 1500 sancti,
797 1423 901 1488 nullus
922 1423 1018 1488 deum
1040 1437 1152 1500 metus,

112 1507 239 1572 nullum
253 1507 480 1586 iusiurandum,
496 1509 582 1574 nulla
596 1510 714 1597 religio.
761 1511 846 1574 Cum
861 1510 920 1574 hac
935 1509 1040 1573 indole
1055 1510 1153 1574 virtu-

112 1609 183 1658 tum
209 1609 304 1680 atque
328 1595 475 1659 vitiorum
501 1597 637 1661 triennio
660 1597 718 1660 sub
744 1595 942 1661 Hasdrubale
965 1595 1152 1682 imperatore

110 1681 239 1758 meruit,
262 1681 413 1758 nullate,
437 1705 518 1768 quae
542 1683 665 1770 agenda
686 1682 885 1771 videndaque
909 1705 1024 1769 magno
1046 1681 1153 1747 futuro

112 1768 188 1832 duci
203 1782 294 1845 esset,
309 1769 533 1854 praetermissa.
838 1802 841 1810 =

159 1853 313 1920 Ceterum
335 1877 376 1918 er
390 1877 455 1942 quo
476 1855 528 1920 die
550 1856 617 1920 dux
636 1871 684 1920 est
705 1857 888 1933 declaratus,
903 1855 991 1920 velut
1011 1854 1102 1920 Italia
1123 1856 1153 1920 ei
1227 1851 1257 1912 5·

111 1941 275 2029 provincia
295 1941 430 2018 decreta,
452 1942 632 2028 bellumque
656 1943 836 2007 Romanum
857 1942 1040 2007 mandatum
1062 1954 1152 2019 esset,
1162 1935 1290 2048 {rqnnrbel

112 2027 195 2092 nihil
210 2027 430 2114 prolatandum
452 2042 546 2106 ratus,
562 2052 603 2093 ne
625 2053 659 2093 se
681 2053 818 2117 quoque,
835 2041 871 2093 ut
889 2041 1014 2116 patrem
1030 2015 1302 2112 Hamil-,lnlmsgl'

113 2137 229 2192 casem,
259 2114 375 2179 deinde
412 2113 653 2192 Hasdrubalem,
683 2128 884 2180 cunctantem
919 2137 1007 2179 casus
1041 2114 1154 2202 aliquis
1162 2128 1268 2202 guntipn

113 2201 317 2288 opprimeret,
349 2199 531 2288 Saguntinis
565 2201 678 2266 inferre
708 2200 826 2266 bellum
855 2202 973 2264 statuit.
1029 2201 1155 2274 Quibus
1163 2197 1258 2304 ffiffih

87 2309 134 2358 30
158 2310 181 2373 p
286 2287 335 2352 dis
344 2289 420 2374 quia
433 2287 518 2350 haud
529 2287 624 2351 dubie
635 2289 782 2353 Romana
795 2309 881 2351 arma
894 2287 1110 2364 movebantur,
1120 2287 1154 2350 in
1164 2271 1298 2368 olcffi,

88 2309 371 2454 40llcridridnnfines
385 2375 472 2460 prius
485 2372 582 2458 (ultra
599 2373 726 2438 Iberum
747 2396 785 2438 ea
798 2395 877 2460 gens
890 2373 925 2436 in
938 2385 1027 2460 parte
1046 2373 1153 2460 magis,
1163 2384 1256 2432 bellum
1267 2384 1302 2433 in·

114 2483 211 2546 quam
226 2461 259 2525 in
274 2460 405 2536 ditione,
420 2459 728 2548 Carthaginiensium
739 2465 821 2546 erat)
831 2459 958 2524 induxit
970 2459 1153 2538 exercitum,
1163 2447 1217 2497 fen.

114 2563 230 2613 utnon
245 2548 360 2634 petisse
377 2545 399 2610 S
441 2548 577 2624 untinos,
588 2547 644 2612 sed
652 2569 757 2611 rerum
773 2547 862 2623 serie,
874 2546 1016 2610 finitimis
1027 2546 1155 2611 domitis

89 2636 271 2720 sgentibus,
288 2635 342 2698 iun
384 2569 524 2720 nllhque,
539 2646 655 2698 tractus
677 2633 766 2698 adid
784 2633 902 2698 bellum
917 2633 1018 2697 rideri
1039 2646 1151 2719 posset

87 2720 288 2798 oCarteiam,
309 2741 348 2784 ur
388 2743 419 2784 m
441 2720 633 2808 opulentam,
654 2732 749 2807 caput
770 2719 873 2806 gentis
895 2719 971 2795 eius,
992 2732 1154 2806 expugnat

113 2808 296 2894 diripitque.
338 2805 413 2882 Quo
422 2821 510 2870 metu
520 2805 681 2894 perculsae
694 2807 828 2871 minores
836 2806 986 2882 civitates,
996 2805 1153 2955 stipendio

113 2895 271 2980 imposito,
284 2894 452 2980 imperium
467 2915 623 2981 accepere.
669 2891 781 2957 Victor
795 2893 989 2969 exercitus,o
1012 2915 1034 2956 u
1046 2904 1154 2956 entus-

138 3003 178 3044 ue
196 2979 322 3069 praeda,
340 2979 565 3066 Carthaginem
585 3002 700 3043 novam
720 2979 753 3042 in
775 2979 908 3044 hiberna
924 2993 972 3042 est
988 2915 1152 3043 deductus.

113 3004 167 3131 lbi
181 3066 267 3152 large
322 3067 445 3132 rtiendo
465 3066 623 3154 praedam,
639 3065 796 3152 stipendio
815 3065 984 3152 praeterito
1001 3087 1074 3129 eum
1089 3063 1153 3129 fide

114 3152 265 3232 exsolven
289 3175 317 3229 o,
347 3152 469 3218 cunctis
502 3153 618 3217 civium
653 3152 871 3239 sociorumque
906 3151 1018 3216 animis
1052 3153 1086 3216 in
1120 3174 1153 3218 se

116 3238 256 3316 firmatis,
271 3256 348 3304 vere*
358 3241 460 3326 primo
477 3240 511 3303 in
526 3237 685 3303 Vaccaeos
699 3251 877 3325 promotum
897 3237 1024 3303 bellum.
1070 3237 1228 3302 Her-Tum
1243 3247 1306 3296 vae-

93 3323 262 3392 7mandica
275 3340 309 3391 et
323 3325 481 3391 Arbocala
497 3326 590 3390 urbes
604 3324 636 3388 vi
656 3337 773 3411 ceptae.
819 3323 976 3388 Arbocala
992 3336 1026 3388 et
1039 3324 1154 3389 virtute
1164 3311 1235 3362 ⁰⁸⁰³*

154 3577 163 3610 1
184 3563 412 3625 Compirlsbontnr]
440 3561 579 3623 conspicua
595 3575 618 3608 e·
651 3558 716 3608 sibus
736 3555 856 3616 delinitor,
874 3571 948 3618 quam
969 3555 995 3604 iu
1016 3569 1100 3604 eorum
1119 3556 1154 3604 di·

115 3633 177 3676 tant.
196 3629 303 3690 etsupr.
315 3625 331 3675 i.
343 3639 381 3689 47.
392 3626 417 3676 ii.
430 3639 451 3688 5.
471 3625 553 3675 casn.
561 3625 618 3674 Ital.
651 3623 724 3671 tione.
743 3622 823 3672 Onne.
1104 3683 1109 3694 Ι

115 3692 131 3740 i.
144 3707 198 3752 ²4²-
684 3699 697 3749 5
712 3686 898 3750 rumpendoque]
916 3699 948 3735 so.
961 3684 999 3734 Ut
1009 3683 1156 3747 Saguntinos

153 3757 298 3818 elucentia
316 3756 390 3814 uitia]
419 3755 451 3802 In
467 3751 619 3802 recensendis
651 3750 696 3800 sibi
707 3751 822 3813 iungeret.

115 3819 264 3868 Hannibalis
276 3819 341 3868 vitiis
356 3819 422 3867 haud
437 3817 509 3866 dubie
525 3817 618 3878 aliquid
682 3814 698 3865 6
715 3816 848 3874 Carteiam]
868 3813 1045 3862 ImoAlthrcm
1056 3829 1086 3861 ax
1099 3814 1154 3864 Pol.

114 3884 271 3932 tribuendum
287 3890 324 3932 est
340 3881 461 3944 scriptoris
476 3897 532 3944 erga
547 3881 618 3955 inses-
652 3879 731 3941 iiius.
754 3878 961 3929 Oanehdtafuit
970 3877 995 3925 in
1004 3878 1154 3938 oraOceani,
1250 3879 1257 3896 ¹

114 3946 620 4010 2...
650 3942 1156 4068 attentissimus

116 4091 153 4124 υ.
172 4076 255 4125 Dore.
651 4071 722 4120 fuisse
735 4070 814 4133 gentis
825 4070 947 4119 Olcadum
959 4075 1041 4144 ceput,
1051 4084 1100 4118 non
1112 4085 1154 4132 po-

147 4154 161 4200 3
178 4142 211 4188 In
222 4141 339 4190 Olcadum
344 4141 423 4202 finer]
437 4138 466 4188 cf.
476 4138 529 4186 Pol.
538 4137 572 4186 iii.
583 4151 618 4198 13.
651 4136 699 4184 tuit
714 4136 786 4197 louge
802 4135 885 4184 abesse
895 4149 910 4182 a
921 4133 1069 4196 Carthagine
1084 4148 1154 4184 nora.

114 4205 221 4254 Olcades
236 4203 300 4252 inter
314 4204 410 4266 Tagum
425 4209 451 4251 et
461 4201 559 4250 Boetim
576 4201 618 4248 flu·
651 4200 732 4250 Cass.

114 4268 256 4318 viosersnt.
686 4264 983 4324 7Arbocclaetoirtute]
1008 4262 1154 4324 Itaquoque

146 4335 212 4392 4Ia
222 4339 294 4394 pum
304 4334 392 4394 mepta]
416 4331 495 4394 Magis
511 4330 575 4378 intra
591 4329 618 4378 li·
653 4327 751 4378 Publii.
765 4343 801 4388 r4.

114 4398 186 4446 mites
202 4397 298 4445 loedere
313 4395 425 4444 Romano
436 4394 617 4456 Carthaginien·
