2866 4770
343 206 409 269 494
735 197 849 265 ΤῙΤΙ
875 197 1011 265 LIVII

188 344 223 396 U·
235 345 264 396 ⁰·
281 345 336 408 548·
345 339 509 426 thaginem
520 337 672 426 gaudium
688 337 802 488 ingens
816 339 1021 403 nuntiarent:
1047 351 1191 439 totaque
1204 338 1323 403 Africa
1335 339 1423 403 samar

187 409 219 460 Δ·
235 411 266 462 ⁰·
282 423 336 471 ²04
345 425 455 490 mortis
470 424 656 490 Masinissae
672 447 704 488 re
739 437 791 490 eta
804 425 889 489 van'e
905 426 1027 490 animos
1041 426 1167 490 affecit.

188 523 285 584 Inspe—
388 511 557 576 Masinissa
585 511 620 575 in
649 447 802 598 speihnca
833 511 966 588 occulta,
998 535 1104 599 quum
1141 511 1260 576 herbis
1294 525 1405 576 curaret

187 587 306 698 ¹⁰¹¹“l'l‘
344 597 469 676 vulnus,
484 597 622 662 duorum
644 598 790 684 equitum
812 597 977 664 latrocinio
998 621 1058 685 per
1078 597 1157 662 dies
1180 599 1312 684 aliquot
1327 599 1403 661 risit

187 655 320 764 {effla}
346 684 413 749 Ubi
427 683 566 771 primum
581 683 678 748 ducta
691 684 832 760 cicatrix,
848 685 978 772 patique
993 707 1087 771 posse
1105 686 1182 749 visa
1198 684 1403 756 iactationem,

345 771 477 836 audacia
494 771 616 856 ingenti
638 793 677 857 pe
719 771 743 834 't
763 771 808 835 ire
829 770 871 836 ad
886 794 1018 858 regnum
1033 771 1288 858 repetendum:
1311 787 1402 856 atque,

344 857 380 922 in
401 857 469 944 ipso
492 857 605 920 itinere
629 856 693 921 hau
736 857 808 944 plus
828 857 1037 958 quadraginta
1062 857 1245 943 equitibus
1268 857 1401 922 collectis

345 966 445 1030 quum
469 943 504 1006 in
527 941 694 1031 Massylosr,
713 943 818 1030 palam
841 967 902 1008 ram
922 945 993 1043 quis
1014 957 1100 1008 esset
1124 943 1255 1019 ferens,
1271 945 1399 1017 renimet,

344 1043 470 1095 tantum
485 1042 606 1094 motum
619 1052 719 1116 quum
731 1031 836 1094 favore
853 1030 994 1116 pristino,
1009 1046 1076 1094 tum
1093 1031 1230 1116 gaudio
1247 1032 1399 1117 insperato,

345 1116 442 1266 quod,
473 1138 570 1202 quem
600 1115 717 1202 perisse
747 1116 957 1193 crediderant,
987 1116 1197 1180 incolumem
1232 1117 1396 1189 cernebant

357 1203 429 1280 ecit,
446 1216 482 1266 ut
502 1201 586 1265 intra
606 1223 723 1287 paucos
742 1202 811 1266 dies
833 1225 888 1266 sex
909 1203 1008 1266 millia
1026 1201 1187 1288 peditum
1211 1217 1397 1276 armatorum

346 1301 496 1376 quattuor
521 1289 676 1374 equitum,
700 1287 741 1351 ad
767 1311 841 1353 eum
867 1289 1096 1353 convenirent:
1129 1289 1273 1376 iamque
1295 1313 1354 1353 non
1372 1289 1396 1350 iu

345 1375 541 1462 possessione
557 1374 653 1439 modo
667 1375 791 1461 paterni
807 1376 898 1462 regni
913 1389 1003 1451 esset,
1019 1374 1203 1440 sedetiam
1220 1377 1325 1442 socios
1336 1377 1398 1439 Car·

346 1461 592 1548 thaginiensium
608 1460 742 1548 populos
754 1461 1069 1549 Masaesylorumque
1081 1461 1171 1525 fines
1189 1463 1245 1548 (id
1264 1462 1397 1550 Syphacis

345 1569 480 1632 regnum
498 1547 581 1630 erat)
595 1559 739 1612 vastaret
786 1547 877 1625 Inde,
893 1547 1015 1611 irritato
1035 1546 1077 1610 ad
1097 1547 1235 1612 bellum
1260 1549 1396 1637 Sypha.

239 1677 241 1682 -
345 1632 429 1696 inter
460 1631 584 1696 Cirtam
615 1633 865 1721 Hipponemque
897 1634 931 1698 in
962 1634 1044 1720 iugis
1072 1649 1341 1720 opportunorum
1367 1633 1396 1695 ad

345 1719 452 1782 omnia
471 1719 629 1783 montium
650 1719 802 1784 consedit
849 1719 1005 1785 Maiorem
1029 1721 1132 1806 igitur
1156 1743 1238 1785 eam
1262 1745 1330 1786 rem
1351 1720 1396 1804 Sy·

345 1805 430 1906 phax
460 1817 555 1883 ratus,
582 1828 678 1892 quam
708 1820 745 1870 ut
773 1828 831 1894 per
860 1807 1054 1894 praefectum
1084 1821 1217 1892 ageret,
1246 1805 1395 1872 camilia

345 1913 460 1956 iuvene
482 1891 616 1978 (nomen
631 1891 803 1957 Verminae
824 1893 906 1978 erat)
928 1905 1016 1980 parte
1036 1893 1209 1957 exercitus
1233 1895 1337 1968 mism,
1351 1893 1395 1954 in·

344 1990 444 2065 perat,
460 1992 506 2057 ut,
528 1979 745 2044 circumducto
766 1980 902 2066 agmine,
919 1979 952 2043 in
974 2001 1007 2043 se
1029 1978 1202 2043 intentum
1225 1979 1394 2044 hostemah

346 2077 436 2152 tergo
455 2064 591 2129 invadat.
639 2064 745 2130 Nocte
767 2064 926 2152 profectus
947 2065 1112 2142 Vermina,
1135 2067 1200 2151 qui
1222 2089 1268 2130 ex
1287 2065 1394 2131 occidte

345 2173 546 2238 aggressurus
561 2163 646 2214 erat:
669 2150 800 2238 Syphax
817 2164 924 2216 autern
939 2151 1077 2216 interdiu
1093 2166 1216 2238 aperto
1233 2154 1395 2228 itinerari

367 2237 411 2315 ui,
439 2237 536 2324 signis
562 2237 692 2315 collatis,
718 2238 786 2302 acie
812 2239 1018 2303 dimicaturus
1043 2251 1139 2314 esset,
1166 2239 1277 2304 morit
1302 2255 1394 2304 castra

381 2324 413 2388 bi
440 2337 565 2410 tempus
589 2323 690 2388 visum
717 2337 774 2401 cst,
799 2348 864 2412 quo
890 2325 1068 2411 pervenisse
1097 2324 1165 2387 iam
1196 2323 1395 2390 circumm'ssi

345 2410 446 2475 videri
460 2422 617 2497 poterant,
633 2425 666 2474 et
684 2411 750 2497 ipse
769 2411 834 2475 leni
850 2411 931 2475 cliro
945 2411 1066 2475 ferente
1085 2410 1129 2474 ad
1147 2410 1296 2489 hostem,
1311 2431 1394 2498 quum

268 2540 272 2548 -
346 2496 549 2562 multitudine
572 2497 679 2574 fretus,
703 2510 771 2562 tum
793 2497 983 2597 praeparatis
1006 2497 1046 2561 ab
1070 2509 1101 2560 te
1190 2498 1331 2572 insidiis,
1351 2519 1395 2584 pu

345 2582 511 2648 adversum
527 2598 666 2648 montem
682 2596 820 2648 erectam
836 2607 934 2648 acrem
950 2583 1047 2647 ducit.
1137 2583 1280 2650 asinima
1294 2584 1393 2648 fidncia
1423 2595 1424 2598 ’

345 2668 482 2732 maxime
500 2668 572 2747 loci,
588 2693 653 2758 quo
672 2670 771 2735 multo
787 2671 935 2757 aequiore
980 2681 1158 2756 ugnaturus
1182 2685 1268 2748 erat,
1285 2685 1320 2735 et
1339 2671 1392 2755 ips

344 2753 453 2841 dirigit
472 2777 552 2819 suos
600 2756 705 2820 Atrox
727 2757 882 2842 proelium
903 2768 937 2820 et
953 2693 1008 2820 diu
1030 2777 1150 2842 anceps
1166 2756 1258 2832 fuit;
1284 2756 1352 2820 ioco
1369 2775 1391 2816 er
1422 2827 1423 2839 χ

344 2840 461 2906 virtute
476 2840 614 2906 militum
626 2841 838 2919 Masinissam,
852 2841 1066 2918 multitudiue,
1083 2863 1166 2940 quae
1185 2843 1295 2908 nimio
1310 2843 1391 2906 mais

344 2940 421 3005 erat,
440 2926 618 3016 Syphacem
636 2929 773 2994 iuvante.
821 2928 870 2993 Ea
889 2927 1060 2992 multitudo
1076 2927 1191 3004 divisa,
1209 2953 1316 3016 quum
1335 2949 1389 3028 pau

345 3036 365 3078 a
383 3015 486 3079 fronte
507 3028 644 3102 urgeret,
659 3037 731 3103 pars
751 3039 770 3080 a
790 3027 878 3102 tergo
899 3037 932 3079 se
952 3012 1222 3092 circumfudisset,
1239 3015 1388 3080 victoum
1421 3061 1422 3066 η

344 3099 431 3165 haud
452 3101 581 3166 dubiam
604 3100 744 3189 Syphaci
764 3101 873 3166 dedit:
897 3114 930 3166 et
949 3123 990 3166 ne
1011 3100 1167 3200 effugium
1187 3102 1327 3187 quidem
1347 3123 1388 3188 pe

346 3188 433 3252 tebat
452 3187 528 3252 hinc
546 3212 566 3252 a
582 3188 696 3266 fronte,
712 3188 788 3252 hinc
807 3188 848 3253 ab
868 3200 956 3274 tergo
975 3185 1112 3251 inclusis
1162 3185 1286 3275 Itaque
1308 3185 1387 3252 ceteri

387 3273 469 3338 dites
484 3276 670 3361 equitesque
685 3276 768 3339 caesi
784 3287 839 3339 aut
853 3275 946 3361 capti.
982 3273 1150 3338 Ducentos
1161 3272 1268 3338 ferme
1281 3275 1387 3360 equites
1420 3299 1421 3313 ³

345 3295 515 3424 Masinissa
529 3361 613 3425 circa
626 3383 659 3425 se
675 3361 889 3448 conglobatos,
905 3359 1085 3446 divisosque
1104 3361 1276 3424 turmatim
1292 3361 1324 3424 in
1339 3377 1388 3422 urs

345 3459 459 3532 partae,
475 3469 641 3547 erumpere
662 3447 770 3524 iubet3
794 3447 864 3512 loco
884 3447 1055 3534 praedicto,
1071 3446 1105 3509 in
1124 3468 1228 3531 quem
1248 3469 1293 3510 ex
1312 3445 1388 3510 dissi·
1419 3525 1420 3532 ἶ

190 3539 325 3616 Με-ιίιιὶεεαΙ
345 3546 420 3619 pata
438 3546 646 3598 convenirent
664 3533 747 3620 fuga.
794 3533 877 3620 Ipse,
893 3556 957 3620 qua
975 3531 1167 3608 intenderat,
1183 3533 1276 3597 inter
1298 3531 1387 3596 modis
1419 3535 1420 3544 ’

189 3618 410 3683 ⁰¹¹¹¹¹P²¹²⁰¹⁵tela
430 3618 570 3683 hostium
591 3619 698 3684 evasit.
744 3619 839 3684 Duae
863 3633 983 3683 turmae
1005 3619 1155 3683 haesere:
1184 3618 1292 3684 altera
1314 3634 1387 3682 metu

171 3669 278 3782 'eraut
346 3704 455 3770 dedita
479 3705 582 3783 hosti;
656 3705 805 3770 rtinacior
832 3707 867 3769 in
893 3704 1100 3806 repugnando
1126 3704 1200 3768 telis
1229 3707 1342 3770 obruta
1364 3715 1419 3787 asp

346 3792 473 3856 confixa
493 3805 548 3856 est.
627 3793 781 3857 erminam
801 3813 898 3879 prope
917 3793 1056 3878 vestigas
1078 3790 1266 3870 instantem,
1283 3792 1319 3856 in
1340 3791 1389 3854 alia

381 3967 518 4029 artemas
528 3969 801 4029 Afrioosamomartis]
819 3983 852 4016 sc.
885 3967 1031 4030 telligamus.
1075 3967 1171 4015 Locum
1202 3967 1262 4016 sitio
1292 3970 1387 4016 tatum
1417 3933 1418 4024 i

347 4029 434 4086 Quum
449 4031 596 4080 romanica
610 4032 755 4081 Masinissae
770 4030 855 4080 mortis
887 4031 1013 4080 Drakenb.
1022 4031 1155 4080 existimat
1183 4030 1315 4092 Equidem
1324 4033 1353 4080 de
1362 4033 1386 4078 i:-

347 4093 414 4140 r‘nma
434 4096 529 4154 repleta
550 4101 622 4153 esset,
644 4095 670 4144 id
689 4097 754 4144 varie
775 4095 853 4144 homi·
886 4096 979 4144 dustria
987 4097 1137 4145 Graecomm
1149 4097 1267 4144 moreita
1278 4097 1386 4158 arripias

346 4171 407 4204 num
421 4157 516 4204 animoa
531 4157 621 4206 affecit.
654 4159 703 4207 Sed
717 4159 854 4208 Crevierius
887 4159 985 4208 Livium
997 4159 1112 4222 suspicm.

347 4219 426 4266 multo
443 4219 622 4268 concinniorem
639 4221 788 4270 locutionem
802 4223 853 4271 fors
918 4223 933 4270 8
949 4225 1106 4272 Pertinacior
1119 4224 1148 4270 in
1162 4227 1340 4286 repugnem]
1359 4223 1384 4270 a

348 4287 439 4338 censet,
450 4281 480 4339 si,
493 4288 586 4330 resecta
601 4299 660 4331 voce
676 4287 779 4347 repleta,
794 4293 853 4334 tota-
886 4285 979 4334 scilicet
989 4289 1076 4344 olma,
1088 4301 1151 4348 quae
1162 4286 1316 4348 pertinacior
1327 4289 1348 4336 in
1361 4303 1382 4333 rr

348 4357 395 4403 que
404 4345 493 4404 Africo
504 4345 529 4392 in
540 4345 664 4394 auferendi
676 4363 733 4396 casu
746 4349 803 4411 poni
817 4349 853 4397 in·
887 4351 1018 4412 pugnando
1028 4355 1087 4399 erat.
