2874 4772
347 197 410 258 338
735 184 848 252 ΤΙΤΙ
877 185 1014 252 LIVII

194 342 229 394 υ.
241 343 272 393 0.
288 338 362 405 54²·‘
373 350 451 393 num
465 337 579 415 posset.
626 323 720 390 Hanc
742 323 921 390 mercedem
944 347 1041 390 unam
1061 346 1120 411 pro
1134 347 1175 390 eo
1188 346 1328 389 munere
1345 347 1397 412 pa-

194 407 226 458 A.
243 408 273 460 ⁰·
289 415 491 480 ²¹⁰·‘ciscorz
524 414 644 478 amicus
668 411 787 500 populo
813 411 961 476 Romano
985 411 1035 476 sis.
1082 409 1136 489 Et,
1164 413 1191 476 si
1217 434 1271 476 me
1299 413 1398 476 virum

354 503 494 566 ‘bonum
509 500 611 565 credis
625 521 702 576 esse,
718 497 827 584 quales
845 515 967 586 patrem
981 511 1195 586 patruumque
1212 521 1327 563 meum
1342 499 1398 562 iam

355 597 448 653 ‘ante
464 585 523 651 hae
538 598 649 673 gentes
664 598 787 662 norant,
803 585 881 650 scias
896 585 1011 650 multos
1025 584 1123 650 nostri
1139 585 1262 649 similes
1277 585 1315 649 in
1329 585 1399 648 civi·

355 683 440 740 ‘tate
462 673 608 738 Romana
628 694 715 748 esse3
738 694 799 736 nec
822 671 923 736 ullum
948 673 1096 736 interris
1121 671 1284 759 populum
1310 671 1398 736 hodic

356 771 367 801 ‘
376 763 440 826 dici
454 783 555 849 posse,
595 782 667 825 uem
685 759 790 822 minus
804 759 862 823 tibi
877 759 1000 823 hostem
1015 758 1141 845 tuisque
1157 781 1230 824 esse
1246 758 1338 835 velis,
1353 775 1400 821 aut

256 857 262 870 '
283 857 289 870 '
356 849 512 913 ‘amicum
529 784 637 911 mdiisss
675 844 880 922 Adolescens,
896 845 990 910 simul
1004 845 1126 931 pudore
1142 859 1178 910 et
1197 845 1325 932 gaudio
1338 868 1400 932 per·

355 936 452 1012 fusus,
471 935 616 998 dextram
641 931 796 1020 Scipionis
818 945 940 1008 teneus,
958 931 1034 996 deos
1057 954 1169 996 omnes
1191 933 1347 996 invocare
1367 931 1401 994 ad

356 1022 488 1110 gratiam
508 1019 554 1084 illi
576 1041 634 1119 pro
658 1041 691 1083 se
715 1017 923 1095 referendum,
942 1018 1093 1105 quoniam
1115 1019 1177 1084 sibi
1199 1040 1401 1105 nequaquam

357 1108 432 1174 satis
445 1106 610 1183 facultatis,
626 1127 684 1192 pro
703 1127 760 1169 suo
778 1103 883 1170 auimo
904 1117 1000 1191 utque
1018 1103 1102 1168 illius
1122 1127 1201 1192 erg-u
1225 1127 1262 1170 se
1285 1105 1415 1179 meritur

358 1207 448 1262 emet.
493 1192 645 1256 Parentes
665 1191 741 1256 iude
763 1191 952 1278 cognatique
967 1191 1098 1278 virginis
1115 1191 1286 1279 appellati.
1336 1191 1402 1266 Qut

359 1280 510 1369 quoniam
524 1279 620 1366 gratis
634 1277 694 1342 sibi
708 1277 895 1343 redderetur
905 1277 1003 1366 virgo,
1014 1277 1056 1342 ad
1070 1301 1168 1364 quam
1185 1278 1403 1344 redimendam

358 1367 434 1432 satis
451 1388 601 1453 magnum
615 1364 792 1429 attulissent
813 1365 881 1429 auri
902 1364 1036 1450 pondus,
1051 1387 1140 1429 orare
1159 1363 1362 1452 Scipionem,
1376 1385 1403 1428 ut

321 1489 327 1500 ·
358 1454 394 1518 id
409 1454 448 1518 ab
463 1475 495 1517 se
510 1452 630 1517 donum
648 1451 814 1538 acciperet,
831 1464 1021 1538 coepenrutz
1045 1450 1134 1516 haud
1157 1453 1326 1518 minorem
1347 1453 1403 1517 eius

359 1539 407 1604 rei
429 1538 513 1626 apud
535 1561 568 1603 se
589 1538 722 1625 gratiam
743 1537 881 1603 futuram
903 1559 980 1615 esse,
996 1537 1200 1615 affirmantes,
1217 1562 1323 1626 quam
1343 1538 1403 1602 red·

360 1625 445 1690 ditae
463 1623 630 1689 inviolatae
645 1625 728 1688 soret
740 1624 879 1712 virginis.
926 1622 1042 1712 Scipio,
1058 1624 1192 1711 quando
1207 1639 1307 1691 tauto
1321 1648 1402 1713 opere

361 1723 516 1799 peterent,
532 1724 737 1799 accepturum
756 1733 789 1776 se
810 1709 979 1798 pollicitus,
994 1710 1071 1799 poui
1088 1724 1165 1776 ante
1185 1712 1294 1798 pedes
1308 1713 1401 1776 iussin

361 1811 534 1885 vocatoque
550 1795 638 1863 adse
654 1797 792 1875 Allucio,
809 1795 934 1884 ‘Super
947 1796 1074 1875 dotem,'
1088 1797 1122 1861 in
1147 1797 1210 1876 uit,
1229 1807 1349 1886 ‘quam
1362 1821 1403 1862 ee

362 1894 532 1972 ‘capturus
553 1907 572 1948 a
592 1907 701 1950 socero
719 1907 762 1961 es,
777 1885 856 1949 haec
874 1883 932 1948 tibi
954 1907 973 1948 a
995 1907 1045 1949 me
1068 1821 1192 1949 dalbia
1213 1885 1309 1952 dona
1328 1908 1403 1950 soce·

362 1970 462 2036 ‘dent
471 1971 490 2035 :’
511 1993 686 2057 aurumque
703 1969 822 2048 tollere,
835 1993 871 2036 ac
886 1970 946 2036 sibi
960 1971 1076 2036 habere
1091 1971 1195 2036 iussit.
1235 1971 1304 2038 His
1318 1973 1401 2038 laetm

361 2058 454 2124 donis
479 2057 650 2123 honoribus
674 2079 714 2121 ue
738 2057 884 2122 dimissus
903 2057 1043 2135 domum,
1068 2057 1219 2157 implevit
1247 2060 1402 2148 populare·

361 2145 508 2211 laudibus
525 2080 835 2229 meritisbcipionis:
859 2143 1012 2209 ‘Venisse
1028 2143 1089 2209 diis
1105 2145 1316 2211 simillimum
1331 2148 1402 2211 iure·

363 2240 468 2309 ‘nem,
483 2232 664 2296 vincentem
685 2231 801 2307 omnia,
816 2253 916 2318 quum
938 2231 1041 2309 armis,
1057 2245 1126 2296 tum
1148 2232 1356 2320 benignitate
1374 2255 1401 2294 ac

364 2317 566 2382 ‘beneficiis’
610 2315 733 2403 Itaque,
761 2316 887 2382 delectu
912 2317 1076 2382 clientium
1102 2317 1228 2396 habito,
1260 2343 1337 2386 cum
1358 2319 1400 2384 dr·

362 2403 452 2469 lectis
467 2403 552 2468 mille
567 2417 600 2468 et
614 2401 853 2491 quadringentis
867 2404 1027 2492 equitibus
1044 2404 1129 2469 intra
1150 2427 1282 2491 paucos
1296 2404 1400 2472 diessd

366 2489 418 2556 Sci
441 2490 548 2554 ionem
562 2490 700 2555 revertit

255 2585 306 2645 51.
409 2513 515 2663 Scipio
537 2589 696 2641 retentum
718 2597 825 2641 secum
841 2576 997 2656 Laelium,
1012 2576 1091 2642 dum
1109 2579 1264 2664 captivos
1279 2578 1400 2646 obsides

209 2667 309 2716 Laeuus
318 2665 338 2715 it
364 2683 427 2749 que
449 2676 484 2726 et
504 2663 653 2749 praedam
673 2685 715 2727 ex
736 2662 866 2728 consilio
881 2663 949 2729 eius
964 2661 1154 2750 disponeret,
1172 2665 1256 2730 satis
1272 2667 1399 2732 omnibs
1429 2733 1430 2744 ἶ

209 2731 324 2781 Romam.
364 2748 554 2835 compositis,
564 2748 638 2813 data
648 2750 888 2837 quinquereme,
897 2750 1100 2838 captivisque,
1114 2749 1269 2838 Magone
1281 2769 1316 2818 et
1326 2752 1411 2839 quim
1429 2745 1430 2802 l

364 2833 469 2900 decim
491 2833 556 2900 fere
578 2836 784 2913 senatoribus,
801 2836 856 2923 qui
877 2836 971 2901 simul
992 2859 1066 2902 cum
1085 2859 1126 2901 eo
1146 2839 1239 2925 capti
1265 2837 1397 2906 erautin

365 2944 477 2990 navem
500 2921 663 3010 impositis,
681 2923 830 2987 nuntium
851 2923 1000 2988 victoriae
1022 2923 1158 2988 Romam
1183 2925 1302 2990 mittit.
1344 2925 1397 3010 Ire

364 3031 481 3160 paucos
498 3008 576 3086 dies,
592 3008 707 3096 quibus
729 3009 844 3074 morari
863 3008 1056 3098 Carthagine
1079 3023 1247 3090 statuerat,
1266 3034 1398 3078 exercerc

209 3108 316 3184 Exercet
388 3096 414 3161 is
430 3095 592 3161 navalibus
613 3095 874 3183 pedestribusque
889 3096 988 3184 copiis
1001 3097 1110 3161 absum
1151 3096 1186 3162 't
1234 3097 1348 3164 Primo
1359 3097 1398 3162 die-

209 3189 292 3250 cppus
303 3173 353 3223 ω·
364 3181 505 3270 legiones
517 3181 553 3246 in
567 3183 661 3248 armis
677 3193 826 3269 quattuor
845 3181 978 3247 millium
993 3183 1095 3270 spatio
1248 3201 1343 3250 runt:
1363 3207 1398 3246 se

211 3251 258 3300 ⁹¹⁰¹
365 3268 470 3333 cundo
485 3267 537 3333 die
553 3290 640 3334 arma
653 3291 761 3334 curare
782 3282 815 3333 et
836 3280 868 3334 te
905 3283 1046 3334 creante
1061 3270 1201 3336 tentoria
1214 3271 1329 3338 inunt:
1351 3287 1411 3335 ter-²

365 3354 410 3420 tio
424 3353 477 3419 die
491 3355 623 3420 rudibus
638 3355 721 3436 inter
738 3377 771 3420 se
786 3355 821 3418 in
835 3377 868 3420 m
911 3379 965 3420 um
980 3356 1080 3420 iustae
1098 3379 1227 3444 pugnae
1244 3379 1398 3424 mmm„
1429 3371 1430 3398 l

364 3453 450 3520 runt,
473 3441 718 3529 praepilatisque
744 3440 913 3507 missilibus
938 3441 1065 3508 iaculati
1089 3454 1184 3507 eunte
1217 3459 1337 3530 qum
1357 3442 1411 3507 dies

396 3649 575 3714 qllllrusrps
590 3664 616 3698 ss
631 3649 727 3708 merim]
748 3643 807 3695 Vox
822 3661 869 3696 ms·
937 3647 1057 3705 clarete]
1090 3647 1157 3695 laert
1177 3661 1211 3695 ex
1238 3647 1398 3698 sursum

364 3714 413 3762 vtro
427 3713 454 3761 iu
469 3712 583 3762 ommbru
593 3725 645 3762 use.
656 3709 784 3769 omittitur,
798 3716 825 3758 et
837 3711 869 3758 sb
902 3707 1009 3760 Gronov.
1020 3710 1129 3772 reposuit
1139 3710 1251 3760 Bekker.

365 3776 488 3826 Rhenano
500 3776 606 3838 primum
622 3775 648 3824 iu
664 3780 761 3824 textum
771 3779 870 3836 recepte
934 3775 1157 3839 3Pruspilats'squo
1166 3777 1317 3836 mustum]
1339 3775 1398 3834 ruy-

365 3845 410 3899 est,
427 3839 519 3902 quippe
536 3841 589 3889 sine
607 3853 638 3888 ea
658 3853 741 3888 sensus
759 3843 869 3888 constare
900 3836 963 3895 blus,
978 3851 1052 3900 quem
1066 3837 1115 3899 hic,
1125 3843 1154 3886 ut
1168 3840 1246 3888 modo
1264 3841 1399 3888 monuimus

365 3917 415 3951 non
426 3903 507 3964 posu't.
902 3901 974 3950 vertit
1004 3901 1097 3962 Livius
1123 3902 1199 3952 hebet
1229 3901 1397 3966 (epm-im

401 3979 411 4014 1
430 3967 572 4025 Quindecim
577 3969 636 4029 fers
645 3968 809 4027 mutuatus]
828 3966 869 4016 In·
891 3963 1397 4030 ·7ptcaoc‚iuest,uu=i1ibm,qunun

365 4030 418 4080 telll
434 4045 449 4078 e
464 4045 496 4078 ex
512 4029 557 4078 Pol
574 4030 614 4078 bio
630 4037 752 4080 senatores
767 4045 870 4094 magnae
901 4031 979 4078 sunus
994 4029 1077 4092 alique
1095 4046 1110 4079 e
1128 4031 1194 4096 ligno
1214 4032 1256 4080 vel
1277 4033 1342 4080 con'o
1358 4031 1397 4092 piu

366 4096 388 4145 C
473 4093 527 4143 inis
580 4095 687 4143 abetille
695 4095 869 4156 septendecim,
902 4095 1011 4155 praefixa
1026 4101 1087 4153 erat,
1103 4109 1135 4144 ne
1153 4103 1296 4160 prmgersnt
1312 4112 1341 4145 ac
1357 4096 1395 4140 ret

366 4158 549 4221 quorumdum
569 4158 604 4205 sit
622 4157 696 4206 luisse
716 4174 731 4206 e
751 4159 870 4206 sanctiore
902 4163 1028 4208 necarent:
1047 4160 1208 4221 reLqumum
1219 4161 1395 4209 muusntsts·
1429 4219 1430 4222 Ἴ

366 4221 467 4272 consilio
487 4221 617 4280 seniorum,
634 4221 661 4268 lx
677 4223 721 4278 τῆς
739 4219 870 4283 γερουσίας,
902 4223 1047 4272 mtundatus
1064 4224 1149 4272 fuant
1183 4223 1224 4273 Ut
1241 4231 1272 4272 ut
1292 4227 1332 4282 sit,
1348 4225 1395 4270 brt
1429 4223 1430 4226 ’

366 4285 504 4346 quindecim
521 4299 535 4332 e
551 4283 651 4332 consilio
665 4284 773 4345 publico,
784 4285 811 4332 lx
826 4287 870 4342 τῆς
902 4301 976 4334 noxe
984 4287 1164 4351 pllaorlginem
1174 4287 1254 4338 (lucil.
1273 4289 1352 4340 Cm.

367 4346 511 4410 συγκλήτου.
522 4347 603 4397 Gerr.
625 4347 736 4396 etune.
744 4348 798 4397 Pol.
805 4347 830 4397 ii.
838 4349 861 4398 8.
