2878 4772
347 213 444 281 LIB.
468 213 615 282 XXVII.
648 215 760 284 CAP.
784 224 836 286 25.
1055 220 1116 286 371

40 369 134 434 sque
149 369 261 414 omnes
282 350 367 416 intra
385 351 513 417 moenia
526 352 782 420 continerentur:
806 377 856 420 res
870 353 996 442 integra
1009 366 1162 440 posteatt.
1174 367 1208 418 c:
1221 365 1291 446 ra,

67 434 248 513 referretur,
281 459 359 501 uum
374 437 575 525 tranquillior
588 451 686 505 status
700 439 813 507 Italiae
828 453 918 506 esset.
958 439 1002 505 Et
1015 433 1156 504 ἀεΜᾸ·
1173 433 1203 482 ⁰·
1221 433 1275 480 ²⁰⁸*

68 520 174 598 Livio,
190 460 349 609 praelecto
372 524 453 588 amis
473 523 675 603 Tarentinae,
695 526 783 592 haud
803 527 926 592 minore
944 525 1116 592 certamine
1126 496 1245 608 wlf,

68 620 177 671 actum
189 621 246 686 est,
256 607 325 672 aliis
335 610 607 676 senatusconsulto
617 613 801 678 notantibus
813 613 1018 701 praefectum,
1029 611 1116 698 quod
1125 621 1226 672 Tarenti

67 693 138 757 eius
152 694 297 759 socordia
310 695 486 761 Tarentum
501 696 662 782 proditum
677 697 760 764 hosti
775 713 874 775 esset:
893 698 963 763 aliia
976 698 1117 785 praemia
1125 687 1255 749 praefecto.

67 778 325 859 decernentibus,
341 782 429 868 quod
448 805 507 870 per
520 783 777 870 quinquennium
799 807 902 849 arcem
926 796 1046 849 tutatus
1067 805 1117 848 es·

67 878 127 941 set,
140 867 341 954 maximeque
357 868 452 933 unius
465 868 535 934 eius
546 891 642 956 opera
656 883 819 957 receptum
831 870 1009 935 Tarentum
1018 870 1114 945 foret:

39 931 184 1059 ffmediis
203 951 246 1016 ad
264 976 419 1031 censores,
435 976 500 1018 non
522 955 563 1019 ad
585 969 740 1033 senatum,
756 956 919 1021 notionem
936 955 976 1020 de
992 978 1030 1020 eo
1045 977 1117 1041 per·

68 1038 172 1103 tinere
187 1038 383 1104 dicentibus:
407 1040 498 1105 cuius
519 1043 695 1106 sententiae
717 1054 750 1106 et
769 1041 885 1108 Fabius
899 1042 968 1106 fuir.
1015 1041 1116 1105 Adie-

67 1122 114 1188 cit
129 1137 245 1202 tamen,
262 1126 371 1191 ‘fateri
386 1148 430 1204 se,
446 1149 543 1214 opera
556 1126 642 1191 Livii
654 1128 828 1193 Tarentum
845 1139 1018 1215 receptum,
1028 1126 1116 1213 quod

68 1210 183 1274 ‘amici
205 1212 274 1276 eius
287 1213 383 1300 vulgo
404 1212 437 1277 in
461 1226 572 1278 senatu
594 1214 781 1291 iactassent3
805 1213 1013 1302 nequeenim
1036 1212 1116 1278 reci·

38 1295 247 1382 a‘piundum
261 1298 365 1376 sanese,
381 1299 442 1362 nisi
457 1299 604 1363 amissum
620 1300 721 1365 foret'

115 1380 293 1448 Consulum
316 1383 395 1450 alter
416 1385 455 1450 Τ.
478 1384 650 1460 Quinctius
673 1385 842 1474 Crispinus
865 1387 906 1451 ad
928 1384 1114 1461 exercitum,

91 1490 166 1532 uem
190 1469 231 1544 Q,
245 1469 374 1536 Fulvius
395 1469 527 1536 Flaccus
547 1470 711 1550 habuerat,
734 1495 807 1537 cum
834 1471 1055 1560 supplemento
1080 1469 1116 1534 iu

67 1491 218 1619 lucanos
238 1569 287 1620 est
308 1557 475 1643 profectus.
521 1554 711 1623 Marcellum
734 1559 814 1623 aliae
838 1571 933 1645 atque
957 1557 1037 1622 aliae
1060 1556 1116 1620 ob·

66 1640 170 1705 iectae
190 1641 296 1706 animo
311 1641 479 1730 religiones
498 1645 659 1709 tenebant.
705 1643 745 1708 In
760 1645 886 1731 quibus,
924 1643 999 1719 uod,
1015 1663 1114 1728 quum
1124 1655 1206 1731 Aeaee
1216 1657 1270 1706 Hc

39 1723 153 1803 9bello
176 1725 300 1791 Gallico
320 1727 361 1791 ad
381 1728 570 1794 Clastidium
590 1731 703 1796 aedem
724 1729 849 1794 Honori
870 1741 904 1794 et
953 1729 1042 1792 irtuti
1060 1726 1226 1794 vo-¹¹‘'.¹¹⁸⁰‚t

66 1812 173 1888 visset,
198 1812 356 1878 dedicatio
381 1814 450 1878 eius
474 1836 495 1878 a
519 1816 722 1902 pontificibus
747 1815 791 1879 im
835 1815 1000 1880 diebatur:
1028 1814 1116 1900 quod
1125 1784 1240 1833 vm*

67 1899 238 1985 negabant,
254 1921 351 1963 unam
370 1899 482 1964 cellam
500 1899 624 1966 duobus
645 1901 771 1967 rected
815 1901 907 1966 icarI:
931 1900 1017 1986 quia,
1033 1900 1058 1962 si
1074 1899 1115 1964 de

67 1983 159 2048 coelo
173 1996 266 2062 tacta,
282 1998 337 2049 aut
350 1985 488 2072 prodigii
503 1985 624 2086 aliquid
639 1987 671 2051 in
688 2009 726 2051 ea
739 1987 858 2051 factum
873 1999 965 2062 esset,
981 1984 1117 2048 difficilis

66 2071 248 2157 procuratio
262 2070 359 2136 foret:
386 2071 484 2158 quod,
499 2083 563 2135 utrr
576 2071 638 2137 deo
652 2095 703 2136 res
717 2071 826 2136 divina
840 2073 941 2147 fieret,
956 2070 1029 2134 sciri
1051 2092 1116 2134 non

42 2181 55 2216 1
161 2168 183 2220 t.
236 2155 354 2243 Neque
380 2157 466 2221 enim
492 2156 626 2235 duobus,
652 2158 714 2223 nisi
739 2157 843 2234 certis,
869 2156 937 2220 deis
966 2156 1026 2220 rite
1053 2178 1118 2220 una

92 2243 172 2306 ostia
189 2241 266 2307 fleri:
312 2240 364 2307 Ita
382 2242 491 2307 addita
505 2241 643 2308 Virtutis
662 2243 758 2308 aedes
777 2257 984 2330 approperato
999 2263 1115 2328 opere:

67 2349 175 2415 neque
193 2342 299 2393 tamen
322 2329 362 2393 ab
381 2328 452 2416 ipso
467 2328 561 2394 aedes
575 2352 632 2394 eae
647 2329 811 2394 dedicatae
829 2341 912 2392 sunt.
958 2327 1044 2392 Tum
1060 2326 1117 2392 de·

68 2437 158 2479 mum
172 2414 214 2478 ad
229 2415 414 2492 exercitum,
429 2437 526 2502 quem
540 2416 645 2516 priore
660 2437 745 2480 anno
759 2413 920 2480 Venusiae
935 2413 1116 2500 reliquerat,

67 2522 144 2566 cum
158 2499 380 2589 supplemento
394 2501 611 2588 proficiscitur.

113 2585 233 2652 Locroe
258 2586 293 2650 in
319 2585 454 2652 Bruttiis
477 2585 532 2652 C'
572 2589 645 2654 inus
668 2612 689 2655 o
710 2609 853 2676 pugnare
876 2599 1018 2663 conatus,
1041 2585 1119 2672 quia

67 2695 218 2761 magnam
240 2673 356 2738 famam
382 2672 522 2738 attulisse
569 2675 641 2741 abio
692 2685 838 2740 arentum
861 2675 999 2750 rebatur,
1022 2693 1117 2737 omne

66 2782 170 2847 genus
185 2771 414 2826 tormentorum
436 2759 718 2848 machinarumque
733 2783 775 2826 ex
791 2759 899 2826 Sicilia
913 2757 1115 2824 arcessierat:

67 2859 104 2912 et
122 2868 218 2910 naves
239 2844 382 2909 indidem
405 2845 523 2911 accitae
546 2859 646 2925 erant,
662 2870 744 2934 quae
760 2859 943 2934 vergentem
966 2844 1008 2909 ad
1030 2865 1117 2908 mare

67 2944 192 3083 partem
208 2931 294 2996 urbis
309 2947 539 3019 oppugnarent
576 2932 625 2997 Ea
640 2933 754 2997 omissa
764 2932 960 3018 oppugnatio
974 2943 1032 3006 eat,
1064 2929 1119 2992 uia

102 3019 240 3082 acinium
259 3016 423 3082 Hannibal
441 3017 624 3084 admoverat
642 3019 766 3104 copias:
791 3029 823 3080 et
843 3015 998 3101 collegam
1017 2952 1119 3078 edux-

68 3105 131 3169 isse
150 3105 214 3167 iam
236 3104 276 3168 ab
291 3103 436 3168 Venusia
448 3102 626 3168 exercitum
640 3102 725 3167 fama
738 3115 814 3178 erat,
829 3101 882 3166 cui
897 3100 1049 3186 coniungi
1063 3121 1120 3162 vo·

68 3191 164 3254 lebat.
215 3188 233 3254 I
288 3213 328 3255 ue
355 3189 389 3252 in
409 3186 562 3275 Apuliam
585 3210 627 3253 ex
650 3187 785 3252 Bruttiis
807 3185 956 3262 reditum,
980 3197 1013 3249 et
1036 3185 1120 3249 inter

69 3275 247 3341 Venusiam
292 3275 487 3361 antiamque,
503 3273 608 3338 minus
626 3273 723 3338 trium
740 3271 874 3336 millium
897 3293 1046 3358 passuum
1069 3271 1119 3333 in·

70 3361 212 3440 tervallo,
228 3360 373 3426 consules
386 3360 470 3425 binis
484 3359 593 3426 castris
607 3357 826 3423 consederant.
864 3356 904 3422 In
919 3356 1055 3422 eandem
1070 3377 1120 3420 rc-

69 3447 200 3535 gionem
225 3459 259 3512 et
284 3445 448 3512 Hannibal
473 3444 578 3522 rediit,
601 3465 710 3510 averso
733 3444 773 3509 ab
796 3443 907 3510 Locris
933 3441 1024 3508 bello.
1070 3439 1119 3506 Ibi

110 3653 124 3704 5
141 3643 190 3692 Res
210 3642 307 3704 intem
325 3647 410 3704 pareo
430 3641 579 3703 referretur]
648 3653 665 3704 9
684 3640 754 3690 Bello
781 3639 875 3688 Galliac
903 3639 937 3685 ud
962 3635 1119 3694 Clastidium]

71 3707 126 3758 Res
136 3711 221 3768 postea
228 3707 260 3755 de
269 3705 364 3768 integro
373 3705 535 3768 expendenda
545 3719 581 3754 ee
615 3703 701 3761 Quum
711 3719 793 3766 pugna
799 3700 913 3776 equestri,
919 3699 1050 3749 Gallorum
1058 3699 1122 3748 duce

70 3769 145 3820 natlls
156 3769 324 3820 dalssrerationi
335 3769 501 3819 subiiceretur.
615 3767 761 3817 Virdomaro
772 3763 946 3828 oceno‚spolia
956 3762 1040 3838 opima
1048 3761 1121 3824 cepit.

104 3831 121 3883 6
137 3834 241 3893 Mediis]
266 3833 354 3896 linqui
368 3833 473 3882 mediam
486 3837 581 3882 senten·
614 3832 645 3882 cs.
658 3847 724 3894 supr.
736 3829 805 3894 Epit.
816 3845 858 3878 xx.
875 3828 963 3890 Polyb.
974 3828 999 3876 ri.
1012 3841 1051 3889 34.

70 3897 123 3947 tiae
133 3897 198 3946 viam
209 3899 381 3959 sequebantur.
650 3909 659 3944 r
677 3896 736 3944 Mei
752 3895 837 3954 mdo]
862 3891 968 3942 Crevier.
980 3891 1122 3953 interpreta-

108 3973 121 4023 7
136 3963 279 4022 Notionem]
304 3960 391 4018 Quum
407 3975 504 4010 narare
519 3959 582 4022 pari-
615 3959 720 4018 tur,nisi
736 3964 803 4008 carto
818 3961 940 4006 mactaret
956 3953 1052 4017 utrique
1068 3969 1122 4005 eam

71 4031 111 4074 ter
126 4031 201 4087 atlas
211 4033 297 4075 notare
307 4039 435 4074 cersonam
446 4029 582 4083 moen·
615 4022 713 4072 deberi:
740 4021 793 4071 fleri
814 4027 897 4070 tamen
920 4025 1010 4082 potest,
1028 4024 1057 4066 ut
1074 4031 1124 4066 vox

70 4091 139 4138 eoric
155 4091 220 4140 notio
237 4087 326 4150 passim
337 4104 379 4151 ap.
390 4086 534 4137 Ciceronem
546 4087 582 4134 iu·
614 4087 687 4136 certia
697 4085 765 4135 Deos
773 4086 890 4148 quosdam
901 4080 1124 4152 significet,quibur

72 4151 165 4201 dicium
177 4153 314 4202 cenwrium
325 4151 454 4215 significat.
615 4150 647 4197 de
658 4163 726 4197 more
740 4165 791 4198 una
806 4149 942 4210 eademque
957 4145 1037 4194 boetia
1052 4157 1124 4192 arcn-

106 4217 123 4264 8
138 4217 196 4265 Nr'ei
206 4217 408 4277 endwrmsoret]
429 4215 501 4264 Idem
512 4211 583 4262 Fabii
616 4211 742 4261 ficabatur.
774 4213 891 4262 Ceterum
969 4219 1053 4284 rocem
1063 4206 1124 4265 fiere·

73 4278 168 4328 dictum
186 4279 306 4330 invenem
321 4277 425 4341 spoia
440 4277 472 4327 de
486 4277 583 4328 Senect.
615 4289 667 4324 rem
687 4275 794 4324 divinam
815 4273 917 4323 rubau'
972 4275 1008 4318 rte
1026 4273 1054 4315 ut
1072 4283 1125 4314 unu

76 4361 100 4404 4.
616 4339 695 4387 batia
706 4351 764 4387 casu
774 4343 844 4387 sexto
855 4334 969 4459 stregai?
