2866 4770
334 226 398 288 514
681 165 687 176 ⁹
725 220 839 288 surr
865 219 1003 287 mvn

179 367 213 418 U.
225 369 255 420 c.
272 381 326 434 549·
337 366 347 396 ‘
358 355 492 421 modicis
502 354 668 422 itineribus
677 357 790 443 posse)
834 355 1040 422 Assentiente
1053 353 1179 432 Laelio,
1191 373 1382 443 praegressis
1429 337 1430 376 ἲ

178 435 209 484 Α·
226 435 257 484 G·
273 449 328 499 ²⁰3·
340 442 473 519 Cirtam,
489 443 613 507 evocari
628 442 668 506 ad
683 441 879 544 colloquium
897 442 1058 530 principes
1074 441 1281 507 Cirtensium
1296 442 1380 505 iubet

339 529 405 594 Sed
419 529 505 616 apud
519 529 645 616 ignaros
664 551 748 616 regis
766 551 866 606 casus,
882 551 988 615 neque
1003 551 1086 615 quae
1102 543 1177 593 acta
1191 541 1302 593 essent
1321 550 1382 614 pro-

337 615 465 693 mendo,
487 637 547 680 nec
569 615 673 693 minis,
695 637 756 680 nec
781 615 955 691 suadendo,
977 629 1052 680 ante
1073 614 1188 692 valuit,
1214 635 1313 702 quam
1335 635 1381 677 rer

336 702 462 766 vinctus
487 701 749 788 inconspectum
774 701 868 766 datus
893 714 949 766 est.
995 700 1083 766 Tum
1107 701 1151 765 ad
1174 699 1381 788 spectaculum

337 801 404 852 tam
426 787 557 852 foedum
581 787 786 888 comploratio
808 802 896 853 orta:
927 800 960 853 et
981 788 1098 874 partim
1121 810 1248 874 pavore
1272 785 1381 850 moenia

338 886 414 938 sunt
433 873 566 952 deserta,
581 887 697 961 partim
717 874 885 960 repentino
904 895 1060 938 consensu
1078 874 1221 960 gratiam
1241 872 1327 961 apral
1343 873 1380 934 ri-

338 975 459 1026 ctorem
468 960 689 1047 quaerentium
700 960 875 1047 patefactae
887 973 1004 1047 portae.
1052 959 1096 1024 Et
1108 959 1382 1046 Masntmpae
1429 999 1430 1042 ss

338 1045 420 1112 sidio
440 1048 523 1112 circa
542 1059 647 1134 portas
666 1058 909 1147 opportunaque
931 1046 1092 1112 moenium
1114 1045 1267 1122 dimimo,
1281 1069 1321 1110 ne
1340 1045 1381 1108 cni
1429 1055 1430 1080 ³

338 1133 432 1221 fugae
454 1146 578 1221 pateret
599 1133 714 1234 exitus,
735 1132 777 1197 ad
798 1155 916 1234 regiam
939 1131 1160 1233 occupandam
1185 1131 1289 1231 citato
1310 1130 1381 1195 vadit
1429 1127 1430 1152 ¹

339 1217 1383 1394 s,„1¹²111,i1121‘⁸⁰ut⁰¹>¹¹⁰¹n

182 1385 298 1459 mnar-
340 1393 447 1458 medio
476 1393 600 1480 agmine
636 1407 828 1457 armatorum
858 1391 1059 1456 Masinissam
1086 1391 1268 1476 insignem,
1298 1411 1384 1477 quun
1429 1410 1430 1428 ¹

180 1463 326 1575 iiiiiii'u1>
341 1480 444 1556 armis,
456 1494 524 1545 turn
540 1493 646 1544 cetero
661 1478 781 1556 babitu,
793 1478 1017 1565 conspexisset,
1028 1499 1139 1564 regem
1154 1499 1228 1542 eme
1244 1477 1297 1562 (id
1311 1474 1384 1563 quod

341 1579 409 1631 erat
455 1580 531 1643 rata,
560 1566 696 1652 genibus
725 1564 874 1630 advoluta
903 1564 987 1628 eius:
1020 1563 1164 1628 ‘Omnia
1194 1564 1332 1712 quidem
1356 1576 1398 1634 rna

342 1675 476 1816 ‘uu
490 1651 914 1827 epicurusne
927 1650 1384 1822 unsarana

342 1825 539 1914 ‘supplicem
560 1826 686 1891 mittere
709 1825 794 1905 licet,
817 1825 844 1889 si
864 1847 979 1912 genua,
1001 1823 1028 1888 si
1045 1823 1214 1888 victricem
1240 1823 1384 1909 attingere

343 1913 516 1990 ‘dextranu
532 1935 644 2000 precor
658 1935 839 2000 quaesoque
853 1935 912 2012 per
925 1911 1120 1976 maiestatem
1196 1911 1275 1988 am,
1288 1911 1385 1995 inqua

344 1999 469 2087 ‘paullo
490 2013 563 2064 ante
586 2021 644 2064 nos
666 2022 794 2086 qnoque
818 2000 946 2076 liumus,
967 2019 1026 2084 per
1046 1997 1151 2084 gentis
1214 1997 1384 2061 umidarum

344 2094 493 2163 ‘nomen,
505 2086 593 2172 quod
607 2086 665 2151 tibi
676 2107 750 2150 cum
768 2085 912 2186 Syphace
924 2106 1091 2150 commune
1102 2083 1176 2160 firit,
1189 2106 1253 2170 per
1267 2084 1384 2147 haim

344 2173 468 2260 ‘regiae
488 2173 574 2250 deos,
595 2173 652 2258 qui
672 2186 704 2236 te
724 2171 907 2238 mehoribus
926 2171 1086 2237 ominibus
1104 2169 1282 2256 accipiant,
1303 2189 1386 2256 quam

344 2259 546 2348 ‘Syphacem
572 2259 647 2323 hinc
670 2259 832 2336 miserunt,
855 2258 938 2322 banc
959 2257 1085 2321 veniam
1106 2256 1251 2344 supplici
1274 2256 1338 2332 des,
1358 2267 1386 2318 ut

345 2345 442 2433 ‘ipsa
458 2345 673 2432 quodcunque
693 2345 756 2410 fert
776 2345 910 2422 animus,
930 2343 971 2408 de
991 2343 1116 2430 captiva
1135 2355 1272 2420 statuas,
1293 2362 1387 2428 neque

345 2440 416 2496 ‘me
432 2433 466 2496 in
480 2433 667 2518 cuiusquam
683 2430 824 2496 Romani
840 2431 1011 2518 superbum
1026 2451 1063 2494 ac
1080 2428 1215 2494 crudele
1231 2430 1386 2496 arbitrum

345 2520 472 2583 ‘venire
481 2518 572 2582 sinas.
621 2516 656 2583 Si
669 2517 751 2581 nihil
762 2516 858 2595 aliud,
870 2537 966 2603 quam
983 2513 1138 2603 Syphacis
1148 2539 1247 2594 uxor,
1258 2516 1386 2587 fussent

346 2613 472 2669 ‘tamen
494 2603 668 2682 Numidae,
690 2617 785 2690 atque
808 2604 842 2667 in
865 2603 977 2668 eadem
999 2623 1124 2667 mecum
1147 2601 1269 2668 Africa
1289 2601 1387 2690 geniti,

345 2699 356 2728 ⁴
390 2713 464 2754 uam
498 2690 694 2778 alienigenae
724 2705 758 2754 et
791 2689 925 2766 externi,
955 2687 1052 2754 fidem
1085 2689 1230 2775 experiri
1262 2689 1386 2754 manea

225 2811 228 2818 ⁴
346 2713 458 2851 ‘huid
474 2774 733 2863 Carthaginiensi
751 2777 791 2842 ab
810 2776 967 2851 Romano,
983 2773 1063 2861 quid
1081 2774 1168 2839 filiae
1186 2774 1388 2842 Hasdmhrt's

347 2861 544 2928 ‘timendum
562 2863 612 2941 sit,
628 2862 725 2927 vides
773 2861 808 2928 si
822 2861 910 2926 nulla
931 2861 993 2926 alia
1006 2882 1040 2925 re
1053 2873 1155 2947 potes,
1172 2877 1284 2929 morte
1300 2886 1348 2928 me
1360 2873 1387 2924 ut

347 2949 508 3015 ‘vindices
519 2950 559 3014 ab
572 2949 791 3020 Romanorum
802 2948 940 3025 arbitrio,
951 2969 1005 3012 oro
1017 2948 1251 3036 obtestorque’
1289 2949 1388 3014 Foras

346 3049 413 3102 erat
435 3035 567 3123 insignis
590 3047 623 3100 et
644 3035 868 3100 florentissima
888 3049 983 3099 aetas.
1028 3032 1141 3120 Itaque
1162 3057 1273 3122 quum
1296 3034 1387 3108 modo,

344 3122 491 3187 dextram
520 3120 724 3208 amplectens,
748 3121 784 3184 in
806 3120 850 3198 id,
876 3144 918 3185 ne
948 3119 1001 3186 cui
1030 3119 1180 3186 Romano
1207 3123 1387 3194 traderetur,

345 3208 444 3273 fidem
463 3219 657 3295 exposceret,
672 3208 802 3308 propius
824 3229 866 3272 ue
885 3205 1053 3272 blanditias
1072 3207 1174 3272 oratio
1190 3223 1292 3287 esset,
1306 3229 1389 3308 qma

346 3317 474 3382 preces3
497 3315 563 3358 nou
583 3294 618 3358 in
637 3315 783 3359 miserico
822 3293 885 3357 iam
904 3293 1001 3358 modo
1017 3293 1184 3381 prolapsus
1204 3311 1258 3361 est
1279 3313 1391 3360 animm

346 3381 485 3458 victoris,
505 3380 563 3444 sed
579 3379 633 3465 (ut
651 3393 700 3444 est
713 3402 814 3468 genus
834 3379 1049 3444 Numidarum
1068 3379 1101 3443 in
1118 3378 1291 3447 Venerem
1312 3402 1391 3468 prar-

346 3466 436 3554 ceps)
450 3487 556 3531 amore
571 3466 714 3552 captivae
730 3466 830 3530 victor
843 3478 963 3554 captus,
979 3464 1054 3530 data
1068 3464 1184 3530 dextra
1199 3468 1236 3531 in
1252 3469 1300 3546 id,
1317 3464 1407 3554 quod'

346 3553 522 3642 petebatur,
548 3551 736 3638 obligandae
761 3551 847 3629 fidei,
870 3552 905 3615 in
985 3551 1046 3615 iarn
1070 3553 1231 3618 concedit.
1282 3553 1394 3619 Institit

346 3638 464 3705 deiude
478 3650 624 3728 reputare
639 3659 746 3703 secum
761 3637 840 3725 ipse,
852 3658 948 3724 quem
1023 3635 1120 3702 odum
1134 3641 1291 3724 promiaei
1307 3639 1394 3704 fidem

346 3737 526 3814 praestaret.
574 3723 674 3800 Quod
686 3745 788 3811 quum
802 3723 953 3811 expedire
965 3745 1030 3790 non
1039 3737 1154 3811 posset,
1170 3725 1215 3791 ab
1229 3747 1343 3793 amore
1357 3741 1395 3789 rr·

381 3929 395 3979 5
416 3920 449 3967 Ut
459 3933 541 3980 posses
552 3921 580 3968 ta
590 3919 670 3978 nobb]
687 3919 721 3966 Ia
730 3933 775 3967 sor
785 3932 854 3979 repo
887 3918 1010 3980 quondam
1025 3919 1173 3980 desponnrn
1184 3919 1272 3970 finan.
1310 3918 1396 3970 nme

347 3981 457 4040 nendum
471 3983 558 4030 suadet
568 3982 675 4033 crevier.
686 3981 729 4030 sed
740 3981 855 4044 exempla
886 3979 929 4030 illa
944 3981 1042 4044 quidem
1057 3981 1123 4032 circa
1138 3987 1243 4046 tempus
1257 3985 1396 4048 naptham

347 4045 421 4108 plura
442 4045 504 4093 sexti
523 4044 593 4095 caslls
613 4045 725 4096 similiter
745 4044 855 4110 usurpati
887 4045 1056 4108 Sophonisbae
1072 4061 1130 4095 cunr
1147 4046 1288 4110 Syphace:
1308 4049 1353 4098 sed
1368 4061 1397 4094 oe

348 4109 415 4170 apud
424 4107 524 4180 Livium
535 4114 640 4158 exstant.
657 4110 689 4157 ct.
700 4107 808 4172 supaiii.
818 4121 854 4171 17.
887 4114 941 4158 tera
953 4125 1011 4159 vera
1023 4125 1076 4158 esse
1089 4109 1152 4158 nibil
1163 4117 1243 4162 seht.
1281 4113 1317 4162 Id
1332 4111 1392 4160 stad

349 4187 372 4220 v.
381 4170 423 4281 36.
440 4171 523 4220 xxviii.
536 4186 575 4233 43.
886 4174 1008 4232 mittamr,
1020 4174 1101 4222 minus
1116 4173 1208 4223 mirum
1225 4175 1278 4224 erit
1296 4176 1397 4224 noerius

413 4237 502 4282 Amore
523 4237 635 4307 captivas
656 4237 734 4284 uictor
752 4235 852 4298 ceptris]
886 4237 988 4286 fortasse
1008 4238 1083 4299 plane
1101 4237 1252 4287 usuam
1276 4241 1307 4290 in
1327 4239 1399 4288 enine

350 4296 406 4343 Iam
430 4298 610 4345 observavimus
633 4313 665 4346 ax
686 4299 709 4346 A
729 4299 803 4362 piano
822 4302 855 4350 ad
887 4300 1033 4350 Masinissae
1048 4301 1174 4350 flammam
1190 4302 1217 4351 in
1232 4310 1339 4353 rausa
1350 4303 1399 4350 rte

350 4357 434 4410 xxviii,
457 4357 492 4410 16.
513 4359 692 4421 Sophonisbam
709 4314 855 4412 hunum
887 4363 968 4414 subito
978 4365 1142 4416 summalae.
1158 4365 1244 4416 nm.
