2888 4768
341 221 405 286 ast
723 213 838 282 ΤΙΤΙ
868 213 1005 285 LIVII

188 366 223 419 U.
234 367 264 420 c.
280 353 431 432 rancenti
455 375 603 442 superare
628 375 703 420 eum
726 352 914 442 Pachynum
941 353 1158 441 prohibebant.
1203 349 1393 416 Bonam

187 434 218 484 d
235 433 265 484 ⁰·
281 441 507 519 ²¹²·adventua
533 441 616 508 ffima
644 441 756 527 primo,
786 440 862 506 dein
890 455 1016 528 praeter
1043 461 1132 527 spem
1161 461 1262 515 mora,
1291 459 1393 538 quum

344 527 495 617 gaudium
525 540 558 592 et
590 542 711 594 metum
743 527 779 592 in
807 528 909 592 vicem
940 526 1092 592 Romanis
1123 524 1394 614 Syracusanisque

344 615 558 704 praebuisset3
590 614 750 703 Epicydes
776 628 931 691 metuens,
957 637 1008 692 ne,
1035 616 1061 678 si
1128 625 1258 699 merent
1284 611 1412 686 iidem:

345 702 402 852 qui
422 715 489 766 tum
511 701 671 778 tenebant,
686 701 726 766 ab
741 714 813 766 ortu
830 699 904 766 solis
918 702 993 766 flare
1013 723 1070 801 per
1107 700 1152 764 ies
1171 698 1283 786 plures
1298 698 1395 774 venti,

345 812 363 854 c
376 789 451 854 assis
465 788 588 852 Punica
604 787 744 852 Africam
759 801 925 874 repeteret,
942 787 1056 855 osdra
1069 784 1257 852 Achradina
1275 807 1396 850 merce-

346 876 505 942 nariorum
521 874 658 940 militum
673 874 816 951 ducibus,
833 874 874 940 ad
890 873 1098 938 Bomilcarem
1116 872 1255 958 navigat.
1306 871 1414 936 Clas-s

346 985 414 1028 sem
426 963 458 1026 in
470 961 603 1026 statione
615 984 705 1026 versa
718 961 751 1025 in
765 961 907 1026 Africam
922 961 1100 1036 habentem,
1112 973 1209 1046 atque
1227 959 1397 1026 timentem

347 1048 456 1114 navale
477 1047 642 1135 proelium,
658 1071 724 1112 non
743 1061 808 1114 tam
822 1047 909 1134 quod
929 1048 1032 1135 impar
1045 1046 1162 1112 viribus
1182 1057 1242 1110 aut
1263 1069 1397 1112 numero

347 1136 475 1212 nauium
499 1148 589 1212 esset,
610 1135 744 1222 (quippe
769 1135 864 1200 etiam
888 1134 993 1222 plures
1015 1132 1165 1218 habehat)
1185 1155 1287 1220 quam
1312 1132 1397 1219 qood

347 1223 433 1288 venti
453 1223 589 1308 aptiores
605 1221 779 1299 Romanae,
790 1243 891 1372 quam
911 1243 995 1298 suae,
1011 1220 1098 1286 classi
1116 1220 1241 1297 flarent,
1258 1219 1399 1370 perpulit

348 1309 487 1386 tandem,
504 1321 540 1372 ut
554 1309 712 1374 fortunam
728 1331 789 1372 nav
820 1308 846 1372 is
861 1309 1040 1374 certaminis
1053 1307 1190 1394 experiri
1205 1305 1319 1372 velet.
1360 1305 1398 1370 Et

349 1394 530 1473 Marcellus,
547 1417 646 1482 quum
661 1409 695 1460 et
711 1393 853 1460 Siculum
868 1395 1043 1460 exercitum
1060 1417 1101 1458 ex
1119 1407 1187 1458 tota
1200 1392 1312 1458 insula
1327 1417 1400 1458 con·

348 1483 405 1548 ciri
424 1481 555 1560 videret,
580 1495 709 1547 etcum
734 1482 857 1569 ingenti
881 1495 1057 1547 commeatu
1083 1480 1214 1546 classem
1240 1479 1400 1546 Punicam

348 1568 584 1646 adventuram
607 1568 701 1634 simul
724 1581 806 1634 tenu
829 1569 970 1655 marique
994 1567 1132 1634 inclusus
1153 1565 1234 1632 urbe
1258 1567 1399 1632 hostium

1441 6 1443 84 l

1439 99 1443 286 l

349 1668 521 1755 urperetur,
534 1677 716 1742 quanquam
731 1655 834 1742 impar
848 1677 979 1720 numero
994 1655 1122 1720 navium
1136 1653 1401 1742 erat,prohihc1e
1442 1719 1443 1740 ,

349 1741 438 1808 aditu
465 1739 688 1842 Syracusarum
711 1741 921 1806 Bomilcarem
946 1741 1118 1806 constituit.
1164 1739 1264 1804 Duae
1289 1740 1402 1804 classes
1442 1741 1443 1764 ¹

349 1827 480 1893 infestae
498 1851 581 1894 circa
598 1829 847 1915 promontorium
862 1827 1050 1916 Pachynum
1069 1828 1203 1904 stabant,
1219 1827 1281 1892 ubi
1299 1827 1402 1914 prima

349 1914 559 2002 tranquillitas
574 1915 667 1980 maris
682 1915 716 1978 in
731 1915 828 1980 altum
841 1916 1004 1991 erexisset,
1016 1936 1236 1980 concursurae.
1276 1913 1417 2001 hequen

349 2001 482 2068 cadente
508 2003 570 2066 iam
599 2001 695 2080 Euro,
718 2003 775 2088 qui
800 2024 857 2090 per
882 2001 951 2066 dies
976 2001 1097 2088 aliquot
1120 2001 1290 2078 saevierat,
1319 2002 1403 2088 prior

350 2087 509 2154 Bomilcar
523 2089 639 2154 movit:
664 2088 754 2153 cuius
773 2089 876 2176 prima
894 2087 998 2154 classis
1017 2101 1125 2176 petere
1140 2087 1243 2156 altum
1261 2088 1334 2152 visa
1348 2104 1401 2163 est,

193 2182 318 2232 Proelium
350 2198 414 2262 quo
428 2175 550 2240 facilius
565 2190 726 2262 superaret
739 2175 999 2262 promontorium.
1047 2173 1212 2252 Ceterum,
1227 2189 1402 2261 postquam

192 2248 281 2360 {¹122}ss
292 2247 333 2296 ἅθ’
351 2261 480 2328 tendere
504 2263 544 2328 ad
567 2285 600 2328 se
624 2261 784 2326 Romanas
806 2285 901 2328 naves
922 2261 1010 2338 vidit,
1029 2261 1185 2326 incertum
1209 2283 1280 2348 qua
1300 2263 1402 2326 sathin

281 2348 288 2362 ’
350 2348 477 2413 territus
496 2373 540 2426 re,
558 2348 717 2414 Bomilcar
730 2347 800 2414 vela
814 2349 848 2414 in
863 2347 962 2414 altum
977 2347 1075 2424 dedit,
1092 2347 1262 2434 missisque
1283 2349 1402 2414 nuntiis

352 2433 551 2513 Heracleam,
567 2437 623 2535 qui
646 2436 802 2506 onerarias
824 2449 907 2502 retro
929 2435 963 2502 in
979 2435 1120 2500 Africam
1142 2449 1293 2521 repetere
1317 2436 1416 2500 iube-1

194 2527 319 2601 Epicydes
350 2534 431 2597 rent,
452 2521 529 2608 ipse,
552 2522 692 2586 Siciliam
717 2535 958 2608 praetervectos,
982 2522 1156 2586 Tarentum
1182 2521 1279 2608 petit.
1330 2521 1403 2608 Epi·

193 2593 309 2704 Agngqq·
350 2606 457 2695 cydes,
481 2630 500 2672 a
526 2622 614 2674 tanta
638 2622 769 2696 repente
792 2609 962 2674 destitutus
987 2631 1053 2696 spe,
1076 2631 1117 2672 ne
1140 2608 1174 2672 in
1197 2609 1402 2674 ohsidionem

351 2715 465 2780 magna
482 2716 524 2757 ex
543 2709 631 2780 parte
652 2709 762 2795 captae
783 2695 868 2762 urbis
888 2695 1014 2772 rediret,
1031 2695 1248 2782 Agrigentum
1266 2696 1401 2783 navigat,

351 2793 587 2866 exspectaturus
611 2802 710 2868 magis
733 2795 893 2861 eventum,
918 2805 1013 2870 quam
1035 2781 1110 2849 inde
1133 2781 1317 2868 quicquam
1341 2805 1403 2848 mo-

351 2879 448 2931 turus.

241 2949 293 3010 28·
397 2953 488 3029 Quae
508 2954 562 3018 ubi
580 2953 614 3019 in
632 2967 732 3020 castra
753 2954 930 3020 Siculorum
952 2969 1027 3020 aunt
1045 2954 1201 3032 nuntiata,
1220 2954 1400 3056 Epicydem

353 3039 513 3128 Syracusis
527 3041 706 3118 excessisse,
722 3063 741 3104 a
757 3040 855 3108 Carth
899 3043 905 3055 '
932 3042 1070 3109 iensibus
1089 3041 1233 3110 relictam
1254 3044 1400 3116 rusulum,
1440 3089 1441 3100 r

194 3139 279 3216 lapsu
291 3157 331 3216 aa·
351 3141 384 3191 et
402 3150 500 3214 prope
520 3128 635 3194 iterum
651 3127 805 3194 Romanis
824 3141 854 3194 tr
897 3129 992 3205 'tam3
1015 3128 1135 3216 legatos
1148 3127 1189 3194 ds
1205 3129 1414 3198 conditioni-2

193 3206 411 3320 ffiffissdbm
425 3213 590 3280 dedendae
605 3214 701 3293 urbis,
713 3214 876 3303 explorata
889 3216 977 3304 prius
990 3238 1049 3303 per
1062 3214 1223 3302 colloquia
1238 3217 1399 3284 voluntate

196 3336 301 3385 Marcel·

195 3402 255 3452 lum.

353 3471 429 3521 ferma
447 3474 509 3522 flans
528 3478 633 3524 vexerat.
668 3473 757 3522 Auster
776 3489 858 3524 neces
890 3490 943 3522 cam
953 3475 1091 3536 hnhcatcm]
1111 3475 1296 3538 Bomilcarem,
1308 3481 1350 3542 qni
1363 3479 1397 3528 ts

352 3535 429 3585 sarius
449 3543 501 3586 crat
522 3535 669 3602 navigaturis
689 3538 721 3586 ah
740 3537 858 3601 Pachyno
891 3539 964 3588 behet
986 3541 1087 3589 classem
1109 3539 1134 3588 in
1155 3540 1267 3592 statione
1293 3545 1397 3593 rann

353 3600 588 3663 syracusanensi.
891 3603 1016 3663 Atticam
1033 3605 1134 3654 classem
1152 3611 1263 3654 stantem
1286 3607 1397 3670 proruis

372 3677 400 3739 ,ἶ
411 3667 439 3714 Ss'
447 3673 577 3728 perpeccat
588 3667 673 3730 iidem]
687 3665 755 3716 Hinc
766 3671 859 3726 ventos,
892 3667 1001 3716 Atticam
1013 3669 1094 3728 versis,
1103 3675 1222 3730 unquam
1234 3685 1265 3719 eo
1279 3672 1349 3721 hren
1359 3682 1398 3720 tm

353 3743 399 3778 nro
410 3729 498 3778 mutati
509 3729 614 3790 merant,
624 3737 754 3793 postquam
766 3731 859 3780 Bomil·
891 3731 1017 3784 lecturam.
1034 3733 1114 3782 Canu.

354 3794 437 3841 carad
448 3793 592 3856 Pachynum
604 3801 755 3856 pervenerat,
762 3796 794 3843 ab
805 3801 859 3844 ortu
924 3799 990 3860 pla
1008 3799 1084 3846 adura
1103 3799 1235 3859 anselm]
1258 3799 1396 3850 Sirinetia

355 3870 403 3904 non
423 3857 454 3906 ab
470 3871 558 3906 occasu
576 3857 669 3908 flaviam
685 3859 808 3909 Cresierio
826 3859 858 3908 vi·
891 3860 970 3908 altum
981 3861 1059 3912 evehi.
1076 3861 1156 3911 Cnsv.

355 3920 433 3967 detur.
474 3919 596 3982 Equidem
616 3922 736 3972 Punicam
757 3925 859 3974 classem
926 3939 936 3974 1
954 3927 1030 3976 Retro
1043 3929 1071 3974 iss
1080 3928 1194 3989 African
1209 3932 1340 3990 remu]
1365 3929 1397 3976 ‚ll

355 3981 464 4057 Siciliam
486 3999 567 4034 versrts
588 3986 712 4048 navigasse
732 3993 807 4049 atque
827 3989 859 4037 ad
892 3990 992 4038 uerbum
1010 3996 1118 4054 repetere
1136 3991 1248 4054 suppleri
1266 4007 1343 4054 pons
1358 3997 1396 4041 ias

355 4047 422 4121 litus,
438 4062 459 4095 e.
478 4063 501 4110 g,
518 4049 642 4122 Agrigenti
659 4051 791 4113 appulisse,
804 4067 859 4102 ven-
892 4057 976 4102 monet
987 4053 1113 4104 Dmltenb.
1135 4062 1200 4104 retro
1212 4061 1242 4104 ut
1256 4071 1328 4120 supr.
1339 4057 1396 4106 xxiv.

355 4113 429 4159 trsab
439 4117 494 4158 ortu
507 4113 564 4160 som
575 4113 697 4172 flantibus,
708 4117 860 4176 crediderim,
895 4131 932 4180 19.
957 4126 1021 4168 retro
1036 4119 1108 4179 radit,
1124 4135 1157 4168 sc.
1174 4135 1249 4169 cursu
1263 4127 1333 4171 retro
1349 4136 1396 4169 sor

356 4181 441 4224 ventos
451 4181 533 4223 tamen
544 4177 651 4235 cosdem,
662 4192 738 4238 quum
754 4180 786 4228 ad
803 4181 860 4228 litus
893 4195 968 4231 rasso.

356 4238 454 4287 Siciliae
477 4238 621 4302 Pachynum
644 4255 725 4289 verum
748 4243 860 4304 navigare
925 4248 1049 4296 altarum
1063 4248 1181 4297 Romanis
1196 4250 1331 4312 tufan]
1356 4253 1396 4298 lte

355 4307 486 4364 oporteret,
497 4317 545 4352 non
557 4301 615 4352 satis
626 4317 751 4365 prosperos
761 4305 842 4355 hrhse.
891 4325 956 4368 ram,
966 4311 1024 4372 quia
1033 4311 1131 4362 foedere
1143 4313 1175 4360 ad
1187 4315 1296 4375 Aegates
1313 4314 1397 4363 tantu

388 4365 403 4414 Β
414 4366 520 4418 otonem
528 4369 665 4416 instatura
675 4384 745 4418 varra
754 4370 782 4417 ln
789 4373 859 4434 Afri·
891 4371 941 4422 icto
952 4373 1002 4424 iam
1013 4375 1103 4425 hadita
1112 4377 1193 4426 fuerat
1204 4377 1337 4428 Remis.
1349 4379 1392 4428 Gt
