2866 4770
359 195 422 258 512
742 185 855 253 ΤΙΤΙ
880 186 1019 252 LIVII

204 349 238 398 U.
250 348 280 397 c.
293 362 347 412 549·
359 325 480 403 navale,
496 339 529 390 et
549 339 701 411 tanquam
724 324 858 389 exituris
877 334 989 388 contra
1008 323 1171 388 Romanis.
1215 321 1357 398 Quamdiu

203 413 233 462 b
250 413 281 462 G·
293 426 347 475 ²⁰3·
359 413 527 489 stetissent,
543 425 711 511 postquam
727 410 808 474 nihil
822 410 942 474 moveri
957 411 996 473 ab
1007 410 1152 474 hostibus
1166 409 1301 484 viderint,
1313 426 1357 472 tun

358 500 489 564 demum
514 520 672 561 onerarias
697 496 934 583 aggrediuntur.
980 495 1059 560 Erat
1080 518 1131 560 res
1154 496 1272 559 minime
1289 507 1357 558 cena

359 585 438 649 mini
454 584 556 648 navali
576 583 696 660 similis,
712 583 856 669 proxime
871 582 1009 669 speciem
1029 604 1138 646 muros
1156 604 1217 668 opp
1306 581 1369 656 tium

358 671 496 736 navium.
544 667 725 734 Altitudine
746 669 944 754 aliquantum
959 669 1121 732 onerariae
1136 691 1244 768 supera
1295 683 1317 738 t:
1332 687 1357 728 a:

359 757 500 822 rostratis
515 756 617 820 Poeni
631 778 713 819 vana
729 755 880 840 pleraque
896 755 1022 842 (utpote
1040 755 1158 841 supino
1178 754 1269 838 iactu)
1279 753 1357 816 telsin

360 843 554 930 superiorem
568 841 674 907 locum
686 841 871 905 mittebant:
895 842 1019 926 gravior
1029 863 1066 904 ac
1081 840 1223 927 pondere
1233 839 1357 940 ipsolibra
1397 891 1398 894 ,

361 929 422 994 tior
441 951 576 1015 superne
596 951 638 992 ex
658 927 810 992 onerariis
829 927 911 991 ictus
933 940 1008 991 erat.
1055 926 1280 1013 Speculatores
1296 945 1358 987 nats

361 1038 398 1079 ac
413 1014 493 1080 levia
508 1015 576 1101 ipsa
585 1014 720 1100 navigia,
733 1035 815 1100 quae
827 1014 886 1079 sub
897 1014 1062 1078 constratis
1077 1013 1224 1099 pontium
1237 1033 1285 1098 per
1294 1012 1369 1072 inter-5
1397 1063 1398 1100 3

360 1101 441 1166 valla
461 1101 679 1177 excurrebant,
697 1101 801 1186 primo
821 1099 891 1185 ipso
911 1112 1035 1164 tantum
1052 1099 1180 1184 impetu
1195 1121 1229 1162 ac
1247 1095 1370 1182 magnus:
1397 1103 1398 1106 ’

360 1188 436 1252 dine
451 1200 654 1252 rostratarum
674 1186 908 1251 obruebantur:
932 1185 1049 1250 deinde
1070 1197 1104 1248 et
1122 1181 1358 1271 propugnatoribts
1397 1247 1398 1250 ,

361 1285 405 1360 qu
449 1297 489 1338 ue
510 1272 729 1338 incommodae
749 1283 848 1348 erant,
870 1271 959 1358 quod
979 1271 1158 1358 permixtae
1176 1293 1246 1335 cum
1262 1267 1358 1332 hostiur
1397 1269 1398 1328 ff

360 1298 492 1424 noiibus
507 1359 649 1429 inhibere
661 1381 754 1445 saepe
770 1356 835 1422 tela
844 1358 1008 1445 cogebant,
1021 1371 1110 1421 matu
1125 1379 1170 1421 ne
1184 1354 1360 1441 ambiguoietn
1397 1363 1398 1370 ’

359 1446 424 1510 suis
438 1446 633 1510 inciderent:
657 1457 816 1532 postremo
831 1467 947 1509 asseres
961 1444 1062 1508 ferreo
1077 1467 1165 1508 unco
1179 1441 1297 1530 praefixi
1305 1439 1371 1525 (hu-t

360 1553 499 1617 pagones
528 1531 657 1617 vocant)
679 1555 720 1596 ex
751 1531 882 1596 Punicis
907 1530 1040 1595 navibus
1061 1530 1155 1593 iniici
1183 1531 1217 1593 in
1245 1527 1360 1592 Romanos

359 1617 474 1703 coepti.
523 1617 613 1692 Quos
635 1640 734 1703 quum
757 1639 863 1703 neque
889 1618 982 1704 ipsos,
1005 1637 1110 1702 neque
1135 1629 1266 1691 catenas,
1284 1611 1360 1700 quibo

360 1702 504 1802 suspensi
523 1703 755 1779 iniiciebantur,
771 1703 912 1768 incidere
933 1715 1079 1790 possent3
1103 1714 1142 1766 ut
1158 1722 1293 1788 quaeque
1308 1710 1360 1760 retro
1397 1739 1398 1826 p

359 1789 496 1854 inhibita
510 1801 642 1854 rostrata
656 1789 831 1854 onerariam
846 1789 1030 1854 haerentem
1045 1809 1130 1852 unco
1147 1788 1286 1862 traheret,
1294 1779 1359 1847 scindi

360 1875 483 1940 videres
500 1875 636 1952 vincula,
652 1875 767 1961 quibus
787 1875 849 1939 alia
869 1875 937 1940 aliis
954 1876 1073 1939 innexa
1089 1887 1170 1952 erat,
1185 1874 1288 1938 seriem
1301 1867 1372 1935 aliam

359 1960 453 2025 simul
471 1961 610 2048 plurium
630 1961 759 2026 navium
780 1960 870 2026 trahi.
917 1961 990 2026 Hoc
1011 1961 1151 2026 maxime
1167 1959 1260 2024 modo
1275 1951 1360 2020 ment

359 2047 491 2133 quidem
521 2070 630 2112 omnes
659 2060 781 2133 pontes,
806 2061 839 2112 ct
861 2047 916 2111 vix
946 2046 1144 2112 transiliendi
1170 2047 1206 2110 in
1233 2039 1360 2109 meandum

203 2143 287 2192 Nava
298 2159 340 2193 sex
359 2133 505 2196 ordinem
519 2135 647 2197 navium
662 2134 799 2220 spatium
813 2133 1098 2220 propugnatoribus
1112 2132 1227 2198 datum
1239 2143 1287 2195 est.
1322 2125 1361 2188 Sa

202 2208 457 2282 “imbutferme
483 2219 644 2284 onerariae
673 2220 833 2306 puppibus
859 2221 1031 2284 abstractae
1058 2217 1281 2306 Carthaginem
1301 2225 1359 2276 sunt:

360 2305 459 2369 maior
473 2327 570 2390 quam
585 2328 642 2392 pro
661 2327 694 2369 re
710 2305 839 2382 laetitia,
855 2305 964 2370 sedeo
983 2305 1110 2392 gratior,
1126 2305 1218 2390 quod
1237 2305 1307 2366 inter
1315 2295 1361 2362 ssi·

359 2391 438 2455 duas
452 2390 557 2456 clades
571 2413 608 2455 ac
622 2390 767 2456 lacrimas
781 2414 881 2455 unum
896 2405 1184 2478 quantumcunque
1195 2413 1236 2455 ex
1248 2389 1361 2472 insptt'tla

358 2477 510 2562 gaudium
540 2476 717 2554 affulserat:
747 2500 820 2542 cum
846 2500 895 2554 eo,
923 2491 959 2542 ut
981 2491 1159 2564 appareret,
1184 2473 1268 2542 baud
1290 2463 1371 2562 preth

359 2563 458 2626 exitio
479 2563 574 2627 fuisse
599 2562 778 2627 Romanam
804 2563 945 2640 classem,
968 2564 1003 2626 ni
1024 2577 1184 2628 cessatum
1206 2556 1361 2648 apraesects

359 2669 487 2712 suarum
502 2650 631 2714 navium
645 2648 735 2725 foret,
751 2662 784 2714 et
801 2649 908 2735 Scipio
922 2650 956 2713 in
972 2662 1114 2735 tempore
1130 2648 1319 2714 subvenisset

253 2738 301 2797 11.
403 2733 467 2797 Per
477 2735 606 2800 eosdem
620 2735 701 2800 forte
717 2735 795 2812 dies,
807 2757 907 2834 quum
923 2734 1051 2800 Laelius
1065 2749 1099 2798 et
1113 2727 1361 2816 Masinisoquim

202 2819 333 2869 Masiniss
360 2819 484 2884 decimo
498 2820 597 2885 ferme
613 2821 665 2885 die
680 2821 714 2884 in
731 2820 918 2886 Numidiam
933 2821 1163 2908 pervenissent,
1181 2817 1308 2905 Massyli
1319 2831 1371 2894 reg:

202 2898 437 3010 affin-num
451 2920 620 2993 paternum
635 2905 831 2984 Masinissae,
847 2907 930 2983 laeti,
948 2919 984 2972 nt
998 2908 1040 2970 ad
1054 2929 1164 2993 regem
1180 2907 1236 2972 diu
1249 2898 1361 2994 desider

360 3005 437 3069 lum,
457 3015 647 3058 concessere·
696 2991 837 3080 Syphax,
858 2993 955 3080 pulsis
974 2993 1050 3057 inda
1070 2993 1239 3079 praefectis
1255 2980 1361 3077 praesit

358 3078 448 3178 isque
463 3079 536 3155 suis,
548 3091 653 3143 vetere
666 3101 698 3142 se
714 3079 898 3144 continebat
909 3101 1017 3166 regno,
1029 3079 1221 3164 neutiquam
1232 3076 1359 3175 quietura}

361 3163 572 3230 stimulabant
600 3187 730 3252 aegrum
760 3187 866 3230 amore
890 3187 971 3230 uxor
995 3187 1168 3250 socerque:
1200 3177 1232 3228 et
1258 3175 1296 3224 ita
1316 3169 1361 3215 :m

390 3357 538 3418 5Prosr'ma
556 3358 671 3418 meatem}
691 3356 807 3405 Proxime
826 3371 865 3405 ae·
896 3373 1003 3419 papam:
1030 3357 1132 3406 naribus
1159 3353 1300 3406 stonbendis
1319 3345 1361 3410 *lh*

358 3420 546 3468 cadebatresad
557 3419 665 3481 speciem
676 3421 776 3469 navium
785 3435 866 3470 muros
898 3422 970 3480 bites,
987 3426 1013 3469 et
1031 3437 1120 3470 manas
1135 3423 1236 3480 serrem
1253 3421 1361 3480 arn-13¹2

359 3484 568 3546 oppugnantium:
583 3499 613 3531 ea
624 3484 763 3533 certaminis
773 3483 866 3546 species
900 3499 937 3549 39.
963 3484 1152 3546 discrepantiam
1177 3483 1292 3546 quandam
1311 3475 1362 3546 iffi}

358 3553 419 3606 erat,
430 3547 498 3609 quasi
510 3562 584 3596 naves
594 3554 765 3610 oppugnarent
776 3562 864 3598 muros.
898 3549 1012 3610 colligare
1028 3548 1086 3596 licat
1102 3563 1133 3595 ex
1149 3549 1220 3598 Gaas
1236 3545 1293 3594 Bell.
1302 3541 1339 3588 (¹1⁸¹
1347 3547 1361 3577 ¹¹=

359 3611 440 3660 Cass.
899 3624 937 3674 57.
956 3615 978 3661 sl
997 3627 1085 3660 manue
1097 3614 1199 3673 farreo:
1220 3617 1286 3672 atqve
1302 3605 1362 3660 W

396 3673 485 3724 esar
512 3677 641 3724 cameratis
665 3677 791 3737 pontiam]
826 3674 866 3724 Sic
896 3683 1138 3737 permansuerunt.
1157 3675 1240 3723 Dosa.
1332 3726 1361 3742 ⁴,

357 3744 436 3786 strata
446 3741 544 3787 maram
555 3739 622 3800 apud
632 3739 699 3801 Virg.
709 3741 770 3788 Aen.
782 3739 798 3788 i.
810 3738 865 3800 426.
930 3754 946 3802 9
961 3741 1053 3788 &mem
1068 3739 1156 3798 diam]
1175 3733 1291 3787 Crevierio
1303 3725 1364 3802 φθῆ

358 3801 406 3863 legi
417 3809 502 3850 monet
513 3803 588 3851 Doer.
899 3802 1039 3851 coniectura
1052 3801 1171 3851 Gronorii
1183 3802 1305 3860 serim
1316 3805 1363 3840 Ψ

392 3876 405 3938 p
428 3867 514 3914 Primo
546 3869 598 3929 ipso
630 3873 727 3914 tantum
758 3868 863 3928 impeta]
896 3869 1017 3928 pluriam.

359 3926 443 3975 Primo
464 3928 491 3976 id
512 3934 609 3976 tantum
629 3929 764 3978 afferebant
782 3930 865 3978 damni
934 3945 943 3978 1
963 3931 1026 3978 Cum
1035 3946 1071 3989 so,
1081 3938 1110 3978 ut
1121 3929 1262 3992 appamst]
1279 3939 1306 3970 tc·
1315 3919 1362 3966 PF*

358 3990 486 4052 Romanis,
497 3994 563 4052 quod
574 3995 733 4042 obruerentur
747 3993 815 4055 ipsas
827 3995 866 4042 vel
899 4000 1009 4056 terquam
1021 3995 1142 4055 quod...
1357 4041 1362 4048 .

358 4054 410 4102 solo
432 4054 527 4117 impetu
549 4071 578 4104 ac
600 4056 768 4119 magnitudine
790 4057 865 4105 Puni·
931 4072 945 4105 a
961 4059 1074 4120 Regnum
1088 4065 1221 4120 mentm
1236 4051 1363 4102 Massiua

358 4133 442 4165 carum
453 4123 630 4177 rostratarum:
646 4121 735 4168 deinde
750 4119 823 4169 etiam
836 4121 866 4170 iis
898 4121 1015 4184 Massylis
1039 4121 1105 4170 enim
1132 4119 1280 4174 Masinissae,
1299 4113 1363 4160 iffi*

358 4180 528 4229 incommodae
547 4187 624 4242 mant,
641 4183 682 4243 qui
700 4199 731 4230 ex
750 4185 866 4233 onerariis
898 4185 958 4246 sylis
971 4185 1090 4246 Syphacis
1108 4199 1207 4246 regnum
1225 4177 1362 4230 consuebant

359 4245 501 4304 pugnabant
510 4245 625 4293 adversus
636 4246 741 4294 Poenos
758 4249 839 4296 Cast.
899 4249 930 4298 ef.
941 4264 1007 4311 supr.
1019 4249 1084 4298 xxiv.
1096 4250 1135 4310 48.

392 4305 407 4350 8
423 4307 585 4368 Harpapoaa:
602 4311 701 4368 vocant]
724 4309 793 4358 Inter
809 4313 866 4359 bar·
