2888 4768
330 219 425 287 LIB.
451 220 562 286 XXV.
593 220 703 288 CAP.
728 227 779 288 20.
1014 229 1077 290 255

48 359 94 416 ‘et
106 351 198 418 duces
212 368 245 420 et
264 357 422 424 exercitus
437 357 522 459 capti
535 358 649 436 forent,
664 357 703 422 iis
717 357 866 423 adversus
882 357 1078 424 inventorem
1089 371 1122 422 υ.
1133 370 1163 420 c.
1180 385 1235 433 540·

46 441 201 506 ‘usurum’
244 441 283 506 ld
303 465 369 509 non
388 466 576 530 promissum
596 445 694 532 magis
714 444 837 523 stolide,
853 467 950 532 quam
964 436 1118 512 stolidest·
1135 436 1165 485 0‘
1181 449 1236 484 ²¹²·

45 525 208 592 creditum:
233 540 384 618 tanquam
399 530 532 596 eaedem
547 531 696 596 militares
710 546 744 596 et
763 532 981 618 imperatoriae
997 546 1080 598 artes

43 626 146 677 efflent.
191 613 285 693 Data,
316 638 374 704 pro
403 618 556 705 quinque,
588 631 660 683 octo
689 617 789 683 millia
817 618 972 695 militum3
1007 641 1080 707 pars

43 696 164 764 dimidia
176 701 271 779 cives,
286 725 359 790 pars
373 703 467 769 socii:
491 718 523 769 et
539 705 605 792 ipse
620 703 815 791 aliquantum
831 705 1079 771 voluntariorum

43 783 145 851 itinere
166 787 201 851 in
222 790 305 876 agris
326 790 472 868 concivit,
495 813 541 868 ac,
564 812 663 878 prope
684 791 845 879 duplicato
870 792 1022 870 exercitu,
1045 793 1080 858 iu

43 867 180 938 Lucanos
208 877 370 962 pervenit;
409 877 465 942 ubi
502 876 675 955 Hannibal,
705 878 918 966 nequicquam
952 893 1079 943 secutus

45 954 217 1039 Claudium,
236 964 425 1029 substiterat.
472 963 571 1029 Haud
589 963 688 1029 dubia
707 986 756 1029 res
777 978 835 1042 est,
854 965 974 1052 quippe
996 966 1081 1030 inter

42 1039 247 1114 Hannibalem
267 1049 382 1115 ducem
397 1065 431 1115 et
445 1049 674 1128 centurionem,
690 1051 923 1138 exercitusque,
944 1051 1079 1116 alterum

42 1129 188 1199 vincendo
199 1149 393 1215 veteranum,
405 1137 539 1202 alterum
555 1159 673 1201 novum
689 1151 800 1214 totum,
814 1160 928 1224 magna
938 1161 978 1202 ex
989 1151 1078 1225 parte

43 1217 128 1281 etiam
143 1221 383 1288 tumultuarium
397 1247 434 1288 ac
449 1224 656 1289 semiermem.
705 1223 752 1289 Ut
766 1237 933 1312 conspecta
948 1225 1032 1289 inter
1046 1247 1079 1289 se

42 1305 159 1388 agmina
176 1323 262 1383 sunt,
277 1322 310 1374 et
329 1325 443 1375 neutra
460 1333 531 1398 pars
549 1309 735 1376 detrectavit
753 1333 902 1398 pugnam,
919 1310 1080 1400 extemplo

22 1387 201 1458 tinstructae
227 1395 318 1460 acies.
365 1396 548 1485 Pugnatum
574 1411 692 1475 umen,
716 1411 752 1462 ut
776 1397 809 1461 in
833 1397 920 1462 nulla
944 1398 1079 1484 parire,

24 1473 111 1540 rduas
130 1481 265 1580 amplius
284 1482 384 1560 horas,
400 1484 557 1548 concitata
577 1497 619 1562 et,
640 1483 742 1549 donec
762 1483 829 1548 dux
851 1484 996 1561 stetisset,
1013 1484 1081 1550 Ro-

42 1582 127 1661 urana
144 1589 220 1632 ac1e.
267 1568 440 1656 Postquam
455 1571 491 1648 is,
508 1593 572 1635 non
586 1593 644 1672 pro
663 1585 768 1636 vetere
788 1571 871 1635 fama
890 1570 1002 1648 solum,
1023 1570 1080 1636 sed

42 1661 128 1714 etiam
149 1668 239 1719 metu
260 1656 360 1720 futuri
379 1656 552 1735 dedecoris,
575 1680 602 1722 ει
623 1681 681 1723 sua
702 1657 879 1723 temeritate
901 1671 1080 1722 contractae

42 1733 114 1800 cladi
136 1756 322 1828 superesset,
345 1743 506 1808 obiectans
528 1766 561 1809 se
583 1744 723 1809 hostium
745 1744 826 1822 telis,
848 1744 981 1821 cecidit3
1011 1745 1081 1809 fusa

42 1825 192 1920 extemplo
210 1841 260 1893 est
283 1828 430 1895 Romana
447 1830 537 1895 scies.
586 1829 651 1896 Sed
672 1831 753 1896 adeo
770 1853 811 1895 ne
833 1830 926 1918 fugae
949 1830 1080 1916 quidem

41 1922 97 1972 iter
149 1914 220 1993 tuit,
231 1915 377 1980 omnibus
392 1917 450 1980 viis
464 1918 503 1981 ab
519 1917 627 2003 equite
641 1917 776 1994 insessis,
789 1930 826 1981 ut
840 1940 881 1980 ex
897 1930 985 1981 tanta
999 1916 1081 1982 mul·

43 1993 96 2059 titu
119 1998 168 2064 'ne
191 2001 247 2066 vix
264 2000 349 2067 mille
370 2003 543 2080 evaserint3
567 2004 664 2068 ceteri
685 2004 811 2090 passim,
829 2003 882 2067 alii
900 2003 961 2068 alia
980 2017 1079 2091 peste,

41 2081 191 2173 absumpti
205 2088 278 2153 sint.

82 2167 192 2259 Capua
203 2198 223 2239 a
237 2176 418 2241 consulibus
432 2176 548 2240 iterum
563 2198 686 2240 summa
695 2177 726 2240 vi
738 2175 874 2240 obsideri
889 2189 1002 2264 coepta
1016 2188 1077 2241 est:
1136 2183 1187 2243 20.

41 2275 177 2345 quaeque
192 2263 228 2325 in
243 2285 312 2327 eam
333 2285 399 2327 rem
419 2285 498 2350 opus
517 2276 616 2340 erant,
632 2263 909 2350 comportabantur
949 2262 1228 2328 arabon-canusa>

43 2353 157 2429 tuique.
205 2347 382 2414 Casilinum
404 2350 599 2414 frumentum
624 2364 830 2415 convectum:
862 2347 903 2414 ad
926 2285 1160 2414 Vultumiffl

23 2429 160 2511 restium,
180 2435 236 2500 ubi
259 2459 346 2501 nunc
364 2436 438 2501 urbs
460 2449 517 2513 est,
538 2435 701 2501 castellum
720 2437 968 2501 communitum:
992 2435 1081 2524 (ante

43 2508 149 2584 Fabius
164 2519 328 2586 Maximus
343 2523 515 2610 munierat)
529 2522 720 2611 praesidium
735 2523 927 2610 impositum,
943 2536 979 2587 ut
996 2545 1080 2588 mare

42 2604 213 2683 proximum
229 2621 262 2674 et
280 2609 398 2674 flumen
415 2610 449 2674 in
466 2623 621 2697 potestate
636 2624 749 2676 essent.
795 2608 835 2674 In
853 2633 891 2674 ea
907 2610 972 2675 duo
987 2610 1081 2674 mari-

43 2685 113 2753 tima
131 2693 259 2760 castella
276 2695 480 2774 {iumentum
496 2697 585 2785 quod
602 2719 643 2762 ex
666 2696 811 2762 Sardinia
829 2719 932 2786 nuper
951 2698 1081 2761 missum

43 2789 111 2852 erat,
129 2781 280 2869 quodque
304 2781 351 2847 M.
365 2781 477 2848 Iunius
498 2796 624 2871 praetor
643 2806 684 2848 ex
705 2783 833 2849 Etruria
854 2797 1020 2861 coemerat,
1041 2783 1081 2848 ab

45 2857 130 2928 Ostia
143 2883 331 2935 convectum
351 2883 408 2946 est,
426 2883 461 2935 ut
480 2871 635 2936 exercitui
653 2893 711 2958 per
724 2871 864 2936 hiemem
883 2871 976 2957 copia
988 2883 1079 2934 esset.

45 2941 189 3019 Ceterum
204 2977 382 3042 supeream
400 2955 533 3035 cladem,
548 2980 630 3043 quae
645 2957 679 3020 in
698 2957 837 3022 Lucanis
854 2969 984 3042 accepts
1003 2968 1080 3032 erat,

43 3032 184 3105 volonum
224 3064 329 3128 uoque
344 3043 512 3120 exereitus,
528 3043 593 3130 qui,
609 3043 680 3107 vivo
703 3042 859 3118 Gracch0,
875 3063 998 3105 summa
1016 3040 1080 3106 fide

42 3065 337 3266 Stipendiailecerat,
353 3127 440 3194 velut
459 3141 680 3193 exauctoratus
699 3141 800 3194 morte
814 3127 915 3204 ducis,
931 3127 970 3192 ab
984 3127 1082 3214 signis

63 3227 185 3278 lacessit.

24 3303 37 3351 ³
84 3291 244 3366 Hannibal
262 3324 328 3367 non
350 3299 496 3389 Capuam
517 3300 704 3388 neglectam,
720 3323 836 3389 neque,
857 3312 894 3364 ut
911 3311 1000 3365 tanto
1018 3299 1083 3364 dis-

73 3476 88 3524 9
103 3467 135 3515 Ut
145 3471 172 3520 irs
183 3471 254 3520 asello
262 3473 321 3533 pors'
332 3473 372 3532 rs]
392 3471 430 3522 Ut
441 3470 543 3534 pugnari
576 3471 609 3520 D.
622 3469 695 3520 Iunio
705 3471 737 3520 sd
748 3470 837 3520 ostium
849 3469 976 3530 Vulturni,
986 3469 1024 3519 M.
1032 3470 1082 3518 Aa·

45 3527 187 3587 P⁰t1¹ibubi
206 3535 276 3584 nulla
294 3551 332 3584 res
350 3541 402 3584 erat
421 3550 483 3598 ραις
502 3535 542 3584 ubi
575 3535 635 3584 relic
646 3535 721 3585 Cotta
734 3535 845 3586 Puteolis
861 3533 1083 3599 praeposito‚qui”

45 3601 118 3664 neque
133 3597 184 3646 dux
199 3596 264 3658 duci,
273 3613 354 3661 neque
370 3597 490 3648 exereitus
502 3615 542 3648 ex·
576 3605 622 3649 etc.
655 3599 719 3648 Vult
734 3598 807 3662 igitur
818 3599 909 3660 Livius,
920 3603 1017 3661 praeter
1033 3598 1082 3648 Pu-

46 3658 124 3706 fflliui
134 3661 186 3712 ullo
197 3663 271 3711 modo
281 3665 466 3726 comparandus.
479 3664 527 3714 Ca.
576 3664 662 3724 aeolos,
683 3679 744 3726 quos
764 3663 891 3726 aliquanto
911 3672 969 3711 ante
992 3661 1083 3710 Fabius

60 3732 86 3792 ‚1
105 3723 273 3788 Ometsosass]
286 3728 457 3778 relabentes.
483 3729 543 3778 Uera·
576 3727 706 3787 munierat,
724 3727 799 3776 etiam
820 3727 889 3776 aliud
906 3726 1034 3776 castellum
1056 3725 1083 3774 in

46 3787 115 3834 etate
124 3791 197 3839 ιιίαιιι
209 3789 316 3842 Bskker.
328 3792 431 3855 reponit.
577 3793 662 3841 sedem
678 3808 720 3841 ors
735 3790 809 3840 maris
820 3792 853 3839 sd
865 3789 982 3839 Vulturni
993 3789 1083 3839 ostium

80 3853 284 3905 senseratis:
302 3858 431 3906 Maeimus
451 3859 544 3906 mank-
577 3856 624 3904 boc
634 3855 980 3906 annofidssscommuuitum.
1006 3853 1083 3903 Unde

46 3911 94 3984 Μ’]
128 3916 184 3966 Non
213 3920 342 3968 castellum
367 3921 399 3969 ud
428 3921 545 3970 Vulturni
577 3920 707 3984 legandum
719 3919 829 3969 videtin:
846 3917 1083 3968 “aqulturnios-

47 3978 195 4038 ⁰⁸2¹¹11n‚se‹l
213 3983 330 4032 Puteolos
346 3983 437 4034 Fabius
452 3985 545 4034 munis-
577 3983 639 4033 tium
714 4019 720 4034 .
737 3984 865 4033 maelium
887 3983 1082 4032 eommunitum:

47 4041 99 4113 ῐιῑῑ.Ι
110 4041 166 4096 Vid.
179 4062 244 4110 supr.
260 4047 325 4098 xxiv.
339 4059 360 4111 7.
393 4049 431 4097 Ac
447 4050 478 4098 ds
500 4049 545 4098 Pu·
579 4049 689 4098 Puteolis
699 4047 769 4111 (ante
782 4048 873 4098 Fabius
889 4046 1015 4096 Maximus
1030 4061 1083 4094 mu-

47 4101 273 4172 lauhsrnontionem
285 4112 332 4161 boc
344 4113 397 4161 loco
408 4113 493 4162 iecisse
505 4113 545 4162 Li·
577 4111 668 4176 nierat)
684 4112 832 4175 praesidium
851 4111 1008 4174 impositum:
1029 4111 1084 4168 ut‚''

48 4174 194 4236 uumpatet,
205 4181 258 4226 tum
269 4191 300 4224 ex
312 4177 417 4238 eoquod
429 4176 546 4227 infiadeo
578 4183 624 4226 etc.
640 4178 721 4227 Gasv.
1043 4233 1065 4247 ,Ι

47 4234 164 4286 nauum
173 4242 272 4292 castella
288 4241 407 4302 appellat,
418 4247 471 4290 tum
482 4257 513 4290 ex
524 4257 546 4292 c.
603 4255 617 4302 3
632 4243 665 4292 Ut
673 4240 898 4300 toatodlserimine]
906 4238 1050 4300 Utpotequs
1058 4249 1085 4282 ιιι

50 4301 85 4340 ²²·
95 4294 165 4370 buius
178 4303 241 4364 libri,
252 4305 277 4352 in
288 4319 337 4367 quo
350 4305 446 4354 Puteoli
458 4305 547 4355 diserto
578 4311 647 4354 tanto
657 4303 795 4353 discrimine
806 4307 962 4352 versarentur.
977 4301 1073 4348 Rusca.

49 4366 204 4416 nominantur.
221 4371 237 4396 ‘⁶
245 4370 310 4431 App.
323 4369 442 4418 Claudius
453 4371 547 4430 consul,
