2866 4770
334 257 431 324 LIB.
454 255 586 325 XXIX.
620 257 732 326 CAP.
757 267 785 326 9.
1026 265 1090 329 467

50 392 124 458 nihil
139 394 243 458 minus
257 415 354 480 quam
370 394 431 459 tale
471 418 619 482 urcquam
638 397 815 474 timentem,
830 395 987 484 patefacta
999 409 1091 498 porta
1102 417 1136 468 o.
1147 418 1176 468 c.
1192 429 1248 482 5⁴:-

49 493 215 567 erumpunt
230 479 377 544 Romani.
424 417 657 559 abducentes,
673 482 865 569 improvidos
880 505 980 633 ‹puum
1001 482 1129 549 ruva-A·
1146 483 1176 534 0·
1192 493 1248 546 ²05·

48 567 164 644 sissent,
189 566 355 631 occidunt:
387 579 508 631 ceteros
533 566 705 645 Hannibal,
729 581 766 633 ut
790 592 952 635 conauem
978 569 1088 636 adesse

48 653 148 730 sensit,
171 653 205 717 in
228 665 328 717 castra
350 653 481 739 recipit3
506 656 684 741 nuntioque
707 656 801 718 misso
823 655 865 720 ad
886 678 950 733 eos,
974 657 1029 743 qui
1054 656 1088 720 in

48 761 115 803 arce
136 753 235 816 erant,
251 751 288 803 ut
302 738 428 802 sibimet
447 739 508 826 ipsi
522 739 732 817 consulerent,
748 753 842 806 nocte
864 743 958 807 motis
979 743 1088 807 castris

47 825 128 889 abiit
174 824 217 890 Et
231 825 287 912 qui
302 825 336 889 in
351 847 421 889 arce
439 836 539 902 erant,
556 825 622 912 igni
638 826 756 890 iniecto
776 827 876 904 tectis,
892 851 975 914 quae
999 841 1088 893 tene-

46 911 128 988 bant,
154 925 191 975 ut
219 912 245 975 is
271 911 425 975 tumultus
452 910 576 975 hostem
607 924 790 990 moraretur,
813 935 928 999 agmen
958 936 1087 978 suorum

45 995 134 1084 fugae
149 997 243 1062 simili
258 1019 351 1062 cursu
367 1009 440 1062 ante
456 1009 583 1062 noctem
598 999 732 1062 assecuti
746 1011 828 1062 sunt.
871 998 988 1086 Scipio,
1004 1011 1088 1064 utet
1174 1047 1183 1063 .

46 1105 146 1148 arcem
167 1083 309 1148 relictam
330 1085 370 1148 ab
391 1083 533 1148 hostibus
556 1095 590 1148 et
610 1106 710 1148 vacua
731 1083 811 1148 vidit
833 1097 942 1162 castra,
961 1097 1087 1150 vocatos

45 1169 86 1234 ad
99 1169 283 1234 concionem
296 1168 470 1234 Locrenses
483 1171 621 1257 graviter
633 1170 675 1234 ob
686 1169 898 1235 defectionem
913 1171 1085 1235 incusavit:

45 1256 85 1320 de
100 1255 276 1321 auctoribus
298 1255 488 1355 supplicium
510 1257 653 1343 sumpsit,
668 1256 817 1343 bonaque
832 1278 942 1321 eorum
959 1257 1087 1322 alterius

43 1342 186 1406 factionis
207 1343 415 1429 principibus,
432 1341 473 1406 ob
495 1343 654 1428 egregiam
675 1341 774 1406 fidem
796 1341 945 1407 adversm
968 1343 1087 1408 Roma-

44 1450 109 1505 nos,
132 1428 292 1493 concessit.
340 1427 492 1493 ‘Publice
519 1450 579 1492 nec
604 1428 691 1506 dare,
713 1450 774 1493 noc
799 1430 920 1516 eripere
942 1451 975 1493 se
998 1431 1088 1516 quic·

45 1522 159 1601 ‘quam
181 1513 412 1590 lunensibus:
433 1513 525 1577 dixit.
577 1522 586 1553 ⁶
598 1513 735 1578 Romam
758 1516 921 1580 mitterent
946 1515 1085 1616 legatos:

45 1609 55 1640 ‘
89 1621 159 1664 uam
173 1611 300 1664 senatus
315 1620 453 1686 aequum
464 1600 645 1676 censuisset,
658 1623 728 1664 eam
739 1601 898 1666 fortunam
914 1601 1085 1666 habrturos.

44 1623 148 1749 ‘iilud
169 1685 243 1750 satis
264 1685 353 1762 scire,
370 1685 429 1748 etsi
451 1685 594 1750 malado
616 1709 659 1786 po
681 1685 735 1750 ulo
752 1686 900 1752 Romano
918 1687 1023 1752 meriti
1038 1709 1087 1752 es-

43 1781 143 1848 ‘sent
157 1771 193 1835 in
215 1770 345 1835 meliore
368 1782 451 1834 statu
474 1771 532 1836 sub
554 1771 641 1836 iratrs
698 1773 819 1836 omanis
841 1773 973 1850 futuros,
990 1795 1087 1860 quam

42 1858 121 1921 ‘snb
135 1856 243 1921 amicis
260 1855 574 1944 Carthaginiensibus
588 1857 725 1922 luerint’
769 1857 852 1944 Ipse,
872 1859 913 1933 Q
926 1858 1087 1923 Pleminio

42 1943 145 2030 legato
159 1942 389 2030 praesidioque,
406 1943 493 2029 quod
514 1964 618 2006 arcem
636 1956 772 2029 ceperat,
796 1943 837 2008 ad
860 1943 1012 2008 tuendam
1034 1965 1087 2007 ur-

40 2033 114 2095 bem
139 2029 259 2108 relicto,
286 2051 359 2094 cnm
386 2029 502 2116 quibus
526 2040 657 2093 venerat
679 2028 789 2115 copiis,
816 2028 998 2094 Messanam
1024 2042 1087 2094 tra-

41 2117 125 2182 iecit.

83 2202 134 2267 Ita
155 2201 289 2290 superbe
311 2213 346 2266 et
366 2199 538 2266 cmdeliter
556 2199 657 2265 habiti
672 2199 847 2266 Iocrenses
862 2202 901 2266 ab
919 2200 1020 2266 Carth
1062 2201 1087 2250 ’·
1097 2208 1234 2259 Pleminius

39 2288 203 2354 aiensibus
224 2299 297 2376 post
318 2287 529 2352 defectionem
551 2287 591 2351 ab
608 2286 762 2351 Romanis
778 2286 915 2365 fuerant,
931 2299 967 2352 ut
984 2309 1017 2350 m
1062 2273 1236 2385 25⁸⁰ss

39 2397 93 2439 cas
114 2374 244 2438 iniurias
257 2397 324 2438 non
339 2395 441 2460 aequo
455 2373 552 2438 modo
567 2373 673 2438 animo
687 2374 762 2460 pati,
779 2373 836 2438 sed
849 2395 948 2474 prope
963 2372 1087 2437 lubenti
1096 2352 1239 2463 iiiffigss

38 2473 177 2548 possent.
223 2458 346 2525 Verum
370 2460 457 2524 enim
478 2482 552 2524 vero
576 2471 700 2523 tantum
724 2458 901 2523 Pleminrus
925 2458 1135 2523 Hamilca-n't·

38 2569 107 2611 rem
128 2546 278 2634 praesidii
299 2547 504 2633 praefectum,
520 2557 645 2610 tantum
666 2545 860 2631 praesidiarii
882 2545 1001 2610 milites
1020 2545 1087 2610 Ro·

38 2633 127 2697 mani
149 2633 275 2697 Poenos
297 2632 413 2696 scelere
436 2645 532 2718 atque
554 2632 683 2697 avaritia
704 2643 941 2732 superaverunt,
965 2645 1088 2697 utnon

38 2720 145 2796 armis,
167 2719 224 2784 sed
248 2719 333 2784 vitiis
354 2716 515 2784 rideretur
541 2719 662 2783 certari.
709 2717 802 2783 thil
827 2718 981 2796 omnium,
1004 2741 1087 2806 quae

37 2806 129 2893 inopi
144 2805 259 2870 invisas
273 2826 350 2892 opes
363 2805 552 2891 potentioris
565 2804 695 2880 faciunt,
710 2806 966 2889 praetermissum
981 2806 1015 2869 in
1030 2827 1087 2892 op·

36 2892 175 2993 pidanos
192 2902 241 2956 est
262 2891 302 2955 ab
322 2890 415 2968 duce,
431 2903 486 2954 aut
508 2913 527 2954 a
548 2890 717 2954 militibus:
742 2890 776 2953 in
791 2913 923 2976 corpora
936 2891 1086 2976 ipsorum,

36 3001 72 3042 m
88 2977 214 3056 liberos,
230 2977 265 3042 in
279 2977 431 3062 coniuges
452 2974 600 3039 infandae
615 2975 825 3040 contumeliae
840 2975 954 3039 editae.
1001 2975 1087 3041 Nam
1097 2985 1245 3036 Eturami-

36 3064 172 3129 avaritia
185 3086 226 3128 ne
241 3083 400 3128 sacromm
412 3061 542 3147 quidem
557 3059 744 3146 spoliatione
758 3061 927 3124 abstinuit:
951 3081 1012 3125 nec
1027 3051 1140 3126 agata.

36 3151 137 3215 modo
160 3149 279 3236 templa
296 3147 422 3226 violata,
438 3145 494 3210 sed
508 3145 716 3232 Proserpinae
738 3146 844 3222 etiam,
867 3145 978 3210 intacti
1000 3147 1089 3210 omni

16 3249 153 3314 laetate,
180 3235 340 3311 thesauri:
370 3230 706 3334 praeterquamquod
732 3252 751 3295 a
775 3230 803 3294 P
826 3231 909 3308 rrho,
932 3232 988 3318 qui
1014 3255 1088 3297 cum

34 3345 157 3409 magno
171 3321 297 3409 piaculo
311 3317 466 3406 sacrilegii
480 3318 529 3381 sui
547 3317 711 3381 manubias
728 3255 845 3394 retulit,
861 3316 985 3405 spoliati
1001 3318 1088 3382 dice-

35 3409 166 3473 bantur.
213 3407 299 3494 Ergo
313 3407 397 3471 sicut
410 3419 483 3468 ante
498 3403 603 3490 regiae
618 3423 724 3479 naves,
740 3402 892 3468 laceratae
907 3403 1087 3489 naufragiis,

34 3493 122 3558 nihil
151 3494 186 3558 in
215 3507 330 3557 terram
360 3489 486 3578 integri,
509 3501 634 3576 praeter
659 3509 777 3553 sacram
803 3490 976 3576 pecuniam
996 3488 1087 3565 deae,

58 3603 138 3644 uam
154 3580 365 3666 asportabant,
378 3575 575 3653 extulerant:
596 3589 663 3640 tum
675 3597 804 3662 quoque
818 3574 880 3639 alio
893 3597 1010 3662 genere
1024 3575 1089 3639 cla

33 3603 87 3730 gis
102 3665 218 3730 eadem
233 3664 287 3728 illa
299 3664 437 3764 pecnnia
450 3663 598 3728 omnibus
612 3662 765 3726 contactis
776 3683 814 3725 ea
823 3660 993 3726 violatione
1007 3673 1089 3726 tem-

32 3751 82 3839 pli
97 3753 241 3816 furorem
255 3751 381 3828 obiecit,
398 3762 493 3837 atque
516 3749 601 3812 inter
621 3771 654 3813 se
674 3748 791 3812 ducem
812 3747 846 3810 in
865 3746 989 3825 ducem,
1006 3747 1089 3812 mili·

32 3853 104 3904 tem
120 3837 157 3901 in
172 3836 306 3901 militem
321 3836 407 3900 rabie
422 3835 529 3900 hostili
543 3835 647 3901 vertit.
691 3833 839 3899 Summae
854 3835 900 3898 rei
912 3833 1087 3900 Pleminius
1156 3837 1185 3898 9.

30 3936 203 4075 praeerat:
230 3921 366 3988 militum
388 3922 539 4020 pamnsnb
560 3944 609 4000 eo,
648 3943 721 3985 uam
742 3920 810 4008 ipse
833 3920 873 3986 ab
890 3920 1018 4009 Rhegio
1033 3923 1088 3987 ab·

16 4043 19 4082 r
57 4021 187 4089 uxerat,
198 4031 271 4096 pars
285 4009 343 4073 snb
359 4009 494 4072 trrbnms
508 4019 584 4072 erat.
665 4018 739 4094 apto
754 4007 868 4093 poculo
883 4020 1033 4104 argenteo
1047 4031 1088 4073 ex
1100 4024 1186 4086 Pugna
1196 4023 1231 4072 in-

1099 4093 1137 4135 ter
1147 4088 1237 4137 milites

68 4218 83 4251 a
104 4204 170 4252 &aar
192 4216 280 4264 :noym
300 4201 413 4263 piaculo]
443 4199 483 4248 De
505 4199 554 4248 hao
585 4213 615 4246 ex
638 4199 723 4248 Sicilia
744 4200 828 4248 missos
849 4216 901 4249 esse
926 4216 982 4249 cum
1007 4201 1089 4263 aliquo
1098 4151 1173 4202 ΒΜ

30 4266 163 4329 sacrilegii
174 4267 324 4328 expiatione,
335 4265 366 4314 cl.
378 4263 432 4312 infr.
447 4264 483 4311 18.
584 4262 691 4311 militum
710 4277 819 4323 numero,
834 4265 922 4326 quibus
939 4269 964 4311 et
980 4279 1091 4326 praeesse

70 4346 86 4392 3
105 4333 176 4380 Par:
194 4331 238 4379 rub
257 4331 363 4378 tribuni:
381 4329 449 4388 erat]
472 4325 553 4375 Nimi·
586 4341 636 4384 eos,
650 4333 766 4388 tanquam
784 4328 894 4388 proprios
910 4329 992 4388 duces,
1006 4329 1092 4376 consul

31 4409 94 4444 rum
104 4393 239 4443 verisimile
247 4399 283 4441 eat
291 4393 402 4444 tribunos
412 4407 427 4440 a
439 4391 554 4453 Scipione
588 4390 672 4437 volmt.
690 4391 770 4440 θην.

824 4451 919 4516 nh2
