2888 4768
360 175 423 236 180
740 170 854 237 ΤΙΤΙ
884 169 1043 236 LIVII.

205 316 239 367 U.
251 316 280 368 c.
297 305 514 394 53agesimum
538 307 602 370 iam
625 307 732 394 agenti
754 329 884 384 annum,
908 307 1112 372 circumsesso
1136 307 1203 372 dies
1227 319 1381 394 noctesque

204 383 234 432 Α·
251 384 281 431 ⁰·
297 393 352 445 ²¹5·
360 392 564 458 muliebribus
585 393 755 470 blanditiis,
776 392 909 458 liberare
933 394 1084 472 animum,
1103 408 1135 459 et
1157 407 1332 459 convertere
1351 393 1398 458 adr

204 1865 378 2024 stadim,
399 1952 444 2018 „d

205 2021 269 2065 Vltlss.

360 478 519 567 publicam
537 479 659 566 privata
675 503 791 545 curam.
838 479 951 567 Itaque
972 494 1091 546 tutores
1110 481 1205 547 modo
1220 481 1398 568 quindecim,

361 588 460 653 puero
481 565 537 642 reli
563 567 628 631 uit:
653 589 733 654 quos
756 579 901 654 precatus
921 581 969 631 est
988 569 1134 645 moriens,
1154 581 1192 632 ut
1213 567 1308 632 fidem
1324 589 1383 655 erga

359 676 403 741 po
425 652 513 717 ulum
530 590 721 731 liomanum,
738 653 969 741 quinquaginta
988 677 1087 719 annos
1106 657 1145 719 ab
1159 677 1193 718 se
1212 654 1333 730 cultam,
1346 655 1384 716 iu-

360 739 412 804 vio
443 751 508 805 tam
533 753 701 818 servarent,
725 741 935 826 iuvenemque
958 743 1022 805 suis
1043 743 1241 828 potissimum
1266 741 1383 826 vestigm

359 826 503 891 insistere
515 827 633 892 vellent
647 825 905 914 disciplinaeque,
917 827 951 891 in
963 851 1027 915 qua
1041 827 1171 893 edoctus
1185 841 1278 892 esset.
1310 826 1399 894 Hecu

359 913 517 978 mandate.
564 914 675 988 Quum
697 913 893 1000 exspirasset,
908 937 966 1002 per
984 927 1103 979 tutores
1124 927 1311 980 testamento
1327 936 1384 1000 pro·

359 999 433 1078 leto,
449 1023 612 1088 pueroque
634 1001 668 1064 in
689 1001 875 1065 concionem
897 1000 1063 1088 producto,
1083 1001 1166 1088 (erat
1185 1015 1293 1067 autem
1309 1001 1384 1087 quin·

357 1087 464 1153 decim
478 1101 555 1152 tunc
568 1088 667 1154 ferme
685 1087 856 1174 annorum)
870 1087 987 1188 paucis,
1004 1088 1060 1175 qui
1078 1110 1136 1175 per
1155 1088 1337 1153 concionem
1354 1086 1384 1149 ad

360 1174 544 1239 excitandos
568 1173 720 1238 clamores
745 1173 888 1260 dispositi
914 1187 1013 1250 erant,
1039 1175 1287 1261 approbantibus
1308 1187 1384 1238 testa·

360 1273 514 1338 mentum,
529 1261 641 1326 ceteris
655 1259 743 1325 velut
759 1274 848 1348 patre
868 1261 980 1326 amisso
1000 1261 1035 1325 in
1055 1263 1130 1326 orba
1149 1262 1278 1326 civitate
1298 1259 1385 1324 omnia

361 1347 554 1424 timentibus,
567 1347 662 1412 sunus
672 1347 709 1411 fit
719 1369 753 1411 re
777 1347 852 1424 um,
864 1347 963 1434 magis
974 1370 1080 1412 amore
1091 1348 1210 1412 civium
1222 1359 1256 1412 et
1266 1347 1383 1422 caritate,

358 1457 456 1520 quam
471 1456 547 1499 cure
563 1457 700 1512 suorum,
716 1456 752 1498 ce
765 1435 848 1499 ebre.
894 1433 990 1498 Brevi
1005 1433 1121 1500 deinde
1141 1447 1267 1500 ceteros
1286 1447 1385 1498 tutores

358 1534 536 1585 summovet
548 1521 808 1597 Andranodorus,
821 1521 968 1585 iuvenem
984 1520 1046 1584 iarn
1061 1544 1127 1586 esse
1143 1521 1294 1586 dictitans
1308 1519 1385 1584 Hier·

358 1629 521 1694 onymum,
537 1630 574 1671 ac
588 1607 678 1707 regni
693 1619 875 1694 potentemz
899 1606 1151 1694 deponendoque
1172 1608 1306 1673 tutelam
1323 1607 1399 1706 ipsas

357 1715 537 1792 quaecum
559 1692 701 1794 plumbus
723 1694 900 1759 communis
922 1709 998 1771 erat,
1023 1694 1057 1758 in
1077 1717 1112 1759 se
1135 1717 1239 1759 uuum
1262 1715 1383 1759 nmmum

358 1801 440 1844 rues
454 1793 618 1845 convertrt

402 1863 468 1930 Vix
477 1866 614 2019 guidem
629 1866 686 1931 ulli
700 1868 785 1932 bono
799 1867 1025 1954 moderatoque
1037 1869 1104 1955 regi
1118 1868 1221 1934 facilis
1236 1881 1304 1934 erat
1316 1867 1385 1930 saror

501 1975 700 2042 yracusanos,
730 1953 911 2019 succedenti
946 1965 1051 2018 tantae
1084 1955 1205 2020 caritati
1244 1954 1398 2020 Hieronist

391 2063 481 2105 erum
503 2041 590 2106 enim
606 2063 681 2106 vero
702 2039 928 2128 Hieronymus,
943 2041 1031 2105 velut
1052 2041 1116 2106 suis
1135 2041 1222 2107 vitiis
1243 2041 1383 2106 desidera·

246 2181 253 2202 .
358 2126 454 2192 bilem
473 2128 600 2193 efficere
614 2127 710 2193 vellet
731 2150 834 2204 avum,
849 2127 952 2214 primo
969 2128 1075 2192 statim
1097 2142 1281 2216 conspectu,
1297 2126 1383 2192 omnia

381 2237 454 2279 uam
477 2215 613 2302 disparia
634 2227 747 2292 essent,
773 2214 921 2278 ostendit
967 2213 1054 2279 Nam
1075 2216 1132 2301 qui
1151 2237 1209 2315 per
1232 2228 1281 2280 tot
1303 2233 1383 2278 annos

376 2301 536 2367 -‘eronem
551 2301 651 2366 filium
675 2324 715 2366 ue
737 2301 806 2365 eius
830 2299 997 2378 Gelonem,
1013 2323 1073 2366 nec
1087 2315 1182 2366 vestis
1202 2301 1324 2379 habitu,
1337 2319 1397 2366 nect

357 2386 420 2451 alio
434 2386 500 2452 ullo
522 2388 638 2475 insigni
652 2325 833 2452 differentes
848 2410 867 2451 a
888 2387 999 2453 ceteris
1013 2388 1135 2453 civibus
1148 2388 1311 2466 vidissent,
1324 2407 1383 2451 con·

357 2495 489 2622 querere
510 2496 691 2560 purpuram,
707 2497 744 2539 ac
758 2473 914 2550 diadema,
930 2497 966 2540 ac
984 2475 1132 2540 satellites
1146 2489 1301 2551 armatos3
1322 2493 1383 2560 qua·
1421 2513 1422 2516 =

380 2581 519 2647 ngrsque
530 2560 624 2624 etiam
639 2560 781 2625 alborum
797 2582 951 2647 equorum
966 2561 1127 2626 interdum
1139 2584 1180 2626 ex
1190 2563 1281 2650 regia
1293 2581 1383 2648 proce

356 2644 496 2722 dentem,
526 2667 612 2711 more
643 2645 791 2734 Dionysii
820 2647 955 2734 tyranni
1007 2647 1106 2713 Hunc
1136 2661 1201 2712 tam
1231 2647 1381 2736 superbum

357 2745 542 2819 apparatum
552 2732 760 2819 habitumque
775 2733 999 2799 convenientes
1009 2735 1224 2822 sequebantur
1239 2748 1382 2816 contemp
1421 2749 1422 2752 ’

357 2832 409 2883 tus
429 2817 571 2882 omnium
586 2818 761 2896 hominum,
776 2819 928 2907 superbae
947 2843 1047 2898 aures,
1063 2821 1291 2887 contumeliosa
1306 2819 1381 2890 dicu,

356 2905 418 2969 rari
433 2904 545 2982 aditus,
560 2928 627 2970 non
641 2903 752 2970 alienis
770 2905 876 2983 modo,
891 2907 948 2971 sed
962 2907 1117 2972 tutoribus
1131 2909 1238 2986 etiam,
1254 2905 1381 2973 libidines
1421 2917 1422 2922 ’

357 3015 467 3070 novae,
487 2991 661 3056 inhumana
681 2992 858 3058 crudelitas
905 2991 1017 3081 Itaque
1039 3006 1146 3058 tantus
1168 3017 1280 3060 omnes
1301 3008 1382 3058 terror
1421 3025 1422 3040 ι

355 3078 521 3158 invaserat,
537 3092 574 3144 ut
587 3079 717 3167 quidam
732 3102 774 3144 ex
789 3079 945 3144 tutoribus
959 3093 1015 3144 aut
1029 3093 1130 3147 morte
1145 3080 1328 3158 voluntaria,
1339 3092 1380 3141 aut
1421 3155 1422 3158 Ἴ

356 3164 431 3254 baga
444 3179 679 3254 praeverterent
692 3178 814 3230 metum
831 3166 1067 3254 supplicionrm.
1112 3167 1193 3233 Tres
1207 3190 1250 3233 ex
1266 3169 1312 3248 iis,
1324 3163 1380 3252 qui·

358 3359 441 3408 Valla.
471 3361 765 3423 dndreesetOe-mpanm
773 3359 861 3409 dedere
893 3360 999 3412 noluisse
1010 3362 1098 3410 mribit

356 3425 400 3487 qui
411 3429 524 3473 mmm.
541 3425 622 3474 anv.
924 3442 940 3485 4
956 3429 989 3474 Ie
1005 3443 1055 3490 que
1070 3428 1165 3476 edoctus
1181 3429 1255 3488 earet]
1279 3427 1378 3476 Murus.

389 3502 402 3535 a
421 3488 564 3538 munnere
577 3491 610 3537 ud
622 3489 746 3551 mutuam
759 3489 861 3551 priam
892 3489 958 3550 quod
974 3489 1069 3551 placuit
1079 3491 1212 3552 Gronorio,
1222 3491 1313 3554 recepit
1328 3487 1378 3537 set·

356 3554 454 3626 curam]
475 3553 517 3601 Ita
528 3555 634 3628 statuere
644 3552 676 3600 de
686 3552 760 3600 domo
770 3567 822 3612 sua,
833 3561 861 3600 ut
892 3553 944 3603 lter.
1365 3612 1369 3620 ι
1421 3615 1422 3618 ¹

356 3616 860 3736 substituendus?
892 3619 1301 3745 nubamus&
1317 3617 1369 3665 “¹⁰¹

357 3749 460 3806 peraret.
475 3745 592 3794 Gnorov.
924 3744 940 3794 6
953 3747 1094 3796 Succedens*
1105 3755 1189 3798 tantae
1198 3749 1296 3797 caritati
1306 3747 1376 3794 {suu

391 3810 755 3871 3Tutoreamodoquindeoim]
783 3809 861 3857 Haud
890 3811 944 3869 nir]
970 3809 1082 3871 Hieroni,
1099 3812 1141 3873 qui
1159 3817 1211 3861 tam
1229 3827 1299 3861 oerus
1314 3811 1376 3858 fient
1421 3833 1422 3842 ι

357 3870 407 3919 scio
425 3887 457 3920 an
476 3871 555 3921 Hiero
572 3877 677 3924 veterem
700 3872 805 3921 civitatis
825 3889 859 3921 re-
893 3872 992 3922 civibus.
1024 3875 1183 3937 stampais.
1197 3891 1233 3925 ιι.
1250 3875 1374 3940 mereim

356 3935 450 3997 gendes
476 3936 594 3985 rationem
621 3935 760 3997 respexerit,
783 3951 859 3998 quum
890 3939 983 3999 ebriae
992 3955 1076 3988 rerum
1085 3941 1374 4004 donusoruqmyatme

356 3999 425 4060 apud
440 3997 553 4062 Thucyd.
568 3998 598 4048 vi.
616 4010 652 4060 72.
668 4013 720 4046 rem
736 4001 860 4061 publicem
891 4003 1016 4052 accedere
1025 4019 1051 4052 ee
1061 4005 1197 4054 oenoeboet.
1214 4003 1326 4054 Similiter
1334 4001 1375 4048 lu·

356 4063 531 4127 Syracusanam
542 4079 558 4111 a
568 4063 706 4124 quindecim
717 4063 859 4125 magistrati·
892 4065 935 4115 tin.
947 4065 1004 4117 xxii.
1019 4081 1039 4116 1.
1051 4069 1202 4130 Apotbeeler,
1216 4071 1258 4132 qui
1273 4067 1373 4128 muritt-

355 4128 409 4188 bus,
428 4127 523 4178 Graece
541 4127 692 4189 στρατηγοῖς,
708 4127 858 4176 administra-
890 4131 943 4178 dini
952 4133 1043 4192 prioris
1053 4133 1166 4194 Dionysi
1176 4135 1292 4183 sumat.

355 4197 405 4240 tem
419 4192 536 4241 ridemus.
554 4192 672 4254 Polybius
683 4191 722 4239 rii.
735 4193 757 4240 8.
771 4191 857 4266 Hiero-
920 4196 1080 4268 [pillumque
1088 4198 1272 4258 amoenum]
1285 4193 1373 4252 etaupr

316 4275 319 4282 ⁴
354 4270 410 4303 nem
430 4255 455 4305 in
474 4256 556 4305 ammo
571 4255 668 4317 saepius
686 4254 798 4303 habuisse
814 4271 858 4304 rm·
891 4257 1008 4320 xxirr.3o.

354 4319 448 4382 perium
465 4321 595 4383 deponere,
611 4320 654 4368 sed
669 4317 751 4367 inritis
767 4317 859 4368 civibus
