2966 4778
374 238 470 304 LIB.
495 239 627 306 XXIII.
660 240 771 307 CAP.
796 247 847 308 35.
1075 249 1136 310 159

79 370 176 438 ratim
202 371 428 448 custodiendos
451 373 618 452 divideret,
641 375 795 464 daretque
819 399 958 464 operam,
981 400 1022 443 ne
1048 379 1136 466 quod
1148 393 1222 443 uc.
1239 405 1293 458 537.

79 459 122 524 iis
147 459 343 547 colloquium
365 461 448 525 inter
469 484 513 538 se,
536 483 617 526 neve
640 484 722 549 quac
745 465 990 530 communicatio
1012 465 1135 530 consilii
1145 458 1176 506 A.
1193 459 1222 507 Ο·
1239 473 1294 521 ²¹⁵·

78 558 174 610 esset.

128 631 292 697 Paridem
307 643 434 720 tempus
449 633 572 700 Romae
587 657 687 721 quum
704 636 745 700 A.
760 635 931 702 Cornelius
946 637 1134 716 Mammula,
1145 652 1271 702 Sardiniae

77 741 126 784 ex
142 718 288 785 Sardinia
301 720 465 806 provincia
480 721 649 799 decedens,
666 721 833 799 retulisset,
844 724 901 811 qui
915 737 1015 789 status
1029 747 1135 789 rerum
1144 723 1229 766 status.

79 807 117 870 in
134 805 236 870 Insula
250 816 341 883 esset,
357 806 476 871 bellum
492 830 529 872 ac
550 807 762 873 defectionem
776 832 887 874 omnes
904 824 1064 897 spectarc3
1091 811 1133 887 Q„

79 892 243 969 Mucium,
259 893 316 978 qui
336 894 534 958 successisset
555 895 625 972 sibi,
644 895 797 982 gravitate
815 895 896 960 coeli
916 920 1135 984 aquarumque

80 979 309 1044 advenientem
340 991 520 1066 exceptum,
547 1003 612 1045 non
637 994 702 1045 tam
727 981 762 1044 in
833 982 1013 1060 riculosum,
1039 1007 1135 1070 quam

80 1065 226 1152 longum,
242 1066 388 1130 morbum
404 1065 603 1154 implicitum,
620 1067 677 1131 diu
692 1067 732 1132 ad
747 1069 787 1133 be
802 1067 824 1131 li
837 1069 903 1132 vim
918 1070 1134 1134 sustinendam

79 1150 231 1216 inutilem
245 1151 322 1228 fore,
335 1153 573 1239 exercitumque
589 1153 634 1217 ibi
649 1168 685 1216 ut
693 1155 767 1218 satis
780 1154 906 1218 firmum
921 1170 1050 1244 pacatae
1062 1180 1133 1244 pro·

79 1237 207 1302 vinciae
230 1238 387 1325 praesidio
413 1261 490 1316 esse,
515 1239 560 1304 ita
584 1261 694 1326 pamm
719 1239 811 1317 bello,
839 1241 1072 1328 quodmotum
1096 1245 1135 1307 iri

80 1322 262 1388 videretur:
287 1324 497 1390 decreverunt
512 1324 631 1402 Patres,
644 1338 682 1390 ut
698 1325 739 1402 Q.
754 1326 883 1392 Fulvius
898 1327 1028 1394 Flaccus
1040 1331 1135 1416 quin-

81 1433 148 1497 que
159 1411 257 1475 millia
265 1411 420 1498 peditum,
431 1411 681 1498 quadringentos
692 1414 816 1499 equites
826 1415 987 1492 scriberet,
1000 1439 1134 1503 eamque

81 1496 243 1583 legionem
258 1498 360 1583 primo
372 1520 502 1584 quoque
518 1511 660 1585 tempore
675 1498 710 1562 in
727 1497 904 1564 Sardiniam
917 1501 1134 1566 traiiciendam

80 1597 218 1661 curaret,
234 1584 438 1670 mitteretque
454 1607 527 1649 cum
543 1585 687 1671 imperi0,
703 1608 801 1672 quem
816 1586 877 1674 ipsi
891 1586 1062 1665 videretur,
1079 1589 1135 1676 qui

80 1691 150 1733 rem
182 1683 293 1748 areret,
304 1671 409 1757 quoad
421 1670 550 1736 Mucius
560 1671 776 1737 convaluisset.
802 1673 857 1737 Ad
866 1696 936 1738 eam
947 1697 1013 1739 rem
1023 1675 1135 1739 missus

80 1769 133 1820 est
147 1693 186 1820 ἸΒ
200 1755 343 1821 Manlius
359 1756 550 1843 Torquatus,
590 1758 623 1821 ui
638 1758 686 1822 bis
697 1758 817 1823 consul
832 1782 1006 1848 censorque
1021 1763 1134 1839 firerat,

120 1843 313 1993 beficratque
329 1845 363 1907 in
385 1843 551 1908 consulatu
567 1782 691 1908 bardos
740 1844 806 1908 Sub
827 1845 911 1910 idem
927 1847 991 1911 fere
1010 1861 1135 1935 tempus

127 1951 146 1993 a
188 1930 351 2017 arthagine
367 1931 401 1993 in
413 1929 590 1995 Sardiniam
602 1930 707 1995 classis
718 1932 821 2008 missa,
832 1931 914 1997 duce
925 1932 1134 2011 Hasdrubale,

52 2015 135 2084 seui
153 2014 254 2081 Calvo
263 2038 307 2080 co
352 2039 447 2081 omen
462 2029 538 2093 erat,
550 2017 644 2081 foeda
658 2029 845 2104 tempestate
856 2031 979 2096 vexata,
992 2019 1033 2082 ad
1049 2019 1135 2084 Bali-

81 2124 154 2166 ares
168 2102 286 2167 insulas
307 2038 472 2168 iiiicitur:
498 2103 606 2188 ibique
621 2102 718 2188 <adeo
734 2125 798 2167 non
819 2118 1014 2168 armamenta
1029 2106 1133 2183 modo,

81 2187 139 2252 sed
154 2189 250 2253 etiam
261 2189 339 2253 alvei
350 2189 478 2253 navium
494 2189 631 2276 quassati
642 2189 748 2274 erant)
759 2189 933 2254 subductae
946 2213 1041 2255 naves
1055 2191 1133 2255 dum

81 2274 279 2353 reficiuntur,
296 2275 495 2362 aliquantum
511 2275 661 2362 temporis
676 2276 840 2343 triverunt

126 2359 167 2424 In
189 2359 282 2426 Italia
302 2385 403 2448 quum
420 2374 492 2448 post
514 2361 718 2426 Cannensem
741 2383 892 2462 pugnam,
907 2363 1014 2427 baetis
1035 2365 1132 2450 partis

81 2447 212 2512 alterius
234 2448 364 2526 viribus,
389 2447 518 2512 alterius
547 2447 676 2511 mollitis
705 2469 828 2526 animis,
856 2449 983 2537 segnius
1012 2450 1131 2515 bellum

80 2545 183 2598 esset:
218 2534 376 2621 Campani
397 2556 509 2621 perse
531 2533 633 2598 adorti
659 2546 735 2598 sunt
758 2556 827 2599 rem
855 2533 1034 2602 Cumanam
1056 2559 1131 2602 suae

80 2619 212 2692 ditionis
226 2621 350 2696 facere3
373 2621 477 2708 primo
497 2619 711 2697 sollicitantes,
728 2634 764 2685 ut
784 2621 823 2685 ab
845 2621 999 2686 Romanis
1014 2623 1132 2688 defice-

80 2719 162 2770 rent.
209 2706 276 2770 Ubi
305 2706 339 2770 id
364 2729 477 2794 parum
502 2706 663 2792 processit,
686 2706 796 2770 dolum
819 2707 860 2772 ad
886 2709 1057 2796 capiendos
1079 2733 1132 2775 eos

79 2805 275 2880 comparant
339 2791 512 2880 Campanis
542 2793 689 2857 omnibus
722 2806 838 2860 statum
872 2796 1060 2862 sacrificium
1090 2797 1280 2876 adeampano

81 2878 212 2944 Hamas.
260 2877 309 2944 Eo
329 2891 474 2944 senatum
492 2877 694 2966 Campanum
708 2893 877 2945 venturum
898 2883 1047 2947 certiores
1063 2882 1193 2952 (lu-¹}lm
1205 2879 1274 2953 ‘¹¹95‘

79 2981 192 3030 manos
211 2967 371 3031 fecerunt:
396 2965 631 3054 petieumtque,
647 2978 685 3029 ut
705 2978 739 3031 et
760 2965 926 3032 Cumanus
946 2991 985 3033 co
1005 2947 1272 3055 εειιιιῐιιεἷζῗζζηῗζὲει

80 3051 204 3117 veniret
226 3051 268 3117 ad
287 3051 532 3116 consultandum
551 3051 772 3129 communiter,
789 3066 826 3117 ut
845 3053 973 3118 eosdem
996 3067 1131 3141 uterque
1176 3111 1179 3120 .

80 3137 219 3225 populus
233 3138 335 3203 socios
349 3137 456 3203 hostes
479 3161 519 3202 ue
534 3137 683 3202 haberet:
708 3139 902 3224 praesidium
916 3139 961 3203 ibi
977 3155 1132 3205 armatum

80 3247 150 3289 sese
164 3223 392 3301 habitumque
408 3161 488 3312 quid
503 3223 542 3288 ab
559 3221 706 3288 Romano
722 3224 872 3288 Poenove
892 3225 1024 3312 periculi
1040 3240 1147 3291 esset·

82 3309 225 3376 Cumani
240 3311 439 3398 (quanquam
454 3322 600 3396 suspecta
614 3308 698 3374 fraus
713 3311 795 3392 erat)
809 3309 890 3374 nihil
906 3311 1064 3389 abnuere3
1089 3312 1134 3376 ita

50 3394 147 3484 otegi
167 3396 263 3462 fallax
284 3397 454 3462 consilium
474 3417 565 3483 posse
588 3395 656 3460 rati.
702 3393 837 3476 ¹Interim
860 3395 910 3462 Ti.
927 3395 1133 3484 SempronIus

79 3482 193 3548 consul
222 3483 385 3548 Romanus
411 3482 588 3557 Siouessae,
611 3503 676 3566 quo
700 3481 741 3545 ad
763 3481 1018 3547 conveniendum
1046 3483 1132 3549 diem

78 3569 235 3647 edixerat,
251 3570 394 3635 exercitu
408 3569 550 3645 lustrato,
566 3579 775 3654 transgressus
790 3566 988 3634 Vulturnum
1001 3569 1131 3647 flumen,

78 3656 166 3721 circa
178 3655 347 3721 Liternum
359 3669 460 3720 castra
473 3654 587 3742 posuit
633 3653 694 3731 Ibi,
707 3655 783 3741 quia
797 3655 898 3719 otiosa
908 3654 1021 3720 stativa
1031 3670 1131 3734 erant,

52 3742 191 3814 terebro
218 3742 384 3808 decurrere
410 3741 526 3808 milites
549 3740 691 3826 cogebat,
715 3755 752 3806 ut
778 3739 896 3806 tirones
918 3741 973 3830 (ea
994 3742 1133 3810 maxima

80 1865 121 1907 su

80 1944 115 1994 et

114 3936 189 3997 5Λά
208 3937 324 3986 Baliares
344 3937 440 3985 lamba
460 3937 587 3997 adlatur]
622 3943 647 3986 et
666 3937 713 4000 ipsi
732 3937 913 3986 meditabantur
933 3937 1050 3988 adversm
1068 3939 1132 3988 fian·

78 4000 163 4049 nasa
178 3998 294 4049 dimmtur
309 3998 381 4062 liqui
398 3999 420 4048 ri
437 3999 590 4063 tempestatis
622 4001 744 4050 dulentos.
760 4002 842 4052 Cass.
1156 4020 1159 4026 ·

79 4068 208 4112 renuatur
223 4079 239 4113 a
255 4077 335 4124 cursis,
346 4064 434 4113 autad
447 4068 538 4114 terram
553 4063 589 4112 in·
656 4066 775 4127 Weber
792 4067 933 4126 amavere]
964 4065 1075 4115 Verbum
1093 4067 1131 4116 clo

79 4125 125 4178 viti
148 4127 319 4190 impelluntur,
340 4141 437 4176 summa
460 4133 543 4176 tamen
564 4141 590 4176 re
622 4145 722 4179 carrera
732 4127 839 4177 militare
848 4128 992 4180 exercitium
1002 4129 1133 4192 significat,

78 4192 155 4242 salva.
189 4191 306 4255 Sicmpr.
318 4191 369 4241 xxi.
381 4206 420 4257 49.
432 4205 590 4256 eamqooqsss
622 4193 709 4254 dequo
720 4192 862 4242 sollenniter
872 4193 981 4242 adbiberi
992 4194 1062 4242 solet.
1095 4192 1131 4243 Si·

78 4258 340 4320 clossmodaepatas
355 4257 451 4306 tunam
466 4256 589 4305 ddectam.
622 4257 760 4306 mulacrum
782 4262 834 4305 erat
859 4256 970 4305 incurata
993 4256 1018 4304 in
1043 4257 1131 4306 hostes

79 4321 163 4370 Casu.
624 4319 677 4368 lnlr.
689 4320 757 4368 xxlx.
770 4335 808 4368 ss.
825 4335 900 4369 xxxv.
913 4333 950 4382 35.
968 4319 1075 4368 Brauon.
1102 4352 1105 4360 ·

113 4381 129 4432 6
141 4385 233 4432 Fallax
240 4384 379 4442 caeciliam]
390 4383 510 4431 Fraudem
517 4397 589 4444 quam
992 4392 996 4401 '
