3002 4798
369 266 410 326 26
753 261 864 329 ΤΙΤΙ
893 261 1028 330 LIVII

204 412 240 526 i·
252 414 283 528 t:
294 426 349 528 {a
368 396 718 570 dimititte&
728 398 1436 573 tttttttttttttttttlffltt

368 569 561 657 principium
575 570 670 638 simul
684 593 843 658 omenque
857 571 943 649 belli,
959 585 996 637 ut
1009 593 1150 636 summae
1166 593 1272 636 rerum
1287 593 1417 659 prospe·
1482 583 1483 588 ’

368 677 439 720 rum
461 667 623 734 eventum,
638 658 683 722 ita
697 657 784 722 haud
806 681 881 723 sane
896 658 1095 722 incruentam
1118 657 1329 744 ancipitisque
1350 679 1417 722 cer·
1482 695 1483 704 κ

368 742 494 806 taminia
508 743 682 821 victoriam,
699 743 853 808 Romanis
867 743 1037 830 portendit.

412 827 468 905 Ut,
484 851 518 893 re
541 829 586 894 ita
599 843 698 917 gesta,
714 829 755 894 ad
770 841 942 916 utrumque
965 828 1080 893 ducem
1095 829 1145 894 sui
1164 827 1340 905 redierunt,
1356 851 1415 892 nee

369 913 511 1001 Scipioni
527 928 608 980 stare
623 917 782 981 sententia
796 927 928 1003 poterat,
944 915 1005 979 nisi
1021 927 1056 980 ut
1070 937 1112 979 ex
1126 914 1266 978 consiliis
1280 916 1416 1003 coeptis-

367 1023 430 1086 que
443 1000 542 1065 hostis
551 1014 584 1067 et
592 1003 660 1089 ipse
670 1016 802 1067 conatus
810 1013 954 1100 caperet:
979 999 1237 1065 etHannibalem
1248 1001 1415 1077 incertum,

367 1101 474 1150 utrum
492 1101 643 1175 coeptum
657 1088 692 1150 in
714 1087 839 1154 ltaliam
855 1087 1037 1152 intenderet
1057 1087 1127 1163 iter,
1143 1109 1185 1150 an
1199 1107 1274 1150 cum
1293 1109 1344 1164 eo,
1360 1088 1415 1173 qui

365 1173 487 1258 primus
501 1195 534 1236 se
553 1173 719 1238 obtulisset
734 1172 898 1249 Romania
914 1173 1080 1250 exercitus,
1097 1193 1209 1236 manus
1224 1185 1414 1249 consereret,
1483 1199 1484 1218 ¹

271 1283 277 1290 ·
366 1258 480 1322 avertit
494 1281 513 1322 a
527 1259 686 1344 praesenti
701 1259 873 1324 certamine
889 1257 1042 1323 Boiorum
1057 1257 1233 1345 legatorum
1248 1257 1414 1345 regulique
1483 1265 1484 1270 ’

366 1342 488 1430 Magali
514 1343 685 1408 adventus:
714 1345 770 1430 qui
792 1367 825 1409 se
852 1344 950 1408 duces
973 1344 1133 1420 itinerum,
1157 1343 1258 1408 socios
1281 1344 1414 1430 periculi
1482 1373 1483 1378 ¹

364 1429 441 1506 fore,
454 1429 654 1507 affirmantes,
667 1429 792 1517 integro
803 1429 897 1510 bello,
908 1453 931 1493 n
992 1451 1067 1494 uam
1081 1443 1155 1494 ante
1169 1429 1275 1494 libatis
1285 1430 1435 1506 viribus„

365 1513 490 1580 Italiam
501 1516 747 1604 aggrediendam
763 1529 903 1581 censent.
990 1515 1127 1580 ultitudo
1137 1515 1269 1581 timebat
1283 1515 1414 1614 quidam

364 1600 498 1678 hostem,
523 1602 668 1668 nondum
688 1602 853 1668 obliterata
868 1602 1020 1666 memoria
1042 1601 1211 1688 superioris
1225 1600 1319 1666 belh:
1358 1600 1415 1665 sed

366 1687 466 1773 magis
475 1688 536 1752 iter
549 1687 739 1753 immensum
753 1688 927 1774 Alpesque,
937 1709 1005 1752 rem
1015 1687 1100 1751 fama
1114 1687 1224 1773 utique
1240 1687 1415 1774 inexpertis

254 1782 305 1841 30.
365 1771 565 1850 horrendam,
596 1775 766 1839 metuebat.
812 1773 926 1860 Itaque
953 1772 1126 1850 Hannibal,
1156 1786 1325 1860 postquam
1354 1773 1414 1858 ipsi

204 1865 330 1913 Hannibal
365 1859 524 1924 sententia
544 1861 632 1926 stetit
646 1883 777 1947 pergere
800 1861 856 1934 ire,
872 1875 968 1946 atque
983 1859 1107 1924 Italiam
1128 1871 1247 1946 petere,
1262 1858 1435 1930 mactatas

202 1928 313 2042 ffffl'
365 1945 529 2024 concione,
545 1946 630 2010 varia
645 1946 783 2010 militum
795 1960 897 2011 versat
911 1946 1033 2010 animos
1048 1945 1230 2045 castigando
1242 1945 1415 2010 adhortan-

365 2030 481 2118 doque.
527 2031 659 2096 ‘Mirari
668 2055 712 2110 se,
722 2034 852 2118 quinam
861 2045 990 2120 pectora
998 2053 1123 2117 semper
1131 2030 1291 2117 impavida
1299 2052 1414 2117 repens

367 2125 485 2182 ‘terror
505 2119 662 2184 invaserit.
708 2118 773 2183 Per
794 2131 842 2182 tot
867 2140 967 2183 annos
989 2118 1154 2196 vincentes
1175 2139 1230 2180 cos
1252 2116 1415 2202 stipendia

365 2212 375 2241 ‘
383 2203 504 2280 facere3
528 2227 634 2291 neque
650 2217 724 2270 ante
736 2204 894 2291 Hispania
908 2204 1086 2281 excessisse,
1098 2225 1194 2290 quam
1209 2225 1321 2266 omnes
1335 2225 1414 2289 gen·

366 2299 374 2326 ‘
387 2303 496 2375 tesqua
512 2304 545 2355 et
560 2303 660 2356 terrae
676 2313 743 2367 eae,
756 2311 835 2376 quas
845 2290 910 2355 duo
925 2289 1047 2353 diversa
1061 2289 1159 2352 maria
1170 2288 1411 2375 amplectantur,

365 2374 700 2462 ‘Carthaginiensium
718 2389 831 2441 essent.
877 2374 1063 2461 Indignatos
1083 2374 1210 2452 deinde,
1226 2373 1324 2460 quod,
1335 2376 1413 2524 qui·

365 2469 513 2546 ‘cunque
534 2461 711 2547 Saguntum
734 2461 939 2536 obsedissent,
951 2460 1039 2526 velut
1053 2461 1094 2525 ob
1116 2483 1243 2536 noxam,
1259 2459 1319 2524 sibi
1358 2460 1435 2528 edit

365 2546 557 2632 ‘postularet
572 2545 709 2695 populus
731 2545 907 2622 Romanus,
924 2545 1052 2611 Iberum
1067 2545 1223 2610 traiecisse
1239 2545 1280 2610 ad
1300 2545 1413 2610 delen·

365 2631 463 2694 ‘dum
477 2654 596 2695 nomen
644 2654 840 2708 omanorum,
852 2631 1116 2718 liberandumque
1125 2632 1234 2697 orbem
1247 2645 1410 2696 terrarum.

365 2716 472 2780 ‘Tum
495 2717 616 2781 nemini
630 2716 733 2781 visum
748 2717 783 2781 id
805 2716 836 2781 lo
892 2740 946 2794 un,
962 2739 1062 2804 quum
1083 2718 1123 2782 ab
1145 2739 1256 2781 occasu
1273 2717 1348 2781 solis
1370 2718 1413 2782 ad

365 2813 514 2867 ‘exortus
525 2802 729 2867 intenderent
740 2803 808 2867 iter.
837 2739 963 2880 aginno,
972 2816 1140 2889 postquam
1150 2803 1251 2868 multo
1260 2803 1412 2868 maiorem

365 2899 374 2928 ‘
408 2901 507 2954 artem
523 2889 644 2954 itineris
655 2911 814 2953 emensam
829 2890 1011 2965 cernant,P
1069 2910 1184 2952 naeum
1199 2888 1314 2954 saltum
1328 2891 1414 2954 inter

365 2912 593 3040 ‘lierocissimas
601 2988 712 3060 gentas
721 2988 912 3060 superatum,
924 2911 1129 3050 Rhodallum,
1141 2987 1264 3038 tantum
1273 2997 1411 3052 amnem,

365 3070 433 3124 ‘tot
447 3059 585 3124 millibus
605 3058 770 3124 Gallorum
789 3061 1040 3147 prohibentibus,
1056 3059 1177 3124 domita
1196 3061 1292 3124 etiam
1312 3059 1413 3146 ipsius

366 3145 525 3209 ‘fluminis
536 3147 577 3222 vi,
590 3146 765 3222 traiectum,
778 3147 811 3209 in
823 3159 996 3246 conspectu
1005 3145 1105 3231 Alpes
1114 3145 1262 3223 habeant,
1274 3168 1411 3232 quarum

366 3231 516 3296 ‘alterum
538 3231 618 3295 latus
638 3231 749 3296 Italiae
765 3233 822 3307 sit3
846 3231 881 3295 in
895 3232 972 3319 rpsis
991 3232 1090 3318 portis
1112 3230 1249 3295 hostiurn
1264 3232 1412 3318 fatigatos

365 3318 563 3394 ‘subsistere,
574 3317 653 3404 quid
665 3317 765 3404 Alpes
777 3317 862 3382 aliud
874 3340 941 3382 esse
956 3317 1131 3394 eredentes,
1142 3340 1237 3403 quam
1252 3318 1412 3382 montium

366 3403 595 3469 ‘altitudinasi
629 3403 803 3490 Fingerent
831 3403 957 3468 altiores
986 3403 1144 3490 Pyrenaei
1174 3403 1275 3490 iugis:
1308 3402 1412 3468 nullas

365 3499 374 3528 ‘
408 3491 527 3555 rofecto
557 3503 654 3554 terras
684 3490 808 3554 coelum
837 3490 1031 3576 contingere,
1057 3511 1118 3553 nee
1140 3487 1413 3575 inexsuperabiles

365 3513 526 3642 ‘bumano
537 3576 647 3664 generi
662 3597 738 3640 esse.
785 3573 885 3660 Alpes
896 3574 1028 3661 quidem
1042 3574 1186 3652 habitari,
1196 3572 1267 3652 coli,
1279 3575 1411 3662 gignere

399 3814 413 3860 3
429 3801 471 3846 Act
487 3805 583 3847 aemam
598 3799 740 3859 mapula]
758 3801 800 3846 Ad
816 3814 870 3848 aen·
903 3804 956 3847 tum
968 3805 1038 3847 esset.
1056 3799 1137 3849 Caua.

364 3869 417 3910 tum
437 3863 610 3932 quadruplata,
629 3859 761 3922 Polybium
778 3860 811 3910 iii.
832 3875 870 3923 45.
936 3864 1137 3924 5Per9araira]
1164 3861 1259 3912 cacia.
1271 3861 1374 3910 Acadi.
1391 3877 1411 3910 1.

365 3931 490 3974 auctorem
505 3930 609 3982 secutus,
620 3924 772 3973 scribendum
787 3931 871 3974 monet
905 3925 966 3974 Her.
977 3925 1010 3974 iii.
1026 3941 1045 3974 1.

368 3989 389 4037 1.
405 3989 446 4036 Fr.
457 3988 564 4037 Gronov.
576 3987 618 4048 qui
633 3987 743 4036 librarios
757 3987 797 4036 hic
815 4004 870 4050 pec·
939 3987 955 4037 6
976 3991 1121 4052 Quicunque
1147 3989 1168 4038 S
1216 3996 1285 4038 utum
1309 3989 1413 4038 obedis-

366 4067 441 4110 causc,
455 4055 484 4099 ut
501 4065 543 4100 ax.
558 4067 602 4114 pro
617 4065 659 4101 xr..
674 4050 813 4110 seriberent,
828 4067 871 4114 pa·
903 4054 968 4112 aaut]
988 4053 1073 4102 Solum
1085 4052 1203 4100 Hanniba
1213 4068 1251 4101 em
1263 4053 1413 4113 depopowe-

366 4115 423 4164 riter
436 4131 466 4163 ac
481 4129 546 4177 supr.
561 4131 585 4164 x.
602 4115 640 4178 38.
655 4121 746 4164 censet.
762 4117 793 4166 cf.
805 4131 870 4177 supr.
903 4123 958 4164 rant
970 4115 1084 4165 Romani.
1110 4116 1158 4164 Sed
1170 4115 1211 4164 hic
1223 4116 1350 4164 Hannibal
1361 4131 1413 4166 non

366 4179 455 4244 rii.19.
903 4185 954 4228 tam
976 4186 1070 4241 spectat
1091 4179 1150 4242 quid
1173 4193 1255 4228 remur
1278 4179 1318 4242 uit,
1336 4194 1413 4240 quam

397 4245 529 4303 4Iutoaro
550 4243 622 4303 ballo]
653 4242 725 4292 Bello
750 4258 870 4303 nusquam
904 4243 962 4304 quid
979 4243 1125 4292 invidiosum
1143 4243 1168 4292 in
1186 4244 1321 4302 Romanos,
1336 4249 1363 4291 et
1378 4245 1412 4292 ad

364 4309 422 4354 ante
437 4311 540 4364 tentato,
551 4306 621 4355 cuius
633 4322 663 4354 or
679 4313 799 4368 apparatu
816 4306 868 4353 viri-
901 4321 1000 4355 suorum
1013 4307 1107 4356 munros
1117 4307 1305 4358 inflammandos
1315 4307 1413 4357 efficax.

365 4371 458 4432 busque
473 4369 533 4419 nibil
549 4369 683 4420 delibatum
699 4376 741 4418 aut
755 4369 868 4418 imminu·
902 4370 982 4421 Casa.
