2950 4774
332 232 427 300 ΜΒ.
452 233 561 300 XXV.
593 221 703 302 oar.
731 239 779 302 rs.
1014 242 1075 307 251

41 369 152 454 gratiae
167 369 252 458 apud
266 369 411 435 Poenum
449 391 589 446 uaerens,
605 391 710 458 neque
731 370 862 436 mandre
877 369 955 472 ipse,
970 391 1077 459 neque
1088 387 1122 440 u.
1133 389 1163 438 c.
1181 401 1236 450 ⁵40·

40 455 156 520 trahere
166 457 208 521 ad
218 456 427 522 delectionem
469 477 586 522 ucauos
594 456 668 522 satis
678 457 799 535 babuit,
809 455 870 522 nisi
881 479 925 521 rm
967 457 1078 523 tatoris
1088 457 1118 504 Δ
1135 453 1165 504 ⁰·
1182 467 1209 500 ²¹
1215 465 1237 500 ²·

41 556 70 605 et
88 543 229 608 eiusdem
243 543 375 632 hospitis
396 543 515 631 proditi
528 543 630 632 capite
651 565 687 608 ao
701 543 855 630 sanguine
870 543 889 608 f
944 565 982 608 us
1003 565 1077 610 curn

40 627 178 694 hostibus
191 630 352 696 sanxisset
398 630 453 696 Ad
468 629 652 718 Magonem,
666 631 722 718 qui
732 631 767 695 in
779 629 913 696 Bruttiis
923 643 1078 720 praeerat,

21 715 114 784 sclam
123 717 158 780 in
167 716 467 804 colloquiumvenit:
484 717 611 804 fideque
621 717 661 782 ab
670 739 791 782 eoaoce
815 717 1079 795 tasiRomanum

41 801 74 866 iis
87 803 308 904 imperatorem
319 803 507 881 tradidisset,
519 803 633 868 liberos
643 825 715 868 cum
726 739 921 892 suisiegibm
929 819 1080 869 venturos

21 888 69 952 oin
83 891 253 956 amrcitiam
270 889 436 968 Lucanos3
460 890 590 956 deducit
601 890 745 956 Poenum
755 890 789 954 in
804 889 919 968 locum,
931 913 996 978 quo
1011 902 1080 956 erat

41 998 107 1040 cum
120 978 232 1064 paucis
254 977 434 1054 Gracchum
452 976 653 1042 adducturus.
699 975 873 1064 Magonem
896 977 941 1042 ibi
955 977 1079 1066 pedites

41 1063 222 1152 equitesque
248 1087 376 1142 armare,
401 1077 434 1130 et
456 1085 568 1151 capere
592 1087 644 1129 eas
670 1062 813 1141 latebras,
838 1063 892 1129 uhi
915 1063 1079 1152 ingentem

41 1171 203 1216 numerum
221 1151 388 1230 occuleret,
404 1151 501 1215 iubet
547 1150 635 1216 Loco
654 1149 728 1215 satis
748 1151 924 1238 inspectoa
960 1173 1001 1216 ue
1018 1173 1081 1215 un·

41 1233 131 1324 dique
147 1237 320 1326 explorato,
336 1238 405 1303 dies
424 1237 597 1326 composita
615 1237 772 1326 gerendae
786 1239 832 1302 rei
852 1251 909 1304 est
980 1237 1081 1302 levius

42 1322 77 1386 ad
92 1323 274 1389 Romanum
289 1325 508 1412 imperatorem
523 1325 627 1389 venit:
653 1323 758 1388 ‘Rem
773 1325 827 1402 se,'
841 1323 894 1402 ait,
912 1333 1080 1412 ‘magnam

43 1409 230 1490 ‘inchoasse,
256 1411 417 1499 adquam
442 1411 669 1499 perficiendam
694 1410 792 1499 ipsius
820 1409 959 1476 Gracchi
984 1434 1004 1477 ο
1045 1432 1082 1475 ra

25 1503 134 1582 t‘opus
148 1521 228 1563 esse.
274 1498 428 1565 Omnium
484 1497 631 1586 pulcrum
649 1499 853 1586 praetoribus,
869 1498 926 1586 qui
941 1497 983 1562 ad
1025 1521 1080 1562 oc·

44 1588 132 1647 ‘num
148 1584 184 1648 in
200 1584 255 1650 illo
275 1585 435 1650 communi
442 1520 560 1650 Gialiae
576 1599 665 1649 motu
684 1583 864 1662 descissent,
880 1584 1079 1673 persuasisse,

44 1676 92 1733 ‘ut
102 1671 246 1736 redirent
259 1672 293 1736 in
305 1672 474 1736 amicitiam
488 1671 724 1737 Romanorum:
748 1671 878 1759 quando
887 1693 937 1736 res
951 1693 1080 1758 quoque

45 1753 192 1836 Romana,
212 1781 294 1846 quae
316 1781 415 1846 prope
435 1758 569 1823 exitium
586 1759 676 1823 clade
702 1757 865 1823 Cannensi
881 1759 1026 1834 venisset,
1046 1757 1080 1821 in

46 1843 127 1908 ‘dies
134 1844 248 1909 melior
262 1859 293 1910 at
317 1869 357 1909 ue
369 1846 490 1910 auctior
503 1846 611 1923 lieret3
635 1843 826 1910 Hannibalis
836 1844 883 1909 vis
893 1859 1081 1922 senesceret,

46 1937 94 1994 ‘ac
104 1953 203 2018 prope
219 1931 259 1996 ad
270 1869 406 1996 nihilum
420 1932 564 1997 venisset.
609 1931 721 1997 Veteri
735 1931 853 1996 delicto
867 1931 955 1995 baud
969 1930 1083 2018 impla-

46 2017 175 2082 ‘cabiles
189 2017 256 2083 sore
272 2017 450 2084 Romanos:
475 2018 593 2084 nullam
611 2043 655 2082 un
680 2041 752 2082 uam
767 2031 897 2106 gentem
911 2017 1010 2104 magis
1025 2039 1082 2081 ex·

47 2103 221 2183 ‘orabilcm,
236 2105 527 2194 promptioremque
536 2105 647 2170 veniae
657 2043 781 2168 dandae
795 2104 899 2168 fuisse.
947 2103 1084 2178 Quoties

48 2189 225 2256 ‘rebellioni
243 2191 338 2257 etiam
358 2193 511 2257 maiorum
526 2214 653 2256 suorum
674 2191 841 2278 ignotum?
864 2189 955 2254 Haec
970 2191 1009 2254 ab
1029 2190 1083 2268 se,’

48 2275 94 2353 ait,
115 2277 236 2343 ‘dictat
261 2293 399 2344 ceterum
422 2280 461 2343 ab
483 2281 552 2367 ipso
577 2277 722 2343 Graccho
744 2277 855 2342 eadem
875 2277 953 2340 haec
973 2274 1085 2340 audire

50 2361 153 2428 ‘malle
174 2387 238 2443 eos,
258 2365 494 2453 praesentisque
516 2365 699 2452 contingere
722 2364 885 2429 dextram:
909 2362 945 2427 id
969 2362 1085 2450 pignus

50 2449 137 2514 ‘fidei
151 2474 259 2516 secum
273 2453 362 2517 ferre.
409 2450 531 2517 Locum
547 2475 580 2516 se
595 2451 732 2516 consiliis
746 2451 863 2515 dixisse
878 2473 898 2514 a
912 2461 1084 2537 conspectu

51 2543 213 2616 ‘amotum
223 2539 427 2627 haudprocul
438 2563 458 2604 a
471 2539 578 2604 castris
589 2538 749 2603 Romanis
795 2536 844 2603 Ibi
860 2536 970 2625 paucis
980 2535 1086 2600 verbis

52 2625 189 2711 ‘transigi
211 2647 278 2690 rem
303 2648 404 2713 posse,
421 2639 457 2690 ut
473 2647 568 2691 omne
587 2646 705 2690 nornen
728 2624 894 2689 Lucanum
916 2623 951 2687 in
965 2622 1029 2687 fide
1048 2644 1086 2686 ac

53 2710 207 2776 ‘societate
225 2711 370 2776 Romana
391 2713 451 2777 sit’
496 2711 668 2788 Gracchus,
684 2711 827 2776 fraudem
847 2723 881 2776 et
895 2709 1032 2776 sermoni
1052 2721 1086 2774 et

52 2796 90 2858 rei
103 2797 208 2864 abesse
224 2813 318 2878 ratus,
334 2822 371 2864 ac
390 2798 595 2864 similitudine
610 2799 676 2863 veri
694 2811 813 2885 captus,
828 2819 901 2862 cum
923 2797 1086 2861 lictoribus

53 2903 83 2945 ac
91 2895 191 2949 turma
205 2887 349 2972 equitum
361 2885 496 2950 constris
507 2885 674 2974 profectus,
684 2884 766 2950 duce
777 2883 901 2970 hospite
913 2883 946 2946 in
956 2881 1085 2947 insidias

52 2971 273 3122 praecipitatur.
321 2971 438 3038 Hostes
452 2972 556 3037 subito
577 2971 697 3036 exorti:
722 2984 764 3049 et,
780 2993 821 3034 ne
836 2969 933 3034 dubia
947 2968 1086 3057 proditio

54 3069 133 3134 esset,
176 3059 276 3124 larius
286 3058 336 3124 his
350 3081 383 3124 se
399 3058 553 3146 adiungit.
599 3058 680 3122 Tela
694 3057 836 3143 undique
852 3055 887 3119 in
904 3054 1086 3120 Gracchum

55 3155 138 3228 atque
147 3145 271 3296 equites
280 3145 500 3210 coniiciuntur.
547 3142 710 3209 Gracchus
719 3166 759 3207 ex
765 3165 852 3293 §quo
862 3141 979 3206 desilit:
999 3141 1085 3206 idem
1095 3156 1223 3208 uuachun

55 3244 162 3296 ceteros
185 3255 276 3297 acere
287 3232 385 3310 iubet,
397 3233 614 3319 hortaturque,
628 3230 703 3307 ‘Ula
719 3252 763 3316 (1¹1
817 3251 917 3293 unum
929 3228 1085 3315 reliquum
1095 3223 1245 3337 ἓὲξξὲἓὲ.

56 3315 168 3384 lortuna
189 3319 311 3397 fecerit,
329 3319 363 3383 id
384 3319 590 3384 cohonestent
609 3317 734 3382 virtute.
781 3315 955 3402 Reliquum
980 3329 1086 3379 autem
1094 3355 1141 3402 m

57 3405 143 3490 ‘quid
162 3429 230 3472 csse
245 3405 362 3493 paucis,
379 3429 398 3470 a
415 3403 618 3470 multitudine
638 3404 672 3466 in
687 3401 767 3467 valle
785 3403 863 3466 silva
877 3425 914 3466 ac
927 3401 1087 3467 montibus

40 3497 173 3582 l‘saepta
192 3493 423 3570 circumventis,
444 3505 568 3579 praeter
589 3490 745 3555 mortem?
776 3487 815 3554 Id
835 3488 960 3567 referre,
981 3501 1087 3552 utrum

83 3691 136 3749 581¹
157 3691 295 3739 Romanam
317 3689 347 3736 lla
368 3686 548 3752 imperatorem]
583 3684 705 3747 ingentem
721 3697 850 3732 numerum
861 3681 1007 3730 occulerent.
1041 3681 1088 3728 Lo-

57 3751 90 3799 llic
101 3753 196 3816 scripti:
215 3753 261 3801 nisi
272 3753 337 3814 quod
348 3752 446 3815 quidam
462 3766 506 3813 pro
520 3753 552 3799 lla
584 3751 691 3798 co...''
719 3747 777 3810 lpsa
789 3748 846 3796 Put.
858 3745 948 3794 codicis
962 3744 1088 3808 scriptura,

57 3813 137 3866 hebent
151 3821 181 3877 la,
196 3818 263 3880 quod
282 3817 347 3866 idam
364 3823 407 3865 est.
440 3813 552 3877 Sigonius
584 3828 675 3874 exqua
687 3812 748 3860 haec
760 3815 829 3860 emta
843 3816 879 3858 est
895 3809 1042 3868 emendatio,
1053 3813 1088 3856 ta-

57 3879 184 3931 dederatcx
194 3881 333 3930 coniectura
343 3895 429 3942 parum
438 3893 553 3954 prospera
585 3877 615 3926 lis
625 3883 675 3926 est:
693 3879 709 3903 “
719 3873 827 3924 Deducit
839 3874 950 3922 Poenum
967 3873 993 3920 in
1007 3873 1088 3921 locum

57 3945 102 3993 rios.
131 3950 176 4006 Iis,
194 3961 285 4009 nempe
305 3943 553 4008 Carthaginiensibus,
585 3941 668 4004 paucis
684 3939 824 3990 Gracchum
840 3939 1002 3988 adducturum
1018 3951 1089 4000 mago

58 4007 93 4068 tui
102 4011 172 4059 facila
182 4027 213 4059 ex
225 4025 297 4059 sensu
307 4009 484 4072 intelliguntur.
498 4008 545 4056 Ga.
584 4005 617 4053 ibi
629 4005 723 4068 pedites
733 4004 875 4066 equitesque
888 4017 994 4052 armarat
1009 4007 1034 4050 st
1050 4017 1089 4050 oa-

85 4071 99 4121 6
108 4077 211 4124 Deducit
218 4077 329 4125 Poenam
340 4077 368 4122 ἐπ
378 4075 467 4131 heum]
477 4072 553 4120 Hunc
585 4085 643 4132 pere
653 4085 696 4117 sos
706 4069 811 4117 latebras
820 4067 862 4116 ubi
871 4067 993 4130 ingentem
1004 4080 1089 4114 nume·

60 4135 130 4186 locum
145 4140 179 4188 sic
191 4139 287 4202 refingit
301 4138 399 4187 adiutus
409 4137 502 4199 optimo
514 4149 552 4183 co-
584 4148 638 4183 rum
647 4135 794 4182 occuleret.'’
803 4133 884 4182 Gerr.
894 4130 1045 4180 Gronovium
1054 4143 1090 4177 se-

60 4199 106 4248 dite
121 4203 270 4253 Gronbviua:
291 4201 416 4251 “deducit
434 4200 553 4256 Poenum,
585 4203 657 4248 cutus
667 4203 704 4246 est
716 4198 821 4246 Beldrer.

62 4277 102 4322 quo
112 4282 167 4330 eom„
176 4269 260 4330 paucis
269 4267 409 4316 Gracchum
420 4265 456 4312 ait
467 4265 552 4312 ductu·
623 4264 767 4323 70omr'am
786 4261 944 4324 maloram]
976 4258 1091 4307 Lucanas

62 4341 115 4379 mm.
145 4331 217 4394 Mago
236 4332 276 4380 ubi
299 4331 394 4394 pedites
413 4328 553 4392 equitesque
585 4326 670 4390 gentis.
687 4329 767 4375 Cnsv.

63 4402 173 4455 &memet
189 4405 286 4459 caperet
304 4412 346 4445 eas
362 4395 475 4453 latebras,
491 4407 554 4454 quae
619 4389 633 4439 8
650 4393 681 4440 Id
690 4391 795 4450 rasore]
816 4389 931 4437 Idunum
944 4386 1065 4434 interesse.
1085 4419 1090 4434 .
