2888 4768
364 159 460 225 LIB.
488 159 617 225 XXIV.
656 158 766 226 CAP.
791 169 821 226 4.
1058 165 1118 230 179

67 297 192 361 minens
207 297 299 375 mari,
310 297 409 362 altera
422 309 571 384 vergente
586 298 621 360 in
635 321 755 385 agnrm,
766 298 828 363 situ
844 309 966 362 tantum
981 299 1115 364 naturali
1130 311 1161 360 u,
1173 311 1202 362 e.
1219 325 1273 374 537·

66 384 232 470 quondam
248 385 380 462 munita,
396 395 505 471 postea
525 397 557 448 et
577 407 668 449 muro
688 385 792 449 cincta
806 398 862 461 est,
902 408 942 448 ua
956 408 1013 472 per
1026 409 1114 451 aver·
1125 377 1155 424 A.
1172 376 1201 426 0·
1217 391 1272 439 ²¹⁵·

63 493 111 534 sas
133 493 234 559 rupes
257 473 297 538 ab
319 471 475 560 Dionysio
500 469 623 536 Siciliae
646 484 780 559 tyranno
804 494 861 558 per
878 409 991 536 dolum
1012 473 1114 539 fuerat

61 571 164 644 capta.
215 557 299 623 Eam
319 572 386 624 tum
401 581 515 634 arcem,
530 559 612 636 satiS,
628 571 665 622 ut
681 559 855 635 videbatur,
872 571 981 635 tutam,
1000 557 1113 625 Croto-

62 645 186 710 niatum
203 647 373 733 optimates
387 646 547 722 tenebant,
563 645 811 710 circumsedente
826 667 899 709 cum
912 645 1044 710 Bruttiis
1059 670 1113 712 cos

61 731 158 796 etiam
178 732 276 819 plebe
294 755 358 797 sua
404 732 569 796 Postremo
584 730 713 810 Bruttii,
729 755 829 819 quum
848 731 911 796 suis
925 733 1044 797 viribus
1062 734 1113 798 in·

61 819 313 920 expugnabilem
329 818 474 883 viderent
488 841 602 896 arcem,
617 819 718 884 coacti
732 819 926 896 necessitate,
943 818 1112 886 Hannonis

61 905 219 970 auxihum
236 905 413 994 implorant
455 905 496 982 Is,
512 905 746 970 conditionibus
760 906 802 969 ad
816 905 1010 970 deditionem
1024 929 1111 972 com-

59 992 179 1078 pellere
208 991 411 1058 Crotoniatas
436 1005 576 1070 conatus,
606 1005 643 1056 ut
668 993 824 1057 coloniam
848 991 1045 1058 Bruttiorum
1071 1017 1110 1060 eo

39 1078 189 1158 6deduci,
215 1080 284 1144 anti
308 1103 444 1167 uamque
467 1079 678 1166 frequentiam
702 1101 741 1144 eo
767 1079 906 1180 recipere
930 1093 1048 1144 vastam
1073 1104 1110 1147 ac

60 1165 221 1232 desertam
258 1168 298 1232 be
323 1168 349 1232 is
384 1168 496 1231 urbem
532 1179 725 1254 paterentur,
759 1189 901 1231 ommum
937 1167 1107 1247 neminem,

59 1267 187 1338 praeter
210 1255 479 1332 Aristomachum,
504 1254 612 1318 movit.
659 1252 833 1318 Morituros
857 1276 891 1319 sc
915 1254 1109 1321 affirmabant

59 1338 162 1418 citius,
191 1363 301 1428 quam,
327 1341 464 1406 immixti
494 1340 636 1419 Bruttiis,
667 1341 702 1404 in
733 1340 851 1406 alienor
881 1341 969 1418 ritus,
996 1363 1107 1420 mores,

59 1424 223 1514 legesque,
247 1449 283 1492 ac
305 1451 381 1492 mox
401 1427 542 1515 linguam
565 1429 660 1493 etiam
681 1441 886 1494 verterentur.
933 1428 1109 1494 Aristoma-

59 1510 137 1577 chus
159 1537 254 1592 unutt,
270 1515 398 1601 quando
418 1538 477 1579 nec
497 1515 661 1580 suadendo
682 1514 723 1578 ad
744 1515 940 1581 deditionem
962 1515 1035 1580 satis
1054 1539 1108 1581 va·

58 1596 152 1677 lebat,
169 1624 243 1679 nec,
259 1602 340 1666 sicut
359 1603 470 1668 urbem
490 1601 680 1689 prodiderat,
698 1600 802 1666 locum
824 1602 1007 1689 prodendae
1029 1604 1107 1668 arcis

59 1683 254 1766 inveniebat,
271 1687 436 1774 transfugit
450 1687 491 1753 ad
506 1688 710 1753 Hannonem.
745 1688 919 1754 Locrenses
933 1689 1021 1754 brevi
1035 1702 1107 1776 post

58 1768 164 1858 legati,
192 1797 295 1862 quum
365 1775 478 1838 rmissu
504 1773 673 1839 Hannonis
698 1796 802 1839 arcem
831 1775 1009 1853 intrassent,
1035 1799 1106 1864 per·

58 1859 203 1939 suadent,
222 1873 259 1925 ut
273 1873 286 1924 t
345 1861 396 1924 uci
410 1883 443 1925 se
459 1861 493 1924 in
508 1859 627 1925 Locros
641 1873 833 1961 paterentur,
849 1884 909 1926 nec
924 1861 1036 1926 ultima
1050 1885 1106 1926 cx·

97 1946 152 2012 riri
167 1947 300 2012 vellent.
345 1945 414 2011 Iam
428 1947 489 2012 hoc
504 1960 540 2011 ut
554 1947 614 2013 sibi
627 1947 746 2026 liceret,
761 1947 1004 2033 impetraverant
1018 1961 1051 2013 et
1066 1951 1105 2013 ab

93 2034 254 2112 annibale,
270 2033 371 2098 missis
386 2033 427 2098 ad
441 2033 477 2097 id
489 2034 593 2120 ipsum
607 2032 727 2120 legatis.
773 2033 824 2097 Ita
839 2033 981 2098 Crotone
997 2057 1105 2100 exces-
1114 2049 1239 2098 Orotonta

58 2137 126 2182 sum
159 2135 222 2198 est,
248 2120 441 2206 deductique
474 2119 678 2184 Crotoniatae
710 2119 752 2183 ad
783 2141 869 2184 mare
902 2142 997 2184 naves
1029 2113 1255 2226 conubiaque

59 2206 227 2274 scendunt
273 2206 391 2272 Locros
407 2206 508 2271 omnis
523 2203 693 2270 multitudo
707 2207 834 2271 abeunt.
1113 2192 1128 2226 ⁸
1159 2193 1210 2226 ”¹¹¹

100 2289 139 2357 In
157 2293 281 2383 Apulia
294 2317 334 2358 ne
349 2292 451 2358 hiems
466 2291 596 2380 quidem
611 2291 719 2378 quieta
733 2293 817 2356 inter
833 2293 994 2357 Romanos
1008 2304 1103 2381 atque

59 2375 276 2447 Hannibalem
292 2395 367 2446 erat.
413 2379 567 2444 Luceriae
585 2377 657 2443 Sem
681 2379 788 2443 ronius
805 2379 925 2457 consul,
942 2379 1104 2445 Hannibal

59 2461 143 2531 haud
158 2467 274 2557 procul
289 2467 386 2555 Arpis
404 2465 598 2532 hibernabat.
685 2478 733 2530 ter
752 2488 805 2531 eor
824 2465 906 2531 levia
924 2466 1044 2555 proelia
1063 2489 1104 2532 ex

59 2556 234 2634 occasione,
257 2568 312 2620 aut
335 2554 569 2642 opportunitate
593 2553 687 2617 huius
710 2566 765 2618 aut
786 2552 870 2618 illius
892 2555 999 2640 partis,
1022 2555 1103 2619 orie·

58 2637 190 2707 bantur:
208 2641 383 2728 meliorque
395 2641 433 2705 iis
445 2641 618 2718 Romanae,
630 2653 663 2704 et
677 2641 712 2704 in
726 2640 795 2705 dies
806 2641 927 2706 cautior
941 2641 1102 2729 tutiorque

58 2725 96 2788 ab
110 2727 235 2794 insidiis
250 2729 353 2793 fiebat.

99 2812 139 2878 In
171 2815 282 2882 Sicilia
311 2814 464 2880 Romanis
492 2815 600 2879 omnia
627 2826 802 2879 mutaverat
830 2837 913 2878 mors
940 2814 1100 2891 Hieronis,
1167 2822 1198 2878 4.

58 2919 257 2990 regnumque
286 2901 327 2966 ad
357 2900 591 2990 Hieronymum
620 2915 771 2988 nepotem
798 2901 867 2965 eius
896 2901 1214 2976 translatumzflieroci

39 3001 50 3050 t
79 3009 202 3068 uerum,
217 2988 349 3054 vixdum
365 2987 553 3064 libertatem,
570 2986 689 3052 nedum
703 2986 961 3064 dominationem,
977 2968 1230 3078 modiceffill,

38 3005 204 3142 slltumm.
250 3075 351 3140 Laete
365 3073 401 3139 id
419 3075 584 3162 ingenium
604 3086 723 3137 tutores
738 3084 832 3161 atque
848 3073 941 3138 amici
955 3073 996 3137 ad
1009 3046 1243 3161 prae-masiis

58 3159 254 3246 cipitandum
279 3163 314 3226 in
343 3161 450 3226 omnia
474 3161 552 3226 vitia
575 3171 784 3247 acceperunt:
819 3182 901 3246 quae
926 3160 970 3224 ita
994 3159 1178 3226 saturante

59 3265 189 3315 cernens
205 3249 316 3327 Hiero,
332 3248 443 3314 ultima
457 3258 584 3312 senecta
598 3245 731 3312 voluisse
746 3245 862 3310 dicitur
875 3245 988 3311 liberas
1005 3247 1099 3334 Syra·

38 3348 145 3400 9cusas
166 3336 355 3424 relinquere,
377 3358 417 3399 ne
440 3334 499 3399 sub
513 3335 679 3398 dominatu
697 3331 820 3419 puerili,
841 3355 899 3420 per
917 3332 1097 3412 ludibrium,
1128 3353 1129 3356 ’

58 3415 148 3486 bonis
162 3423 282 3488 artibus
295 3435 421 3509 partum
434 3422 657 3520 firmatumque
672 3419 816 3484 interiret
829 3439 971 3507 regnum.
1010 3419 1098 3486 Huic

59 3509 188 3575 consilio
214 3509 281 3574 eius
306 3531 429 3573 summa
453 3531 513 3596 ope
539 3509 688 3572 obstitere
713 3505 806 3585 filiae,
832 3529 950 3572 nomen
974 3507 1098 3595 regium

58 3611 155 3674 penes
179 3618 314 3683 puerum
340 3595 482 3659 futurum
513 3607 609 3670 ratae,
643 3593 785 3681 regimen
818 3615 923 3657 rerum
955 3594 1097 3659 omnium

41 3697 155 3773 1pcnes
173 3705 206 3748 se
221 3682 366 3769 virosque
386 3704 468 3759 suos,
483 3679 752 3745 Andranodorum
770 3691 803 3744 et
819 3679 998 3767 Zoippum:
1022 3703 1096 3746 narn

60 3763 80 3825 ti
103 3780 244 3834 tutorum
265 3769 359 3857 primi
382 3767 649 3854 relinquebantur.
696 3767 773 3830 Nou
795 3765 886 3831 facile
910 3781 977 3832 erat
998 3791 1096 3833 nona-

90 3930 105 3980 6
117 3939 560 4002 AntiquamquesrequeatiamJSuam
592 3936 698 3987 Bekher.
709 3938 823 4000 reposuit.

61 3995 151 4049 addidit
162 4003 268 4051 Beliker.
281 4004 398 4064 probante
410 4002 539 4052 Gronovio.
623 4017 639 4067 9
655 4005 707 4052 Per
716 4004 848 4051 ludibrium
860 4039 866 4052 .
876 4038 881 4050 .
892 4040 898 4051 .
909 4003 1033 4066 interiret]
1053 4005 1092 4053 In-

92 4067 275 4134 thibertatem]
296 4067 333 4115 Ut
344 4067 386 4129 qui
397 4081 427 4114 ex
439 4071 558 4128 potestate
590 4067 672 4115 teriret
688 4081 732 4129 per
747 4065 871 4115 lasciviam
887 4066 955 4129 pueri
973 4068 1093 4130 Hierony-

60 4135 98 4171 au
116 4129 203 4178 mortui
221 4130 318 4190 exisset,
336 4141 361 4179 et
379 4130 416 4178 sui
435 4129 493 4178 iuris
509 4129 558 4178 iam
591 4131 634 4190 mi,
642 4130 711 4179 cuius
719 4131 804 4179 levitas
814 4145 887 4192 regno
897 4132 963 4180 velut
973 4132 1092 4180 illuderet.

61 4187 135 4240 factm
145 4200 213 4243 esset.
591 4195 671 4243 Cauv.

87 4253 232 4307 Statariam.
244 4260 366 4319 Laeter'd]
375 4259 503 4308 naturam.
518 4261 559 4307 Ea
626 4271 634 4306 1
654 4260 721 4306 Nam
730 4261 750 4305 ir·
761 4261 880 4318 tutorum]
903 4259 960 4307 Hae
971 4273 1042 4307 voces
1052 4260 1093 4307 de·

62 4322 279 4380 cetateldstrcth.
305 4325 413 4372 daturae
423 4325 559 4382 aetatiaid,
591 4329 646 4370 sunt
666 4323 690 4369 in
709 4321 813 4383 scriptis,
830 4329 855 4369 et
873 4323 983 4370 adiectae
1003 4329 1059 4370 sunt
1078 4341 1093 4371 a

864 4389 921 4447 rr2
