3002 4798
382 198 478 264 LIB.
504 197 618 266 XXII.
650 198 762 264 CAP.
790 207 838 266 19.
1096 204 1137 269 te

76 357 194 402 omnes
216 335 402 414 incolumes,
426 336 575 415 Romani,
597 336 719 426 aliquot
740 338 805 402 suis
827 337 956 417 amissis,
979 339 1013 402 in
1035 353 1136 406 cestra
1147 353 1181 404 U.
1193 353 1223 404 ο.
1235 366 1291 417 5³5·

76 422 329 487 contenderunt
1145 418 1175 471 Ᾰ·
1193 419 1222 468 ⁰·
1235 431 1291 483 ²¹⁷·

125 509 244 574 Fabius
296 533 317 572 u
362 532 401 574 ue
431 509 532 575 movit
559 523 679 576 cestra:
715 524 989 600 transgressusque
1019 513 1135 578 saltum

79 618 180 683 super
209 532 424 672 Alllasiloco
450 596 513 662 alto
538 621 574 662 ac
597 598 720 662 munito
747 598 900 663 consedit
955 599 1051 677 Tum,
1078 623 1136 689 per

81 682 251 748 Samnium
268 682 406 746 Romam
428 705 461 747 se
482 698 591 770 petere
614 684 774 762 simulans,
791 683 954 750 Hannibal
977 709 1078 774 usquc
1100 688 1135 752 in

79 769 235 856 Peligncs
256 768 502 856 populabundus
524 770 627 835 rediit.
673 770 790 836 Fabius
811 772 935 836 medius
956 772 1041 838 inter
1062 774 1136 840 hos-

81 857 167 921 tium
187 877 301 942 agmen
325 857 499 942 urbemque
520 856 657 922 Romam
678 857 759 944 iugis
779 857 934 936 ducebat3
971 883 1033 924 nec
1054 861 1136 926 absi·

80 957 181 1019 stans,
205 963 264 1007 nec
286 942 502 1042 congrediens
563 943 616 1007 Ex
637 943 780 1031 Pelignis
802 942 930 1009 Poenus
951 945 1042 1011 flexit
1064 947 1134 1026 iter,

58 1043 234 1116 :retroque
261 1029 412 1116 Apuliam
441 1043 599 1116 repetens,
632 1027 809 1094 Geronium
839 1031 992 1118 pervenit,
1023 1033 1135 1098 urbem

80 1131 184 1192 metu,
199 1115 276 1202 quia
295 1114 432 1202 collapsa
452 1117 553 1180 ruinis
568 1139 639 1203 pars
661 1117 823 1180 moenium
843 1129 919 1194 erat,
935 1119 975 1183 ab
995 1119 1059 1184 suis
1079 1119 1135 1184 de-

80 1215 210 1268 sertam.
243 1202 389 1266 Dictator
403 1201 438 1265 in
453 1202 602 1268 Larinate
618 1225 693 1289 agro
708 1216 809 1268 castra
823 1206 1019 1270 communiit.
1053 1205 1134 1274 Inde
1144 1226 1258 1276 Dictator
1268 1227 1289 1278 it

80 1311 248 1354 sacrorum
262 1311 356 1353 causa
372 1287 509 1354 Romam
528 1303 702 1368 revocatus,
719 1313 784 1354 non
804 1290 937 1378 imperio
957 1293 1063 1370 modo,
1079 1294 1135 1360 sed
1144 1291 1259 1343 Romam.

55 1405 71 1437 α
81 1375 219 1441 consilio
232 1374 340 1452 etiam,
356 1397 392 1439 ac
407 1397 505 1476 prope
519 1377 667 1462 precibus
681 1399 778 1464 agens
792 1400 865 1441 cum
882 1379 1030 1465 magistro
1044 1381 1136 1467 equi·
1168 1391 1169 1396 ’

82 1475 167 1540 tum,
183 1462 321 1550 ‘utplus
331 1461 472 1539 consilio,
485 1485 581 1548 quarn
596 1463 750 1540 fortunae,
762 1463 916 1528 confidat:
934 1478 967 1529 et
981 1487 1014 1529 se
1029 1467 1136 1553 potius

82 1550 233 1626 ‘duccm,
250 1571 345 1635 quam
363 1547 587 1637 Sempronium
605 1547 870 1636 Flaminiumque,
885 1549 1035 1617 imitetur.
1081 1552 1134 1619 Ne

57 1636 187 1708 3‘nihil
210 1650 315 1701 actum
338 1649 489 1713 censeret,
505 1648 647 1700 extracta
668 1658 766 1723 prope
781 1649 898 1702 aestate
962 1638 1136 1706 rludifica·

84 1723 229 1788 ‘tionem
249 1721 356 1787 hostia
416 1721 563 1787 Medicos
588 1745 716 1810 qnoque
761 1723 810 1787 lus
831 1723 898 1788 inte
938 1747 992 1789 um
1014 1726 1132 1812 quiete,

82 1819 205 1896 ‘quam
225 1809 382 1874 movendo
404 1821 501 1895 atque
523 1809 657 1896 agendo,
678 1745 838 1896 prodccre.
885 1809 984 1876 Haud
1005 1835 1134 1898 parvam

84 1905 174 1960 ‘rem
189 1917 266 1972 esse,
283 1895 322 1958 ab
338 1895 430 1961 toties
450 1896 568 1960 victore
590 1894 680 1960 hoste
702 1895 787 1960 vinci
809 1895 934 1975 desisse,
950 1910 984 1962 et
1002 1899 1042 1963 ab
1056 1922 1134 1965 con·

85 1982 206 2047 ‘tinuis
220 1981 360 2047 cladibus
375 2003 409 2045 re
446 1981 561 2046 irasse.’
603 1981 694 2047 Haec
709 1982 922 2070 nequicquam
936 1986 1134 2070 praemonito

162 2068 170 2083 ‘
188 2081 238 2132 tro
253 2004 562 2155 equitumfllomam
576 2081 625 2132 est
638 2067 805 2154 proiectus

83 2091 293 2240 malqiincipio
308 2155 443 2232 aestatis,
459 2176 523 2242 qua
536 2154 615 2218 baec
667 2154 824 2231 rebantur,
837 2153 871 2219 in
887 2153 1043 2242 Hispania
1054 2181 1134 2245 quo-
1198 2167 1246 2227 19.

84 2263 160 2340 que¹
168 2253 250 2305 terra
264 2240 405 2329 marique
421 2253 570 2328 coeptum
585 2241 625 2305 be
650 2263 704 2304 um
719 2254 774 2305 est
808 2240 989 2306 Hasdrubal
1003 2243 1045 2308 ad
1059 2248 1193 2308 eumRer
1204 2255 1287 2324 gaus

84 2349 217 2392 narrum
238 2350 416 2406 numerum,
462 2350 536 2391 uem
557 2349 577 2390 a
596 2327 692 2391 fratre
713 2327 912 2429 instructum⁸
925 2341 1131 2418 paratumque
1140 2313 1270 2428 {gamm

83 2427 263 2516 acceperat,
290 2413 402 2514 decern
431 2350 572 2514 lbtecitz·
603 2413 815 2514 quadraginta
842 2437 971 2480 navium
1003 2415 1133 2518 classem

85 2499 266 2566 Hrmtlcom
282 2501 428 2566 tradrdrt:
452 2513 548 2587 atque
562 2513 608 2564 1ta
620 2500 814 2652 Carthaplque
829 2501 987 2588 profectus
1001 2506 1134 2570 navibus

83 2609 187 2674 prope
216 2600 342 2665 terram,
361 2587 539 2652 exercitum
559 2587 595 2651 in
617 2585 707 2652 litore
779 2589 880 2665 cebat,
901 2603 1028 2676 paratus
1056 2614 1134 2656 con·

85 2674 207 2760 fligere,
222 2697 412 2760 quacunque
427 2686 516 2761 parte
531 2674 693 2760 copiarum
715 2673 814 2739 hostis
828 2676 1021 2742 occurrisset.
1069 2677 1132 2744 Cn.

88 2759 242 2847 Scipioni,
265 2776 433 2848 postquam
456 2761 588 2825 movisse
618 2784 658 2825 ex
688 2760 828 2826 hibernis
857 2761 980 2828 bostem
1002 2764 1132 2843 audivit,

85 2847 191 2934 primo
206 2847 292 2912 idem
312 2846 435 2912 consilii
456 2845 533 2911 fuit:
557 2846 686 2924 deinde,
701 2848 807 2912 minus
824 2859 918 2926 terra,
933 2862 1063 2937 propter
1083 2851 1134 2914 in-

128 2945 217 2998 ntem
245 2933 362 2998 famam
390 2955 543 2997 novorum
578 2933 778 3012 auxiliorum,
809 2957 996 3000 concurrere
1029 2958 1132 3015 austes,

58 2957 213 3092 4‘dblectc
225 3020 325 3086 milite
337 3019 378 3084 ad
389 3042 485 3084 naves
495 3020 653 3106 imposito,
666 3020 809 3108 quinque
821 3033 853 3085 ct
865 3021 994 3108 triginta
1003 3022 1133 3088 uarium

37 3167 41 3175 ,
81 3106 185 3171 classe
207 3107 252 3171 ire
271 3107 398 3171 obviam
420 3105 504 3170 hosti
522 3107 637 3206 pergit.
683 3105 796 3172 Altero
818 3108 857 3172 ab
878 3107 1057 3174 Tarracone
1079 3110 1132 3174 die
1236 3127 1240 3172 ὲ

84 3192 317 3268 adstationem,
329 3191 440 3258 decem
452 3191 552 3256 milba
562 3213 711 3279 passuum
722 3192 894 3258 distantem
905 3195 944 3259 ab
956 3195 1036 3259 ostio
1048 3193 1132 3260 Iberi

84 3279 200 3357 amnis,
222 3280 375 3367 pervenit.
430 3278 511 3344 Inde
532 3277 615 3344 duaa
638 3277 886 3343 Massiliensium
905 3279 1133 3366 speculatoriae
1226 3315 1231 3321 ·

121 3464 133 3498 1
153 3452 284 3500 Geroaim
293 3453 419 3514 peremit]
437 3449 544 3514 Apuliae
554 3463 593 3498 ur·
625 3455 720 3508 exacto,
734 3454 760 3496 et
776 3448 798 3497 ei
815 3450 1041 3513 obtemperaverant
1057 3451 1133 3500 edito-

84 3515 158 3562 bem:
178 3511 314 3578 (mullum
323 3517 433 3578 Apuliae
448 3518 520 3577 inope
536 3511 593 3562 dici-
625 3527 669 3561 res
703 3513 752 3562 Sed
763 3528 807 3576 pro
822 3529 852 3562 ea
864 3515 969 3564 lectione
980 3531 1054 3577 quam
1066 3531 1132 3564 ravo·

85 3583 128 3625 tur
145 3577 201 3626 inlr.
219 3576 271 3642 39.)
292 3593 350 3627 nam
367 3579 405 3626 'ibi
428 3584 454 3628 et
476 3577 593 3627 Luceriae
626 3591 718 3636 camus,
726 3583 774 3626 stat
784 3578 899 3628 sermonis
909 3579 1030 3642 elegantia
1041 3585 1067 3628 et
1077 3595 1132 3641 pro·

84 3657 202 3704 magnam
215 3642 330 3690 formenti
344 3643 441 3706 copiam
457 3659 509 3692 esee
524 3641 592 3691 audi·
625 3641 726 3704 prietes:
742 3647 911 3704 stantquoqua
922 3643 1022 3705 plurimi
1032 3648 1058 3692 et
1069 3643 1131 3706 cpti-

86 3710 163 3754 verat.
191 3706 222 3754 cs.
239 3706 372 3770 Schweigh.
393 3709 428 3756 ad
449 3708 496 3756 Pol
514 3708 537 3756 b.
556 3705 593 3756 iii.
625 3705 659 3754 mi
669 3706 766 3755 codices
774 3706 900 3757 Gronovio
910 3707 1022 3772 inspecti,
1032 3713 1057 3757 et
1068 3723 1132 3758 nnus

89 3783 144 3818 roo.
155 3774 181 3818 et
192 3770 298 3832 Appian.
311 3771 420 3821 Hannib.
435 3785 444 3819 ι
449 3783 471 3834 5.
515 3785 554 3820 ur.
625 3770 745 3820 ancoris
764 3771 844 3821 Once.

120 3847 135 3882 a
151 3836 190 3883 Ae
203 3850 281 3897 prope
294 3838 407 3898 precibu
422 3836 509 3898 opens]
529 3836 593 3884 Pen·
657 3850 673 3894 4
685 3837 783 3885 Deleoto
792 3837 868 3885 milite
878 3838 912 3884 od
920 3853 996 3887 moer
1006 3838 1128 3899 Ινιιροιιίιο]

85 3898 131 3946 det
146 3897 232 3958 oratio,
246 3913 293 3947 nec
306 3898 459 3948 concluditur
474 3898 521 3947 nisi
538 3903 594 3961 poc
626 3899 695 3948 Bene
708 3905 792 3947 monet
803 3899 911 3950 Gronov.
920 3916 971 3949 nou
981 3900 1130 3963 iungendum

85 3961 224 4011 absolutam
235 3967 313 4011 totam
325 3963 394 4012 Fabii
407 3963 592 4022 oratiunculam,
625 3977 677 4011 asse
687 3965 721 4011 od
735 3979 809 4014 noces
819 3965 990 4027 impositaired
1006 3967 1082 4014 milite
1098 3967 1132 4014 od

85 4024 126 4075 lu's
135 4041 226 4090 nempe
238 4027 324 4087 verbis,
333 4029 435 4078 Romam
450 4035 486 4077 ert
498 4027 593 4090 prosec-
624 4043 699 4077 aecer
714 4029 810 4078 delecta
826 4027 857 4077 cl.
869 4029 923 4078 Pol.
939 4029 973 4079 iii.
987 4045 1026 4094 95.
1059 4027 1130 4078 Simi-

86 4099 135 4140 tus.
160 4089 226 4139 Vide
236 4090 347 4140 similiter
356 4091 523 4154 interpositam
533 4091 592 4139 duo-
625 4091 682 4140 liter
699 4106 740 4154 ap.
758 4089 872 4154 Thucyd.
891 4091 940 4142 viii.
961 4109 999 4155 24.
1022 4089 1131 4148 ἐπιβάται

86 4157 134 4204 bus
142 4153 215 4204 unius
224 4154 318 4218 periodi
328 4156 443 4204 membris
450 4153 593 4214 orationem,
625 4156 673 4202 τῶν
694 4155 798 4203 ὁπλιτῶν
819 4157 846 4204 ἐκ
871 4155 1006 4218 καταλόγου
1029 4155 1131 4206 navibus

86 4234 154 4282 supr.
165 4235 187 4268 v.
200 4234 238 4281 24.
255 4220 335 4269 Onsr.
624 4217 816 4270 Atheniensibus
823 4224 892 4270 extra
902 4220 1011 4271 ordinem
1022 4218 1131 4283 impositi

120 4297 135 4346 3
151 4285 274 4332 Eetraeta
285 4299 362 4347 prope
373 4290 463 4333 wetere
475 4299 521 4346 per
532 4284 593 4332 ludi-
625 4289 689 4332 sunt.

80 4349 225 4410 ficationem
241 4347 326 4409 batia]
347 4347 459 4410 Sigonius
474 4348 594 4397 munerat
619 4403 626 4414 Ι
