3002 4798
363 191 403 252 52
750 185 864 251 ΤΙΤΙ
896 185 1031 252 LIVII

197 332 234 446 p.
245 333 275 448 g
287 347 342 446 {ff}
361 324 500 475 postium
520 323 653 424 equites,
669 320 802 421 audacia
820 343 852 385 m
894 320 902 335 ⁰
945 343 1042 407 quam
1061 320 1194 386 consilio
1213 335 1269 387 aut
1282 345 1338 411 spe
1352 323 1412 387 sal-

222 434 228 448 ·
269 435 275 446 ·
336 431 342 446 ·
375 407 860 485 endiresrstendrve‚a1nonf
897 419 973 484 eret,
998 419 1213 494 transgressus
1260 409 1300 474 Id
1322 410 1412 496 quod

197 460 307 511 Comitis

199 524 342 574 consularia
363 519 462 560 unum
485 496 622 560 maxime
644 493 878 581 inpraesentia
906 493 1153 571 desiderabatur,
1176 495 1312 561 comitiis
1334 519 1412 560 con-

362 583 516 648 sularibus
538 581 663 658 habitis,
682 581 717 644 in
738 579 872 644 hiberna
892 579 996 644 rediit.
1045 579 1155 645 Creati
1176 581 1322 647 consules
1345 581 1409 646 Cn.

365 669 515 736 Servilius
529 681 563 733 et
579 667 618 732 C.
635 666 817 731 Flaminius

408 755 561 820 Ceterum
591 777 632 818 ne
661 753 795 818 hiberna
827 751 959 838 quidem
989 751 1143 816 Romanis
1172 754 1281 840 quieta
1309 768 1411 831 eraut,

363 843 550 929 vagantibus
567 839 683 928 passim
706 837 857 902 Numidis
877 837 1047 938 equitibus,
1063 851 1105 916 et,
1121 861 1187 925 qua
1205 840 1255 903 his
1275 840 1320 903 im
1388 841 1435 910 '·4

364 929 446 994 tiora
459 940 560 1004 erant,
578 925 747 992 Celtiberis
768 923 1002 1010 Lusitanisque.
1050 923 1173 990 Omnes
1192 925 1290 1012 igitur
1312 929 1412 991 causi

246 1042 252 1050 ¹
364 1015 507 1102 undique
522 1025 716 1078 commeatus
735 1022 835 1087 erant,
850 1009 912 1074 nisi
931 1033 1012 1096 quos
1032 1009 1121 1075 Pado
1142 1034 1238 1076 naves
1255 1013 1414 1078 subvehe-

363 1114 442 1165 rent.
490 1099 677 1186 Emporium
699 1119 797 1184 prope
820 1095 1016 1164 Placentiam
1038 1096 1109 1174 fuit,
1124 1108 1157 1162 et
1177 1120 1271 1185 opere
1295 1121 1413 1186 magno

363 1187 532 1262 munitum,
547 1198 582 1250 et
600 1183 706 1248 valido
726 1183 887 1247 firmatum
906 1182 1071 1270 praesidio.
1118 1182 1197 1248 Eius
1216 1183 1338 1249 castelli
1356 1205 1433 1251 err-s

386 1271 528 1358 ugnandi
553 1293 608 1358 spe
637 1292 711 1335 cum
737 1269 897 1356 equitibus
923 1290 959 1333 ac
984 1268 1047 1333 levi
1072 1283 1231 1334 armatura
1251 1271 1414 1356 profectus

362 1295 536 1435 llannibal,
553 1378 653 1445 quum
673 1354 845 1443 plurimum
860 1354 896 1418 in
910 1353 1043 1419 celando
1058 1355 1185 1443 incepto
1206 1356 1247 1421 ad
1261 1357 1435 1422 effectum6

363 1445 431 1532 spei
448 1445 619 1522 habuisset,
635 1455 729 1506 nocte
750 1441 887 1518 adortus,
903 1463 968 1506 non
989 1440 1099 1505 fefellit
1121 1441 1240 1528 vigiles
1287 1443 1414 1508 Tantus

362 1545 492 1618 repente
508 1530 626 1595 clamor
637 1542 684 1593 est
695 1526 845 1604 sublatus,
858 1541 894 1592 ut
904 1527 1085 1592 Placentiae
1120 1551 1226 1614 noque
1237 1529 1412 1594 audiretur.

362 1614 476 1698 Itaque
496 1617 555 1681 sub
574 1615 679 1680 lucem
699 1636 773 1678 curn
793 1613 938 1701 equitatu
955 1613 1065 1677 consul
1085 1551 1203 1691 aderat,
1219 1615 1310 1679 iumis
1334 1639 1415 1702 qua·
1487 1623 1488 1688 j

362 1701 453 1766 drato
468 1702 593 1788 agmine
608 1701 787 1790 legionibus
801 1699 901 1786 sequi.
941 1699 1097 1786 Equestre
1111 1701 1267 1787 proelium
1277 1687 1414 1767 interim
1487 1707 1488 1800 l

342 1789 582 1853 ¹commissum:
627 1787 758 1872 inquo,
782 1785 1003 1873 quiasaucius
1032 1785 1195 1852 Hannibal
1224 1809 1336 1874 pugna
1356 1812 1415 1854 ex·
1487 1807 1488 1852 3

363 1874 465 1952 cessit,
489 1896 604 1962 pavore
630 1872 773 1936 hostibus
801 1872 929 1949 iniecto,
952 1871 1119 1936 defensum
1144 1874 1271 1960 egregie
1293 1877 1415 1974 prassi—

362 1959 452 2026 dium
464 1973 520 2026 est
544 1961 723 2025 Paucorum
735 1958 811 2023 inde
822 1957 947 2022 dierum
959 1958 1067 2044 quiete
1082 1973 1216 2046 sumpta,
1230 1973 1263 2025 et
1277 1961 1414 2026 vrxdum

362 2048 436 2112 satis
458 2058 624 2134 percurato
648 2045 789 2122 vulnere,
813 2044 855 2109 ad
876 2043 1073 2108 Victumvias
1094 2045 1140 2110 ire
1162 2047 1267 2132 pergit
1289 2070 1309 2112 o
1331 2071 1416 2136 pug-

1425 2603 1431 2632 ·

361 2135 491 2199 nandas
552 2132 592 2198 Id
618 2155 668 2197 em
712 2131 795 2196 rium
819 2153 838 2194 a
864 2129 1018 2194 Romanis
1045 2129 1170 2196 Gallico
1198 2132 1283 2198 bello
1346 2151 1415 2200 erat

361 2223 530 2286 munitum.
577 2219 658 2283 Inde
670 2155 783 2282 liicum
803 2217 1081 2303 frequentaverant
1100 2217 1223 2282 aocolae
1243 2219 1339 2284 mixti
1353 2245 1414 2285 un-

361 2306 459 2393 dique
474 2330 515 2371 ex
530 2306 673 2370 finitimis
690 2303 834 2390 populis3
858 2315 891 2367 et
909 2314 977 2366 turn
996 2315 1096 2368 terror
1114 2303 1359 2391 populationum
1374 2331 1414 2373 eo

382 2391 527 2478 lerosque
543 2415 585 2455 ex
604 2391 686 2476 agris
706 2388 910 2475 compulerat
957 2387 1063 2453 Huius
1082 2389 1207 2488 generis
1226 2389 1413 2472 multitudo,

360 2413 444 2542 lama
458 2477 592 2564 impigre
602 2475 724 2540 defensi
739 2475 780 2539 ad
792 2474 986 2539 Placentiam
999 2475 1148 2561 praesidii
1162 2499 1304 2556 accensa,
1316 2481 1414 2544 armis

361 2564 493 2650 arreptis
508 2563 633 2627 obviam
648 2560 821 2626 Hannibali
842 2561 993 2648 procedit
1040 2560 1147 2648 Magis
1161 2563 1297 2649 agmina,
1314 2589 1412 2653 qnam

360 2649 453 2725 acies,
469 2649 503 2711 in
524 2648 577 2712 via
593 2657 838 2722 concurrenmt3
862 2659 904 2723 et,
920 2669 1020 2733 quum
1041 2670 1082 2711 ex
1102 2647 1200 2714 altera
1213 2663 1304 2736 parte
1319 2653 1412 2730 nihil,

383 2748 486 2799 raeter
500 2733 696 2799 inconditam
711 2733 844 2809 turbam,
860 2746 952 2810 esset,
968 2733 1003 2796 in
1017 2732 1115 2798 altera
1129 2747 1162 2799 et
1176 2734 1243 2799 dux
1258 2737 1364 2816 militi,
1380 2753 1414 2803 et

359 2757 434 2885 duci
457 2820 560 2885 fidens
581 2819 681 2896 miles,
697 2817 738 2882 ad
760 2818 890 2904 triginta
911 2819 1054 2918 quinque
1083 2819 1182 2886 millia
1201 2821 1372 2888 hominum
1395 2849 1414 2888 a

359 2908 468 2993 paucis
482 2906 559 2971 firsa
606 2905 738 2970 Postero
752 2903 815 2980 die,
831 2904 995 2969 deditione
1012 2905 1104 2984 facta,
1120 2907 1313 2993 praesidium
1328 2910 1414 2974 intra

359 2994 486 3092 moenia
499 3013 667 3094 accepere:
692 2991 831 3090 iussique
851 3013 938 3089 arma
958 2991 1080 3056 madere
1099 3016 1199 3080 quum
1214 2993 1302 3060 dicto
1316 3019 1414 3084 pam-

359 3088 755 3266 tthtttuhttti?
770 3077 1106 3251 ”iiiiiiiffltli
1119 3092 1273 3230 ffl
1288 3105 1412 3234 tett

359 3251 466 3317 rabilis
494 3253 703 3318 scribenttbus
723 3249 825 3314 videri
850 3249 939 3326 solet,
962 3252 1180 3338 praetermissa
1207 3251 1314 3319 clades
1344 3271 1410 3321 est:

360 3337 440 3402 adeo
460 3339 563 3403 omnis
583 3339 732 3415 hbrdmrs,
748 3335 927 3402 crudelitati
967 3359 1018 3413 ue,
1034 3350 1068 3402 et
1086 3337 1278 3404 inhumanae
1300 3364 1412 3430 super-

360 3423 430 3489 biae
445 3425 567 3491 editum
582 3426 616 3488 in
631 3425 825 3522 miserosest
839 3358 1030 3508 exemspilum.
1067 3422 1139 3490 Hae
1153 3425 1241 3490 there
1256 3425 1411 3493 hibernae
1483 3425 1484 3464 ³

359 3512 579 3598 expeditiones
595 3509 793 3574 Hannibalis.

392 3753 408 3794 4
424 3737 480 3792 Quo
491 3736 529 3784 hta
539 3735 705 3795 impeditiora]
722 3735 868 3809 basique
900 3736 1026 3798 inceptum
1037 3751 1117 3788 mum.
1133 3739 1215 3788 carr.

360 3799 422 3844 loca
457 3797 497 3844 Do
518 3798 685 3860 Hispanorum
706 3798 805 3848 cohorte
823 3813 868 3848 tm·
934 3811 947 3862 7
963 3801 1049 3864 Magia
1059 3803 1167 3864 afflatae,
1177 3819 1250 3866 qiman
1261 3805 1340 3864 acin]
1360 3807 1411 3868 Aa·

361 3857 520 3922 peditioribus
527 3861 587 3909 locis
595 3862 800 3922 assuetaotinfr.
807 3863 866 3912 xxii.
899 3881 954 3914 mm
968 3870 1006 3914 est
1021 3864 1142 3914 exercitus
1152 3881 1181 3914 eo
1192 3866 1277 3915 ordine
1288 3869 1410 3930 composi-

364 3923 401 3972 18.
899 3932 948 3986 tus,
958 3927 1000 3988 qui
1016 3929 1049 3977 ad
1064 3927 1111 3977 iter
1121 3929 1260 3978 fidendum
1270 3945 1411 3982 soeommo-

395 3998 408 4050 5
424 3987 607 4048 Emonam]
628 3987 684 4036 Hoc
694 3993 810 4038 monente
820 3987 865 4038 Pe·
898 3991 970 4040 datus
980 3998 1031 4041 est:
1050 3995 1123 4052 actm,
1134 3994 1255 4044 exercitus
1264 4001 1367 4058 aptatus
1378 3999 1411 4045 ad

361 4051 451 4100 tironio
471 4049 578 4100 Behker.
599 4057 624 4099 st
646 4052 747 4114 Kreycs.
769 4067 865 4115 reposu-
898 4069 1013 4128 pugnam.
1047 4056 1111 4106 Vult
1121 4057 1194 4120 igitur
1205 4057 1289 4107 Livius
1304 4058 1352 4108 hos
1368 4077 1411 4109 ex·

361 4119 439 4164 erunt.
474 4114 556 4178 Vulgo
567 4117 735 4178 oppugnandi.
899 4123 988 4167 arcitus
1007 4133 1036 4167 eo
1055 4119 1140 4169 ordine
1158 4121 1288 4172 instmctos
1306 4137 1410 4173 concur·

393 4177 506 4236 bQuam
519 4181 667 4242 plurimum]
688 4179 774 4236 Quum
790 4180 866 4229 maxi-
898 4181 965 4242 risos,
984 4183 1026 4244 qui
1045 4183 1126 4233 itineri
1148 4186 1225 4248 magia
1243 4191 1317 4248 aptus
1335 4195 1412 4247 esset,

360 4257 426 4291 mam
438 4258 507 4305 spem
518 4241 639 4292 efficiendi
651 4243 685 4302 id,
691 4245 756 4306 qnod
763 4244 866 4294 destina·
899 4261 972 4307 quam
983 4247 1084 4308 proelio.
1101 4249 1182 4300 carr.

360 4313 405 4364 rat,
417 4305 441 4354 in
458 4321 488 4355 eo
504 4309 654 4367 collocasset,
665 4307 685 4356 oi
696 4309 775 4356 celare
786 4315 866 4370 posset
