2878 4772
347 227 442 294 LlB.
468 228 599 294 XXIX.
635 231 745 296 CAP.
771 236 800 296 6.
1039 237 1102 298 465

57 363 242 430 Masinissae
257 366 539 444 adhortationibus,
555 382 588 433 et
607 368 769 444 militibus,
792 369 943 455 praedam
966 393 1007 434 err
1029 371 1102 436 hos-
1113 389 1145 439 U.
1158 391 1188 440 ο.
1204 402 1259 454 54⁷·

56 452 134 516 tium
153 465 235 517 terra
249 453 452 518 cernentibus
467 466 533 519 tota
547 453 646 519 classe'
660 455 775 532 efferri,
790 457 930 520 accensis
952 456 993 520 ad
1015 454 1141 522 osii-A·
1158 455 1188 505 0·
1205 470 1259 518 ²05·

54 538 202 604 ciendum
218 538 477 626 quamprimum,
493 541 663 604 intervenit
684 541 796 605 maiori
817 543 922 607 minor
938 565 977 607 co
1000 542 1099 622 itatio,

53 624 172 689 Locros
202 625 313 690 urbem
343 625 528 712 recipiendi,
555 649 637 712 quae
666 629 725 692 sub
751 627 962 694 defectionem
977 565 1227 718 dtaliaeLocrire-

28 709 226 776 sdesciverat
240 723 273 776 et
287 712 354 798 ipsa
369 710 410 775 ad
421 710 556 776 Poenos.
605 711 684 799 Spes
699 725 804 777 autern
821 715 1015 782 affectandae
1030 711 1181 782 sinarcu-

51 797 97 860 rei
119 819 160 861 ex
182 797 313 861 minima
334 820 369 862 re
391 797 516 862 affulsit.
563 797 753 863 Latrociuiis
772 799 883 899 magis,
899 823 995 887 quam
1014 803 1098 869 iusto

51 881 144 960 hello,
170 882 205 945 in
230 882 363 947 Bruttiis
385 883 579 970 gerebantur
600 906 670 960 res;
700 884 857 971 principio
883 885 922 952 ab
947 886 1098 955 Numidis

49 966 143 1044 facto,
158 979 192 1031 et
207 967 349 1044 Bruttiis,
365 991 430 1033 uon
445 969 710 1056 societatemagis
725 970 858 1048 Punica,
874 995 970 1058 quam
985 989 1097 1061 suopte

49 1052 189 1139 ingenio,
205 1055 452 1140 congruentibus
467 1055 501 1120 iu
516 1078 591 1120 eum
606 1078 736 1121 morem.
782 1056 946 1123 Postremo
959 1059 1098 1124 Romani

49 1161 189 1290 quoque,
206 1140 268 1204 iarn
284 1141 471 1227 contagione
484 1141 621 1228 quadarn
636 1154 729 1229 rapto
743 1142 928 1230 gaudentes,
941 1159 1097 1230 quantum

48 1247 107 1326 per
143 1249 218 1291 uces
231 1225 355 1303 licebat,
372 1229 574 1294 excursiones
588 1229 623 1292 in
637 1228 777 1295 hostium
792 1252 883 1315 agros
897 1231 1008 1295 facere.
1042 1232 1097 1296 Ab

47 1312 88 1376 ris
102 1313 218 1400 egressi
229 1313 360 1400 quidam
374 1315 487 1378 urbem
499 1314 675 1380 Locrenses
689 1315 907 1392 circumventi,
919 1315 1097 1416 Rhegium-

73 1421 113 1463 ue
128 1400 275 1464 abstracti
289 1400 422 1464 fuerant.
463 1399 503 1464 ln
518 1423 557 1464 eo
572 1401 768 1487 captivorum
784 1424 918 1466 numero
932 1401 1012 1466 fabri
1024 1403 1097 1488 qui·

47 1421 123 1550 llam
136 1485 235 1564 suere,
251 1487 367 1550 assueti
382 1486 461 1550 forte
476 1486 562 1572 apud
577 1486 703 1552 Poenos
717 1487 862 1552 mercede
879 1511 958 1574 opus
974 1489 1009 1552 in
1024 1513 1095 1556 arce

47 1571 223 1636 Locrorum
245 1571 356 1636 facere.
403 1571 441 1648 Ii,
463 1571 580 1672 cogniti
603 1574 642 1637 ab
661 1573 869 1639 Locrensium
912 1573 1094 1661 rincipibus,

72 1659 104 1722 ui
126 1657 209 1744 pulsi
231 1658 271 1722 ab
291 1657 421 1723 adversa
437 1657 584 1732 laeuone,
600 1682 682 1745 quae
699 1659 875 1726 Hannibali
889 1597 1010 1725 Locros
1032 1674 1096 1727 tra-

46 1681 181 1820 diderat,
198 1743 360 1830 Rhegium
376 1767 409 1809 se
425 1745 634 1822 contulerant,
674 1768 750 1810 uum
766 1759 871 1811 cetera
883 1759 1096 1846 percunctan-

46 1829 141 1905 tibus,
157 1829 209 1908 (ut
231 1853 299 1895 mos
319 1842 376 1908 est,
397 1832 453 1917 qui
474 1831 531 1895 diu
552 1769 683 1917 absunlb
700 1855 782 1918 quae.
804 1833 894 1896 domi
915 1846 1093 1920 agerentur,

45 1915 275 2002 exposuissent,
291 1938 380 2004 spem
394 1917 547 1994 fecerunt,
563 1918 590 1980 si
607 1917 765 2004 redempti
786 1941 822 1982 ac
844 1918 965 1982 remissi
979 1918 1093 1996 forent,

44 2023 151 2066 arcem
165 2024 199 2066 se
215 2001 253 2066 iis
269 2001 446 2066 tradituros
493 2001 543 2066 Ibi
561 2026 594 2068 se
612 2003 763 2081 habitare,
779 2003 940 2089 fidemque
963 2003 1023 2068 sibi
1044 2027 1095 2069 re-

45 2109 119 2151 rum
141 2088 285 2152 omnium
306 2089 391 2153 inter
414 2086 694 2175 Carthaginienses
715 2110 792 2152 esse.
837 2088 961 2175 Itaque,
982 2091 1095 2190 utqui
1135 2131 1137 2134 -

43 2173 141 2237 simul
166 2173 324 2239 desiderio
350 2175 470 2262 patriae
496 2186 698 2261 angerentur,
724 2174 818 2238 simul
844 2174 1019 2261 cupiditate
1045 2198 1095 2243 111·

43 2259 157 2324 imicos
178 2260 352 2326 ulciscendi
374 2259 531 2338 arderent,
550 2260 722 2347 redemptis
742 2261 904 2347 extemplo
925 2261 964 2325 iis
985 2262 1095 2326 remis·

41 2345 161 2432 sisque,
172 2368 272 2433 quum
287 2346 431 2411 ordinem
447 2347 588 2434 agendae
602 2346 649 2411 rei
660 2369 730 2410 corn
754 2346 918 2424 osuissent,
928 2346 1092 2435 signaque,

41 2454 128 2518 quae
142 2433 253 2520 procul
268 2432 356 2497 edita
369 2432 579 2509 observarent,
595 2431 656 2519 ipsi
671 2431 712 2496 ad
729 2369 911 2519 Scipionem
925 2432 1093 2521 Syracusas

40 2518 188 2606 profecti,
204 2519 290 2606 apud
305 2542 401 2606 quem
422 2541 492 2606 pars
508 2517 653 2584 exsulum
668 2529 745 2596 erat,
760 2520 932 2584 referentes
954 2520 998 2584 ibi
1020 2543 1093 2607 pro-

40 2604 141 2670 missa
161 2606 367 2693 captivorum,
383 2627 483 2692 quum
505 2627 593 2692 spem
616 2605 656 2668 ab
673 2604 790 2670 effectu
811 2605 899 2670 haud
920 2606 1093 2672 abhorren-

40 2705 110 2756 tem
126 2691 249 2757 consuli
263 2689 428 2768 fecisseut3
454 2691 572 2757 tribuni
595 2690 732 2756 militum
752 2714 826 2757 cum
845 2692 884 2756 iis
900 2691 948 2758 M.
964 2691 1093 2780 Sergius

40 2789 77 2841 et
86 2777 123 2841 P.
135 2777 299 2843 Matienus
314 2777 410 2854 missi,
420 2777 558 2864 iussique
573 2778 613 2842 ab
626 2776 753 2864 Rhegio
766 2778 827 2842 tria
842 2777 941 2842 millia
955 2779 1091 2844 militurn

13 2863 165 2928 6Locros
190 2864 327 2930 ducere:
355 2876 388 2928 et
412 2863 453 2939 Q,
470 2863 628 2929 Pleminio
652 2886 710 2950 pro
733 2865 847 2928 raetori
870 2865 1032 2951 scriptum,
1057 2877 1093 2930 ut

39 2949 91 3013 rei
114 2951 255 3037 agendae
279 2949 410 3016 adesset.
457 2949 596 3014 Profecti
618 2950 658 3013 ab
681 2887 817 3036 Rhegio,
840 2950 939 3014 scalas
961 2949 1002 3013 a'd
1024 2951 1093 3014 edi-

39 3049 110 3100 tam
137 3034 339 3101 altitudinem
364 3035 443 3101 arcis
472 3035 636 3100 fabricatas
660 3047 832 3120 portantes,
859 3034 966 3098 media
993 3035 1092 3104 ferme

38 3134 139 3187 nocte
162 3145 202 3187 ex
224 3145 264 3187 eo
283 3122 365 3200 loco,
381 3121 467 3186 unde
485 3131 685 3197 convenerat,
706 3119 832 3206 signum
847 3119 964 3185 dedere
985 3121 1093 3208 prodi-

39 3208 166 3273 toribus
187 3208 274 3273 arcis.
323 3208 390 3284 Qui
411 3207 513 3296 parati
533 3205 724 3292 intentique,
741 3219 774 3271 et
791 3205 851 3293 ipsi
873 3206 971 3270 scalas
993 3206 1034 3272 ad
1056 3207 1092 3272 id

36 3297 149 3381 ipsum
178 3293 275 3358 factas
301 3315 400 3380 quum
426 3292 635 3370 demisissent,
662 3291 869 3379 pluribusque
896 3292 990 3357 simul
1014 3293 1092 3360 locis

37 3379 233 3444 scandentes
250 3379 453 3467 accepissent,
472 3379 656 3465 priusquam
679 3377 798 3444 clamor
821 3378 967 3458 oriretur,
988 3383 1023 3444 in
1045 3381 1092 3445 vi-

63 3466 124 3530 iles
138 3465 330 3543 Poenorum,
346 3477 383 3529 ut
402 3465 436 3529 in
457 3464 545 3530 nullo
560 3464 617 3529 tali
638 3477 735 3542 metu,
751 3465 870 3552 sopitos
888 3466 1026 3554 impetus
1045 3479 1093 3532 est

35 3491 154 3618 hctus.
206 3551 353 3627 Quorum
378 3550 515 3638 gemitus
543 3550 647 3638 primo
672 3551 876 3617 morientium
902 3552 1090 3630 exauditus3

36 3637 162 3702 deiude
185 3637 290 3702 subita
313 3637 525 3703 consternatio
548 3659 590 3702 ex
614 3659 725 3702 somno
748 3651 782 3703 et
805 3637 970 3716 tumultus,
992 3662 1092 3726 quum

36 3745 139 3788 carisa
160 3723 169 3786 i
216 3736 375 3801 oraretur3
399 3737 558 3811 postremo
580 3724 695 3788 certior
716 3747 774 3803 res,
790 3724 859 3790 aliis
880 3726 1092 3791 excitantibus

35 3810 130 3874 alios.
171 3745 309 3896 gpmque
326 3809 385 3874 ‘ad
403 3812 503 3874 arma'
520 3833 578 3897 pro
596 3833 628 3876 se
644 3811 779 3898 quisque
794 3812 943 3877 vocabat:
969 3811 1092 3877 ‘hostes

37 3904 48 3934 ⁴
60 3895 98 3959 iu
114 3916 186 3960 arce
202 3917 279 3974 esse,
292 3907 325 3960 et
339 3895 430 3960 caedi
444 3896 555 3982 vigiles
565 3897 585 3960 ι’
607 3898 810 3985 oppressique
826 3897 930 3964 forent
942 3899 1092 3978 Romani,

13 4003 246 4068 rnequaquam
273 4003 407 4047 numero
436 4000 537 4069 pares,
563 3982 598 4047 ni
624 3982 751 4063 clamor,
779 3983 818 4048 ab
844 3984 892 4064 iis,
919 3986 976 4072 qui
1003 4000 1094 4052 extra

73 4171 270 4246 5Affeotandoe
280 4173 333 4221 eim
343 4173 393 4232 rei]
413 4171 552 4222 Vocemrei
617 4171 822 4236 ocropraetat]
849 4174 934 4233 Hunc,
953 4178 1040 4235 utpote
1059 4175 1092 4221 le

34 4235 126 4283 odiose
149 4233 279 4296 repetitam
297 4234 372 4284 luiara
391 4241 473 4286 censet
491 4236 552 4286 Gro
584 4241 669 4298 gutum
686 4237 815 4300 Scipionis,
832 4238 879 4286 hoc
898 4237 998 4285 nomine
1016 4236 1092 4297 desig-

32 4313 98 4348 nor.
112 4298 155 4359 qui
166 4304 222 4360 post
232 4301 386 4374 qffeotandos
396 4303 457 4361 eius,
469 4315 552 4350 vocem
585 4301 638 4350 nari
650 4306 733 4350 censet
741 4301 836 4349 Duker.

33 4363 111 4411 urbia
123 4363 227 4412 subaud.
239 4363 361 4426 intelligit.
621 4377 634 4426 7
651 4367 687 4414 Ni
697 4366 796 4424 clamor,
806 4364 837 4412 ab
848 4363 891 4421 iis]
911 4362 946 4412 Ni
959 4364 1052 4412 clamor
1061 4366 1092 4413 ab

87 4444 163 4488 vor..
181 4445 216 4489 11.
859 4444 882 4486 u
898 4423 919 4486 lr
