2966 4778
364 219 426 278 100
745 210 859 276 ΤΙΤΙ
890 208 1027 276 LIVII

207 362 241 412 υ,
254 362 283 412 0.
300 357 540 424 536.‘mentum,
556 369 621 412 non
636 345 803 432 pecuniam
820 344 959 409 babeat?
999 343 1105 418 Quam
1119 341 1177 406 diu
1190 363 1251 428 pro
1267 339 1432 415 Gerontia

206 431 237 478 A.
254 429 284 476 ⁰·
300 423 507 500 ²¹⁶·‘castelli
522 432 660 518 Apuliae
682 431 796 519 inopis,
816 443 969 516 tanquam
990 451 1049 516 pro
1065 427 1270 513 CarthagInis
1292 426 1414 490 moeni·

366 520 470 585 ‘busl
516 517 580 584 Sed
605 540 646 582 ne
672 517 821 581 adversus
846 529 878 580 te
900 514 1030 614 quidem
1053 537 1114 600 ego
1134 513 1304 600 gloriabor.
1353 509 1413 576 Cn.

366 604 540 672 ‘Servilius
563 617 658 690 atque
679 601 808 680 Atilius,
828 603 966 689 proximi
988 599 1142 677 consules,
1162 599 1235 664 ride
1261 597 1432 684 quemad-1

367 692 519 756 ‘modum
534 713 608 755 eum
623 689 778 753 ludificati
792 689 864 752 sint.
911 687 1002 752 Haec
1021 709 1087 750 una
1105 685 1214 750 salutis
1233 698 1284 748 est
1297 685 1363 760 via,
1378 683 1413 746 L

366 777 509 855 ‘Paulle,
545 799 617 841 uam
629 774 789 840 difficilem
803 775 1013 872 infestamque
1025 773 1108 838 cives
1123 771 1182 836 tibi
1196 770 1308 856 magis,
1345 792 1415 834 uam

367 863 504 940 ‘hostea
522 800 653 928 iaciens
699 860 791 926 Idem
817 859 903 924 enim
928 871 985 936 tur,
1010 857 1098 944 quod
1122 857 1264 922 hostium
1327 857 1415 930 “tes

368 950 515 1016 ‘volentr
547 949 633 1014 idem
656 946 768 1023 Varro,
792 944 903 1012 consul
929 944 1103 1021 Romanus,
1127 942 1216 1030 quod
1240 941 1416 1016 Hannibal,

369 1036 518 1107 ‘Poenus
532 1035 711 1122 imperator,
728 1033 844 1118 cupiet.
882 1029 1020 1094 Duobus
1034 1029 1168 1095 ducibus
1183 1051 1268 1092 unus
1282 1029 1417 1101 resistas,

369 1128 379 1159 ‘
389 1133 534 1207 oportet:
559 1119 682 1184 resistes
696 1131 814 1195 autem,
829 1117 977 1184 adversus
995 1116 1112 1180 famam
1131 1135 1343 1200 rumoresque
1363 1113 1418 1176 ho·

369 1207 513 1270 ‘minum
533 1207 559 1269 si
579 1205 653 1270 satis
667 1204 777 1268 firmus
791 1203 932 1268 steteris:
956 1202 983 1266 si
1003 1214 1034 1265 te
1054 1223 1159 1287 neque
1179 1199 1325 1286 collegae
1340 1221 1419 1263 vana

370 1301 380 1329 ‘
412 1291 499 1369 loris,
523 1313 628 1376 neque
653 1303 709 1355 tua
730 1289 807 1353 falsa
829 1287 960 1353 infirmia
982 1289 1123 1352 moverit.
1169 1285 1354 1350 Veritatem
1377 1284 1437 1348 lis-t

370 1315 500 1442 ‘borare
522 1377 618 1440 nimis
639 1397 742 1463 saepe,
758 1376 856 1452 aiunt,
872 1372 1033 1472 exstingui
1050 1394 1224 1459 nunquam.
1273 1370 1438 1438 Gloriams

369 1464 447 1552 ‘qui
467 1463 628 1550 spreverit,
644 1483 751 1528 veram
774 1461 912 1525 habebit
960 1458 1046 1534 Sme,
1062 1458 1209 1523 timidum
1253 1479 1290 1522 ro
1315 1469 1420 1530 canto,

370 1557 380 1587 ‘
392 1548 517 1614 tardum
531 1569 589 1634 pro
604 1547 812 1624 considerato,
827 1545 987 1610 imbellem
1006 1567 1065 1632 pro
1084 1544 1187 1631 perito
1201 1542 1241 1608 be
1267 1543 1279 1606 i
1294 1555 1419 1607 vocent.

371 1633 483 1698 ‘Malo
498 1647 529 1698 te
544 1633 670 1719 sapiens
686 1632 785 1697 hostis
799 1643 929 1710 metuat,
945 1651 1043 1718 quam
1064 1630 1152 1695 stulti
1170 1629 1254 1694 cives
1275 1628 1419 1694 laudent.

371 1718 513 1785 ‘Omnia
548 1718 720 1783 audentem
756 1730 939 1783 contemnet
976 1714 1162 1793 Hanniba13
1206 1714 1255 1778 nil
1297 1726 1421 1778 temere

371 1814 539 1891 ‘agentem
558 1817 688 1869 metuet
734 1802 806 1868 Nec
826 1825 896 1890 ego,
911 1816 949 1867 ut
967 1801 1048 1866 nihil
1066 1813 1187 1888 agatur,
1202 1822 1345 1876 moneo;
1369 1799 1423 1864 sed

371 1898 430 1955 ‘ut
448 1902 596 1977 agentem
619 1903 650 1954 te
674 1890 754 1954 ratio
774 1889 880 1966 ducat,
901 1911 967 1953 non
989 1887 1135 1952 fortunat
1159 1901 1232 1952 tuae
1255 1886 1441 1973 potestatis*

371 1985 525 2063 ‘semper,
553 1988 670 2061 tuaque
700 1975 808 2039 omnia
835 1976 907 2040 sint.
953 1973 1103 2038 Armatus
1130 1974 1342 2058 intentusque
1373 1973 1423 2047 sis,

372 2070 497 2148 ‘neque
512 2061 670 2126 occasioni
688 2073 760 2126 tuae
775 2059 868 2137 desis,
884 2081 990 2146 neque
1010 2081 1099 2124 suam
1118 2058 1317 2124 occasionem
1339 2057 1423 2122 hosti

372 2147 456 2212 ‘dea
505 2147 624 2213 Omnia
647 2167 712 2211 non
735 2145 918 2233 properanti
940 2144 1025 2210 clara
1048 2159 1196 2231 certaque
1220 2153 1338 2208 erunt:
1363 2142 1425 2206 fes·

259 2251 311 2310 4ο,
372 2234 506 2298 ‘tinatio
520 2232 698 2319 improvida
714 2243 762 2296 est
779 2244 813 2296 et
826 2231 939 2296 caeca’
983 2230 1147 2294 Adversus
1166 2252 1205 2294 ea
1223 2227 1325 2293 oratio
1347 2250 1426 2292 eon-

371 2319 447 2385 sulis
466 2318 553 2383 haud
571 2341 647 2382 sane
669 2318 753 2382 laeta
765 2316 836 2395 fuit,
852 2317 952 2402 magis
969 2315 1107 2392 latentis,
1123 2337 1170 2392 ea,
1186 2337 1268 2400 quae
1287 2313 1424 2390 diceret,

216 2427 344 2476 Paulula-
372 2427 455 2481 vera,
485 2425 581 2489 quam
617 2403 722 2466 facilia
753 2402 849 2479 factu,
882 2423 959 2466 csse.
1020 2401 1199 2466 ‘Dictatori
1235 2399 1425 2485 magistrum

213 2506 338 2556 sponsum.
373 2489 540 2575 ‘equitum
560 2485 790 2552 intolerabilem
805 2487 921 2562 fuisse3
944 2487 1024 2573 quid
1046 2487 1170 2552 consuli
1190 2485 1341 2550 adversus
1361 2486 1426 2549 eol·

373 2575 497 2661 ‘legam
512 2573 697 2638 seditiosum
712 2594 749 2636 ac
764 2573 966 2638 temerarium
980 2573 1096 2636 virium
1113 2595 1133 2637 a
1169 2595 1210 2636 ue
1227 2571 1427 2636 auctoritatis

373 2660 483 2724 ‘sorel
522 2657 563 2722 Se
578 2657 729 2745 populare
744 2657 928 2722 incendium
943 2658 1047 2745 priore
1058 2681 1097 2723 co
1188 2669 1224 2721 tu
1234 2656 1443 2722 semiustums

374 2745 442 2809 ‘eff
482 2745 551 2808 ‘sse
598 2743 729 2831 Optare,
745 2756 781 2807 ut
804 2744 912 2808 omnia
933 2767 1006 2831 pros
1048 2766 1082 2808 re
1102 2743 1275 2808 evenirent
1322 2743 1427 2818 Atei

374 2767 612 2918 ‘quidladversi
626 2829 763 2906 caderet,
778 2830 917 2894 hostium
935 2851 968 2894 se
984 2842 1015 2894 te
1030 2830 1037 2843 ⁰
1069 2831 1184 2916 potius,
1200 2850 1297 2914 quam
1311 2829 1427 2892 suffra-

375 2927 385 2957 ‘
393 2917 455 3004 giis
468 2917 619 2981 iratorum
634 2915 762 2993 civium,
777 2928 874 3002 caput
888 2915 1105 2986 obiecturum’

417 3003 472 3068 Ab
487 3002 548 3068 hoc
562 3024 706 3067 sermone
721 3001 897 3089 profectum
913 3000 1061 3066 Paullum
1077 3001 1250 3086 traduntp
1346 3023 1427 3066 uen-

374 3088 458 3154 tibus
478 3088 669 3177 primoribus
687 3087 828 3154 Patrum.
874 3086 1042 3153 Plebeium
1062 3086 1225 3152 consulem
1243 3107 1301 3150 sua
1353 3087 1427 3152 ebes

373 3187 549 3264 prosecuta,
565 3174 667 3251 turba,
682 3195 779 3260 quam
794 3174 958 3260 dignitate,
974 3172 1182 3260 conspectior.
1215 3170 1313 3236 Utin
1323 3187 1427 3237 eastra

374 3273 540 3339 venerunt,
551 3261 711 3348 permixto
725 3283 808 3325 novo
819 3259 963 3324 exercitu
977 3281 1014 3324 ac
1028 3271 1144 3336 vetere,
1156 3258 1265 3324 castris
1278 3257 1425 3322 bifariam

374 3347 473 3425 factis,
489 3360 526 3412 ut
540 3369 623 3411 nova
636 3347 760 3412 minora
774 3359 879 3410 essent
898 3345 1029 3432 propius
1045 3342 1270 3420 Hannibalem,
1287 3343 1324 3407 in
1338 3357 1426 3408 vete·

407 3621 881 3687 oeuamdiuprotloronii...momi·
915 3618 962 3666 hoc
979 3619 1034 3667 loeo
1050 3633 1147 3668 sensum
1160 3617 1426 3680 verbilobomsfflro
1477 3665 1478 3686 χ

375 3688 432 3762 bas]
452 3686 556 3760 S'upple,
566 3685 643 3758 sedet,
654 3682 819 3759 pomposam
835 3683 882 3742 vel,
915 3681 957 3730 bat
971 3681 997 3729 id
1011 3682 1077 3744 quod
1093 3681 1211 3744 sequitur,
1223 3682 1351 3742 salisiani
1364 3697 1427 3730 aaa

375 3745 882 3885 lffilitillriiilltuflffii
914 3746 1148 3873 wibrgffael'pr
1161 3808 1294 3870 merra]
1316 3809 1428 3876 σω-

376 3875 416 3924 lna
427 3879 453 3924 at
463 3875 595 3924 Gronoru:
614 3875 737 3931 Qraomdw
750 3889 798 3935 pro
810 3874 882 3922 Gara
915 3887 1006 3920 vanam
1023 3874 1066 3936 qus·
1081 3873 1210 3934 spreverit,
1220 3870 1327 3920 coniecit
1343 3872 1427 3920 Murs—

375 3939 414 3988 ait
425 3973 433 3988 .
444 3972 452 3986 .
463 3973 470 3986 .
481 3939 605 3988 moenibus
614 3937 697 3986 redet?
716 3937 884 3986 Necdum
916 3940 964 3994 tus,
976 3936 1035 3984 Var.
1047 3935 1117 3986 Isset.
1130 3935 1179 3984 viii.
1191 3949 1230 3986 το.

376 4009 401 4053 ts
411 4001 513 4066 midam.
530 4001 612 4050 cmv.
948 4017 964 4060 4
979 4001 1072 4059 that,
1090 4015 1141 4048 ma
1153 4001 1274 4060 fortusse]
1297 3999 1361 4048 Post
1374 3999 1427 4060 sor·

413 4079 423 4114 1
440 4066 523 4129 Atque
531 4065 638 4124 Attilae]
660 4062 734 4112 Forte
744 4070 769 4113 ot
779 4065 818 4112 Μ.
829 4064 883 4112 At'a
916 4069 979 4112 tuno
989 4077 1074 4112 vocem
1085 4064 1157 4113 colim
1168 4077 1199 4110 ex
1211 4063 1356 4112 coniectura
1366 4061 1427 4112 Gro-

377 4130 434 4180 am.
451 4128 533 4179 Gaas.
916 4125 982 4176 nerii
993 4125 1103 4190 reposuit
1114 4125 1221 4176 Bekker.

414 4207 427 4240 a
445 4191 580 4250 Labomrs]
607 4189 749 4249 Deiectum,
767 4191 805 4240 vel
825 4189 884 4239 deli·
949 4202 963 4252 5
980 4193 1106 4252 Populum
1122 4191 1261 4240 inconditos
1276 4223 1283 4238 .
1296 4223 1303 4237 .
1314 4223 1341 4238 ..
1360 4193 1427 4240 sessi-

378 4253 462 4318 quium
483 4254 541 4316 pati.
578 4253 673 4302 Notum
693 4259 730 4303 ast
748 4253 810 4302 illud
829 4252 884 4301 Vir
917 4257 1010 4314 aaran]
1029 4253 1143 4316 ctiSupr.
1156 4265 1194 4316 35.
1207 4254 1366 4303 mantione
1383 4253 1427 4302 eol-

378 4317 438 4379 gitti,
453 4319 585 4382 Lunaeque
602 4319 701 4368 laborer.
738 4317 814 4368 Hune
833 4331 885 4364 essa
917 4317 984 4378 lepre
995 4319 1126 4367 ambrum
