2888 4768
341 179 436 246 LIB.
460 179 571 246 XXV.
605 179 717 246 CAP.
740 186 791 246 22.
1021 185 1083 252 257
1183 213 1185 216 ·

52 313 89 380 eri
102 314 313 404 duodeviginti
324 315 461 381 millibus
471 315 647 394 homiuum,
659 316 724 381 duo
739 315 838 380 millia
852 314 937 382 haud
949 318 1083 406 amplius

51 403 202 468 evaserint.
249 401 369 468 Castris
382 402 487 467 hostes
501 402 593 489 potiti
607 416 691 467 sunt.

89 488 156 554 Hae
173 489 286 568 eludes,
302 511 396 592 super
411 488 503 554 aliam
521 489 591 566 alia,
608 489 745 554 Romam
765 512 864 578 quum
880 503 985 556 essent
998 514 1082 557 nun·

49 576 143 653 tiatae,
162 577 273 664 ingens
293 577 423 664 qurdem
445 591 479 640 et
499 575 602 640 luctus
624 590 657 642 et
677 599 775 664 pavor
795 576 956 642 civitatem
976 601 1013 644 ee
1036 579 1079 645 it:

29 663 98 732 ssed
118 677 231 741 tamen,
250 665 325 750 quia
346 662 500 740 consules,
522 663 578 727 ubi
600 685 723 728 summa
743 685 848 728 rerum
869 679 961 742 esset,
1047 665 1082 730 id

46 747 176 813 locomnr
191 771 339 838 prospere
354 772 421 814 rem
435 763 592 837 gererent,
603 749 708 814 minus
722 749 772 814 his
786 749 928 815 cladibus
942 774 1081 816 commo·

46 837 198 900 rebantur.
244 836 381 925 Legatos
400 836 441 900 ad
458 835 604 901 consules
622 836 753 901 mittunt
770 835 809 901 C.
820 832 1014 916 Laetorium,
1030 837 1078 904 M.

46 920 208 1000 Metilium,
224 924 281 1012 qui
300 923 493 1001 nuntiarent,
509 936 545 987 ut
564 922 713 1011 reliquias
727 923 863 988 duorum
883 924 1080 990 exercituum

45 1031 109 1072 cum
125 1032 198 1074 cura
212 1009 412 1098 colligerent:
437 1010 612 1097 darentque
628 1033 647 1074 o
670 1032 766 1087 eram,
782 1033 823 1074 ne
838 1032 896 1098 per
906 1023 1027 1076 metum
1043 1033 1080 1078 ae

44 1093 286 1195 desperationem
301 1096 384 1162 hosti
404 1119 437 1162 se
453 1096 617 1174 dederent,
632 1033 669 1160 id
681 1095 768 1184 quod
787 1110 859 1184 post
876 1096 1079 1163 Cannensem

44 1183 197 1248 accrdisset
212 1182 345 1262 cladem,
357 1195 390 1248 et
404 1198 441 1248 ut
451 1182 624 1248 desertores
635 1183 676 1248 de
688 1183 830 1248 exercitu
843 1183 994 1249 volonum
1002 1207 1079 1250 con·

1093 337 1127 390 U·
1139 337 1168 388 0·
1184 349 1239 401 rto

1090 403 1122 452 A.
1138 403 1168 454 0.
1185 417 1239 452 ara.

1138 497 1189 557 22.

43 1269 203 1354 quirercnt.
250 1269 342 1335 Idem
356 1269 476 1371 negotii
496 1269 533 1334 P.
548 1269 699 1335 Cornelio
716 1269 837 1348 datum,
852 1271 901 1336 oui
922 1283 954 1336 et
973 1271 1078 1336 delec·
1184 1303 1187 1310 ⁴

43 1367 88 1418 tm
106 1357 271 1422 mandatus
292 1371 376 1423 erat:
400 1379 489 1444 raque
508 1379 564 1444 per
583 1356 651 1422 fora
672 1356 881 1422 conciliabula
904 1380 943 1422 ue
967 1355 1076 1436 edixit,

43 1455 74 1590 th
89 1444 276 1546 conquisitio
293 1443 444 1594 polonum
458 1443 558 1521 fieret,
574 1443 661 1530 iique
676 1443 717 1508 ad
737 1443 827 1531 signa
841 1381 1075 1510 reducerentur.

73 1549 125 1594 aec
139 1552 246 1595 omnra
260 1553 294 1593 rn
308 1546 469 1596 entrssrma
482 1553 558 1595 cura
572 1547 650 1596 acta.

79 1615 138 1703 Ap.
154 1616 309 1682 Claudius
331 1616 450 1694 consul,
473 1615 516 1681 D.
529 1615 623 1682 Iunio
645 1617 686 1681 ad
707 1617 823 1682 ostium
842 1615 1005 1696 Vulturni,
1027 1616 1074 1684 M.

41 1699 165 1768 Aurelio
187 1704 286 1770 Cotta
306 1702 447 1769 Puteolis
468 1704 655 1803 praeposito,
676 1704 742 1791 qui,
763 1715 800 1768 ut
817 1726 962 1791 quaeque
980 1727 1076 1770 naves

39 1809 75 1851 ex
89 1787 214 1856 Etruria
228 1811 265 1855 ac
282 1789 427 1855 Sardinia
440 1803 649 1867 accessrssent,
664 1789 825 1877 extemplo
840 1790 873 1854 in
888 1803 989 1856 castra
1002 1791 1076 1856 mit·

40 1885 135 1942 terent
153 1877 365 1953 frumentum3
388 1877 454 1965 ipse
476 1877 517 1942 ad
533 1875 678 1964 Capuam
698 1897 855 1964 regressus
873 1875 914 1952 Q.
928 1876 1075 1943 Fulvium

39 1961 183 2052 collegam
205 1965 328 2028 invenit
351 1962 494 2042 Casilini,
517 1964 625 2028 omnia
645 1962 720 2028 inde
742 1963 1077 2063 portantemnmolien·

39 2048 1076 2222 littltdutlltttltdt‘zttrllutllttutu

19 2221 100 2287 teula
117 2245 157 2289 ex
173 2223 359 2290 Claudianis
378 2222 487 2288 castris
501 2221 695 2288 exciverunt.
739 2219 772 2286 Is
791 2243 931 2308 quoque,
950 2221 1075 2288 modico

37 2307 78 2372 ibi
93 2311 252 2411 praesidio
274 2311 316 2376 ad
335 2309 510 2376 tenendum
528 2308 634 2374 locum
655 2307 775 2386 relicto,
795 2307 908 2374 ceteris
929 2308 1075 2376 omnibus

37 2417 128 2482 copus
136 2399 176 2464 ad
188 2397 333 2485 Capuam
342 2395 514 2463 deseendit.
546 2394 597 2460 Ita
605 2394 919 2483 triapraetoriacirca
929 2393 1074 2484 Capuam

37 2497 143 2563 crecta,
166 2498 231 2550 tres
255 2497 289 2550 et
313 2483 480 2561 exercitus,
502 2482 633 2548 diversis
655 2483 796 2570 partibus
821 2505 901 2570 opus
925 2505 1020 2571 aggre
1053 2482 1073 2562 ',

36 2567 111 2634 fossa
123 2571 269 2658 valloque
283 2569 477 2636 circumdare
492 2571 603 2636 urbem
611 2583 733 2657 parant,
744 2583 779 2634 et
792 2569 919 2634 castella
932 2570 1074 2636 excitant

36 2656 160 2724 modicis
174 2657 363 2723 intervallis:
387 2657 558 2744 multisque
578 2656 672 2722 simul
691 2656 768 2722 loeis
782 2679 856 2721 cum
874 2656 1073 2745 prohibenti·

35 2739 88 2806 bus
102 2765 198 2832 opera
214 2740 384 2846 Campanis
399 2767 437 2810 eo
452 2757 569 2810 eventu
583 2755 736 2831 pugnant,
752 2756 789 2843 ut
802 2755 961 2832 postremo
975 2743 1073 2830 portia

34 2829 666 3006 sustentaturum
678 2829 1073 3003 dtltltltaltt

34 3019 244 3150 quererentur,
265 3003 421 3070 desertam
443 3005 482 3069 ab
502 3026 541 3068 eo
561 3001 715 3089 Capuam,
736 3025 772 3068 ac
793 3024 891 3090 prope
914 3001 1072 3067 redditam

64 3093 203 3157 omanis:
225 3092 527 3176 obtestarenturque,
543 3101 580 3153 ut
599 3101 676 3152 tunc
696 3087 806 3152 saltem
822 3111 916 3174 opem
930 3111 995 3153 uon
1010 3087 1071 3154 cir·

34 3179 193 3244 cumsemis
207 3177 312 3256 modo,
327 3177 492 3242 sedetiam
506 3173 755 3252 circumvallatis,
770 3175 873 3240 ferret.
922 3173 1071 3240 Consuli-

17 3259 87 3328 tbus
103 3264 213 3331 literae
233 3289 253 3330 a
271 3264 308 3330 P.
323 3262 473 3330 Cornelio
493 3274 635 3362 praetore
654 3260 776 3338 mimae,
792 3259 871 3338 ‘Ut,
885 3261 1069 3348 priusquam

34 3349 234 3420 ‘clauderent
253 3350 398 3440 Capuam
417 3371 437 3414 o
479 3348 575 3426 rrbns,
590 3360 778 3435 potestatem
795 3345 968 3434 Campanis
986 3347 1070 3412 face-

34 3441 128 3517 ‘rent,
141 3452 189 3517 ut,
227 3439 261 3504 ui
275 3459 384 3504 eorum
399 3369 525 3513 velllnt,
541 3435 667 3500 exirent
681 3435 720 3499 ab
733 3432 855 3522 Capua,
870 3457 1006 3534 arasque
1019 3456 1069 3500 res

34 3529 152 3592 ‘secum
229 3537 343 3591 errent.
388 3523 521 3589 Liberos
541 3521 609 3587 fore
628 3543 748 3609 suaque
769 3521 875 3586 omnia
896 3520 1068 3600 habrturoe,

33 3612 201 3698 ‘quiante
226 3612 303 3678 Idus
323 3610 455 3676 Martias
474 3608 631 3676 exissent:
655 3622 727 3696 poet
748 3630 818 3673 eam
840 3607 925 3672 diem
948 3607 1068 3696 quique

33 3698 192 3778 ‘exissent
208 3699 328 3788 quique
348 3699 393 3764 ibi
409 3697 604 3774 maueiment,
620 3695 760 3760 hostium
778 3694 900 3760 futuros
917 3693 1070 3760 numero!

34 3779 79 3846 Ea
91 3788 294 3872 pronuntiata
306 3783 487 3872 Campanis,
497 3796 593 3871 atque
604 3782 649 3847 ita
662 3805 677 3847 s
699 3796 775 3860 reta,
788 3795 824 3847 ut
835 3780 917 3846 ultro
925 3781 1068 3846 dicerent

32 3873 240 3951 contumelias,
256 3873 523 3959 misereaturque.
569 3805 732 3936 tinnula
752 3870 791 3934 ab
811 3867 991 3954 Herdonea¹
1003 3867 1068 3934 Ta-

63 4081 76 4130 5
92 4072 134 4122 Aa
142 4073 168 4120 ld
177 4073 295 4133 lmorum]
314 4071 344 4122 cl.
356 4071 426 4135 Supr.
441 4085 477 4136 19·
563 4073 697 4124 servabant.
724 4071 934 4136 Vitrupmiit
946 4083 981 4134 17.
992 4078 1018 4121 et
1029 4085 1067 4134 31·

62 4131 235 4186 coauctam
261 4137 360 4197 cmtrd]
399 4136 490 4187 cauas
516 4151 532 4184 a
563 4137 643 4189 carr.

33 4195 134 4246 Claudio
145 4200 264 4250 Marcello
277 4199 383 4264 primunr
399 4200 532 4250 communi·
598 4213 612 4263 7
628 4204 747 4251 Praetor-e
756 4201 856 4261 murae]
880 4199 979 4261 Nempe
990 4213 1021 4248 ex
1032 4213 1068 4248 aa·

33 4259 70 4318 lit,
85 4277 201 4327 quaeque,
217 4279 293 4328 quum
313 4279 358 4328 per
372 4264 467 4327 aliquot
483 4263 532 4313 iam
564 4267 755 4316 natuaeonsulto.
773 4265 856 4315 Dorta.
882 4263 912 4312 u
927 4278 993 4326 supr.
1009 4260 1068 4311 xxii.

33 4337 106 4374 annos
115 4331 213 4390 curant,
222 4329 327 4380 auctoris
337 4343 434 4390 semper
443 4343 532 4378 nomen
566 4342 603 4390 33.

1083 2410 1230 2476 Capuaope-

1081 2473 1148 2524 ribus
1158 2477 1208 2525 cirr-

1080 2538 1152 2603 gitur.
