2878 4772
292 237 388 304 LIB.
412 237 576 304 XXVIII.
610 239 723 304 UAP.
747 246 799 305 43.
1007 249 1072 308 449

21 369 249 448 “ο111111111·111,ο
272 373 419 438 manibus
439 375 501 440 tuis
520 373 554 437 in
571 371 695 438 Italiam
713 373 853 440 emisisti.
899 375 1029 441 Victum
1053 389 1114 442 aU.
1127 393 1157 442 c.
1174 407 1229 455 547·

21 463 75 522 ‘te
96 456 204 522 dices:
229 480 269 524 eo
290 459 422 546 quidem
446 460 552 524 minus
574 459 698 537 vellem,
722 473 755 526 et
776 461 811 526 id
834 476 898 539 tua,
921 484 987 528 non
1010 457 1110 528 rei-¹⁴·
1128 457 1156 506 ⁰·
1174 470 1228 522 ²0⁵·

21 550 30 580 ¹
65 543 188 610 ublicae
210 545 323 623 solnm,
345 569 449 623 causa,
468 547 529 611 iter
552 546 661 611 datum
685 547 769 612 victo
788 548 823 613 in
845 546 969 614 Italiam
992 571 1068 615 esse.

21 565 167 708 ι11111111,
183 653 241 696 nos
255 632 372 709 omnia,
388 655 471 718 quae
491 655 640 719 prospera
662 633 721 696 tibi
740 655 777 698 ac
799 635 910 721 populi
929 635 1069 700 Romani

21 715 177 804 ‘imperio
200 739 345 796 evenere,
367 731 423 783 tuo
445 718 577 783 consilio
596 719 772 805 assignare3
796 719 926 786 adversa
947 723 1070 787 casibus

21 803 171 868 ‘incertis
185 803 261 869 belli
275 819 310 870 et
322 805 468 870 fortunae
483 803 638 892 delegare.
681 805 757 880 Quo
771 805 883 872 melior
896 808 1069 895 fortiorque

21 897 85 966 ‘es‚
101 913 141 956 eo
159 891 259 991 magis
281 889 378 956 talem
399 889 576 978 praesidem
599 890 659 955 sibi
680 891 784 977 patria
804 906 900 982 atque
922 895 1070 958 universa

21 975 136 1040 ‘Italia
160 989 285 1042 retinet.
333 976 410 1042 Non
436 989 591 1064 potesne
615 977 838 1064 ipse'quidem
861 979 1068 1058 dissimulare,

21 1061 97 1126 ‘ubi
114 1061 277 1128 Hannibal
292 1063 342 1141 sit,
358 1064 402 1129 ibi
418 1076 515 1151 caput
533 1075 629 1150 atquc
652 1085 757 1128 arcem
778 1063 874 1130 huius
892 1064 967 1131 belli
981 1089 1067 1131 ease:

21 1153 27 1184 ¹
65 1148 162 1248 uippe
178 1149 234 1235 qni
254 1171 330 1236 prae
350 1163 383 1214 te
405 1150 495 1227 feras,
511 1171 582 1214 eam
605 1149 663 1214 tibi
685 1173 813 1216 causam
836 1152 1013 1216 traiiciendi
1035 1153 1069 1216 in

21 1171 186 1300 ς1111111111
201 1257 279 1313 esse,
295 1247 332 1300 ut
348 1234 562 1302 Hannibalem
577 1259 617 1300 eo
632 1235 745 1302 trahas.
793 1236 866 1303 Sive
889 1238 986 1324 igitur
1005 1238 1068 1314 hic,

21 1321 106 1384 ‘sive
121 1321 195 1398 illic,
211 1343 285 1386 cum
302 1319 484 1387 Hannibale
499 1336 548 1387 est
563 1322 620 1387 tibi
635 1322 742 1388 futura
755 1345 813 1388 res.
860 1323 977 1388 Utrum
992 1347 1068 1412 ergo

21 1406 171 1471 ‘tandem
193 1407 316 1472 firmior
334 1408 396 1472 eris
417 1408 452 1472 in
467 1407 578 1473 Africa
594 1408 688 1486 solus,
704 1432 745 1474 an
763 1408 826 1488 hic,
843 1423 899 1474 tuo
913 1409 1069 1498 collegae-

21 1501 105 1580 ‘que
129 1494 176 1558 tui
197 1495 341 1559 exercitu
362 1495 556 1559 coniuncto?
577 1517 620 1560 ne
637 1493 793 1560 Claudius
808 1495 940 1583 quidem
958 1511 991 1562 et
1011 1497 1068 1561 Li-

21 1579 112 1644 'vius
130 1579 275 1646 consides
298 1594 362 1646 tam
384 1581 504 1646 recenti
524 1580 682 1668 exemplo,
721 1595 854 1647 uantum
875 1583 910 1648 id
932 1584 1066 1662 intersit,

21 1665 234 1732 'documento
263 1667 363 1732 sunt?
409 1665 524 1744 Quid?
561 1605 777 1734 Hannibitlem
803 1682 910 1734 utrum
937 1670 1067 1735 tandem

21 1761 202 1818 ‘extremus
219 1752 355 1839 angulus
372 1753 439 1840 agri
453 1751 583 1831 Bruttii,
598 1754 713 1818 frustra
726 1755 790 1820 iam
806 1755 862 1820 diu
884 1770 1067 1844 poscentem

21 1839 82 1904 ‘ab
103 1838 199 1904 domo
222 1838 350 1917 auxilia,
373 1861 414 1904 an
440 1840 620 1927 propinqua
644 1839 807 1927 Carthago
832 1855 864 1906 et
891 1857 958 1908 tota
983 1845 1068 1908 socia

21 1925 152 1990 ‘Africa
175 1925 388 2012 potentiorem
417 1926 512 1990 annis
536 1925 674 2012 virisque
701 1926 818 1991 faciet?
857 1927 955 2002 Quod
982 1929 1067 1994 istud

21 2011 208 2077 ‘consilium
225 2024 284 2089 est,
305 2012 350 2077 ibi
371 2010 464 2077 malle
479 2010 661 2089 dccemere‚
678 2013 733 2076 ubi
756 2025 829 2078 tuae
852 2011 986 2079 dimidio
1008 2015 1067 2079 mi·

21 2107 134 2164 'nores
147 2099 257 2185 copiae
272 2099 346 2176 sint,
361 2097 501 2162 hostium
523 2096 624 2163 multo
647 2099 790 2174 maiores,
805 2119 903 2185 quam
917 2100 973 2164 ubi
987 2099 1068 2165 duo-

21 2185 100 2250 ‘bus
122 2185 314 2250 exercitibus
335 2184 483 2249 adversus
505 2206 616 2260 unum,
636 2195 685 2248 tot
703 2184 831 2271 proeliis
853 2197 886 2249 et
909 2198 972 2250 tam
996 2185 1068 2250 din-

21 2279 135 2338 ἶ11111111
159 2284 193 2336 et
217 2273 305 2360 gravi
330 2271 444 2336 militia
468 2270 596 2348 fessum,
622 2269 832 2357 pugnandum
857 2271 922 2336 sit?
961 2272 1067 2347 Quam

21 2365 171 2445 'compar
191 2357 358 2423 consilium
380 2371 471 2424 tuum
517 2357 634 2422 arentis
656 2356 704 2421 tui
726 2356 858 2422 coneilio
878 2357 928 2435 sit,
945 2371 1064 2446 reputa.

22 2444 111 2522 ς11111,
126 2444 237 2510 consul
256 2444 415 2532 profectus
437 2444 472 2507 in
530 2443 694 2530 ispaniam,
709 2455 747 2507 ut
763 2442 937 2509 Hannibali
952 2446 993 2510 ab
1008 2445 1068 2509 Al·

22 2539 27 2570 *
62 2531 135 2596 ibus
149 2530 356 2596 descendenti
371 2541 559 2606 occursaret,
576 2529 609 2593 in
625 2527 750 2594 Italiam
770 2552 813 2594 ex
833 2531 997 2617 provincia
1017 2554 1067 2596 re·

22 2554 118 2682 ἶ11111
143 2629 188 2695 tu,
204 2640 304 2704 quum
320 2615 484 2682 Hannibal
504 2615 539 2680 in
557 2615 649 2681 Italia
669 2617 720 2694 sit,
738 2616 918 2703 relinquere
941 2617 1066 2684 Italiam

22 2711 151 2790 ‘paras3
174 2726 240 2768 non
251 2703 328 2790 quia
341 2702 534 2790 reipublicae
549 2702 584 2767 id
598 2702 687 2781 utile,
697 2702 755 2768 sed
763 2703 841 2790 quia
851 2704 910 2769 tibi
924 2705 1066 2793 amplum

22 2797 73 2854 ‘et
89 2789 260 2878 gloriosum
277 2811 387 2855 censes
404 2811 490 2855 esse:
514 2789 597 2854 sicut
611 2812 722 2877 quum,
737 2791 900 2876 provincis
921 2805 954 2857 et
975 2814 1067 2857 exer·

22 2877 108 2942 'citu
129 2876 250 2955 relicto,
265 2876 333 2941 sine
356 2875 436 2964 lege,
452 2875 521 2941 sine
536 2875 819 2952 senatusconsulto,
833 2875 956 2942 duabus
978 2878 1066 2942 navi·

23 2962 100 3028 ‘bus
116 2962 227 3051 populi
243 2963 382 3028 Romani
404 2962 575 3050 imperator
595 2961 756 3026 fortunam
777 2961 937 3046 publicam
952 2975 985 3025 et
1000 2985 1066 3026 ma·

23 3049 184 3114 ‘iestatem
202 3049 337 3137 imperii,
353 3071 436 3136 quae
457 3062 526 3114 tum
547 3048 583 3111 in
604 3059 660 3111 tuo
675 3045 779 3131 capite
797 3046 1065 3132 periclitabantur,

23 3135 233 3202 commisisti.
288 3135 359 3223 Ego
380 3135 417 3200 P.
437 3131 635 3209 Cornelium,
662 3131 774 3196 Patres
799 3131 979 3218 conscripti,
1004 3132 1067 3197 rei·

23 3231 25 3258 ²
61 3221 185 3288 ublicae
203 3221 369 3309 nobisque,
384 3243 451 3286 non
470 3219 531 3284 sibi
552 3219 564 3282 i
603 3218 610 3232 ‘
633 3216 781 3305 privatim
796 3228 939 3281 creamm
952 3239 1066 3284 consu·

23 3245 282 3374 ζ111111111111111101
307 3307 527 3392 exercitusque
598 3302 774 3369 custodiam
788 3303 876 3368 urbis
890 3315 985 3389 atque
1001 3303 1066 3369 Ita·

23 3394 101 3459 *liae
127 3394 258 3482 scripms
283 3416 361 3472 esse,
383 3415 450 3459 non
472 3412 553 3480 quos
575 3389 663 3476 regio
686 3410 774 3454 more
804 3409 862 3476 per
886 3391 1065 3476 superbiam

24 3479 194 3558 ‘consules
209 3503 274 3569 quo
288 3493 443 3546 tertarum
456 3477 566 3554 velint,
582 3475 759 3542 traiiciant’

63 3567 175 3642 Quum
187 3568 329 3633 oratione
341 3565 383 3631 ad
397 3579 462 3632 tem
486 3587 523 3630 us
537 3575 647 3651 parata
660 3560 787 3638 Fabius,
800 3573 868 3626 tum
880 3562 1064 3626 anctoritate
1166 3605 1174 3622 .

24 3666 50 3718 11
65 3653 242 3718 inveterata
254 3652 443 3741 pmdentiae
574 3669 723 3736 magnam
742 3659 866 3734 partem
881 3659 1017 3725 sensnm,
1032 3659 1066 3712 et

24 3740 157 3806 teniores
168 3739 317 3818 maxime,
328 3738 487 3816 movisset,
499 3733 849 3886 planeplfficonsilium
864 3734 958 3812 senis,
970 3755 1066 3821 quam

24 3826 161 3890 mimum
175 3825 384 3892 adolescentis
398 3824 546 3902 ferocem,
558 3821 589 3888 la
687 3831 741 3898 nt;
768 3819 875 3921 Scipio
885 3821 931 3884 ita
944 3819 1067 3885 locutus

24 3911 135 3978 iertur:
160 3911 226 3978 ‘Et
240 3913 308 3999 ipse
325 3911 367 3986 Q,
381 3908 498 3974 Fabius
511 3909 670 3996 principio
690 3907 849 3985 orationrs,
865 3905 977 3973 Patres
991 3929 1068 3973 con·
1076 3921 1154 3971 Fabio
1164 3937 1199 3972 re

33 3999 155 4086 scripti,
170 3996 439 4074 commemoravit,
455 3995 490 4059 in
509 3995 668 4060 sententia
681 4016 739 4059 sua
751 4015 843 4082 pom
864 3987 1180 4063 obtrectatio-uult

25 4093 116 4148 *nem
130 4097 308 4173 suspectam
325 4105 402 4150 esse.
450 4079 553 4146 Cuius
570 4103 631 4169 ego
648 4081 694 4145 rei
712 4103 778 4146 non
799 4094 863 4146 tam
884 4081 952 4168 ipse
967 4081 1068 4146 ausim
1077 4051 1167 4112 ΒΜ

48 4248 210 4304 ormenae
219 4251 344 4315 debean]
364 4251 407 4300 Ita
417 4249 527 4300 Gronov.
560 4248 696 4298 coniuncti·
724 4263 762 4298 res
789 4253 912 4312 gerantur.
945 4248 976 4296 es.
1003 4261 1069 4309 supr.

25 4329 63 4362 tro
76 4316 141 4377 vulg.
151 4317 234 4378 lepore
244 4313 392 4365 emendavit.
561 4312 636 4364 xxvii.
647 4327 687 4376 49.

53 4391 66 4439 7
85 4381 210 4436 Qunam
220 4381 248 4430 id
260 4379 370 4439 1111111111
390 4377 428 4428 ut
439 4377 530 4427 viribus

63 4459 138 4506 vot.
155 4461 190 4506 m
838 4453 897 4521 og
