2874 4772
372 171 468 238 LIB.
492 169 621 238 xxvi
656 170 767 238 CAP.
792 178 822 240 5.
1049 176 1111 242 tat

80 321 144 394 post
153 308 258 376 'lifata
271 324 411 377 montem
427 311 647 378 imminentem
660 311 791 400 Capuae
806 312 958 378 consedit.
1004 314 1115 382 Adve-
1125 325 1159 375 U.
1170 325 1201 375 c,
1220 318 1275 388 54't.

80 395 163 460 niena
176 419 274 483 quum
286 399 449 465 castellum
463 398 631 478 Galatiam,
646 399 956 488 praesidiovipulso,
968 401 1114 490 cepisset,
1123 390 1154 439 A.
1171 391 1201 441 ⁰·
1217 403 1276 440 ²¹¹·

81 481 110 544 in
136 483 398 550 circumsedentes
429 484 573 573 Capuam
603 509 636 551 se
664 487 767 552 vertit
827 486 1011 553 Praemissia
1039 503 1113 552 ante

80 569 191 634 nuntiis
212 569 447 672 Capuamque
468 586 608 660 ternpore
628 587 729 638 casua
752 573 899 639 Romana
911 597 1114 662 aggressurus

79 669 163 733 esset,
178 671 214 722 nt
227 658 339 723 eodem
355 673 389 724 et
398 659 455 736 rlli,
467 659 509 723 ad
519 659 718 747 eruptionem
733 661 843 747 parati,
855 661 954 750 portia
967 662 1114 728 omnibus

78 763 139 807 sesa
160 743 369 822 effunderent,
392 746 556 834 ingentem
596 746 719 812 raebuit
740 761 899 812 terrorem.
946 747 1032 813 Nam
1054 748 1116 813 alia

78 842 160 915 parte
176 831 241 918 ipse
256 831 384 898 adortus
403 846 468 910 cst3
492 831 554 898 alia
570 769 727 921 Campani
746 855 865 911 omnes,
880 833 1004 921 pedites
1023 835 1114 922 equi·
1123 856 1211 905 caetra
1217 857 1266 906 lto

79 929 193 1003 tesqua,
203 931 236 983 et
247 941 319 983 cum
331 919 370 983 iis
384 919 543 985 Punicum
550 919 754 1019 praesidium,
767 920 819 984 cui
830 919 942 985 Bostar
953 934 985 985 et
996 919 1114 986 Hanno
1125 935 1198 994 ΜΨ
1208 936 1248 983 as·

78 1018 247 1088 praeerant,
262 1006 375 1093 erupit„
422 1005 570 1084 Romam,
590 1019 626 1070 ut
645 1005 679 1070 in
697 1027 732 1071 re
749 1006 882 1093 trepida,
898 1030 939 1072 nc
959 1008 1000 1071 ad
1020 1030 1115 1072 unam
1125 985 1248 1112 ffiffii

78 1091 289 1159 concurrendo
300 1106 420 1179 partem
436 1092 556 1180 aliquid
568 1091 724 1157 indefensi
738 1093 964 1180 relinquerent,
976 1096 1022 1160 ita
1035 1096 1118 1160 inter
1127 1129 1224 1174 quoque

78 1197 109 1240 se
131 1179 236 1278 copias
261 1179 369 1266 partiti
392 1192 474 1244 sunt.
519 1179 583 1330 Aba
603 1177 758 1244 Claudius
783 1178 965 1268 Campanis,
989 1180 1118 1245 Fulvius
1127 1183 1265 1240 erumpunt.

80 1261 249 1330 Hannibali
263 1279 312 1331 est
331 1267 500 1366 oppositus.

601 1263 691 1330 Nero
708 1279 892 1354 propraetor
910 1289 984 1332 cnm
1002 1291 1020 1332 e
1044 1268 1118 1332 uiti-

79 1349 133 1415 bus
153 1365 260 1417 sextae
283 1351 415 1439 legionis
436 1375 497 1430 vra,
520 1374 601 1438 quae
626 1351 806 1417 Suessulam
828 1352 907 1430 fert3
934 1352 1016 1418 C.F
1050 1355 1120 1419 vius

79 1435 203 1503 Flaccus
232 1438 355 1525 legatus
382 1461 456 1504 cum
482 1439 589 1504 sociali
614 1438 760 1526 equitatu
784 1440 926 1505 constitit
948 1464 966 1506 e
990 1441 1119 1528 regione

79 1521 225 1590 Vulturni
251 1525 361 1590 amnis.
406 1524 568 1591 Proelium
590 1548 656 1590 non
682 1525 774 1592 solito
798 1527 894 1592 modo
918 1526 1054 1592 clamore
1083 1551 1120 1592 ac

79 1611 212 1677 tumultu
238 1626 287 1676 est
312 1625 470 1699 coeptum,
495 1611 562 1690 sed,
587 1612 628 1677 ad
657 1612 753 1678 alium
784 1613 931 1689 virorum,
954 1635 1120 1700 equorum,

78 1719 296 1785 armorumque
315 1719 439 1776 sonum,
458 1697 609 1786 disposita
627 1699 662 1764 in
684 1699 782 1764 muris
801 1700 1040 1787 Campanorum
1063 1701 1122 1764 im-

79 1783 164 1849 bellis
179 1784 353 1850 multitudo
366 1799 491 1850 tanturn
506 1807 579 1850 cum
591 1787 670 1850 aeris
684 1809 736 1850 cre
760 1786 817 1864 itu,
833 1786 935 1874 qualis
950 1788 983 1851 in
995 1787 1123 1852 defectu

59 1868 168 1936 alunae
178 1871 286 1937 silenti
300 1885 394 1938 nocte
408 1872 485 1936 cieri
500 1870 589 1947 solet,
606 1871 708 1936 edidit
721 1809 901 1950 clamorem,
918 1886 954 1936 ut
969 1887 1122 1938 averteret

78 1957 170 2022 etiam
180 1959 394 2046 pugnantium
406 1958 536 2023 animos.
584 1958 765 2046 Campanos
773 1958 864 2023 facile
876 1958 985 2024 avallo
997 1959 1053 2046 Ap
1074 1960 1123 2023 ius

79 2045 209 2111 arcebat.
256 2043 362 2109 Maior
380 2045 427 2109 vis
449 2045 488 2110 ab
503 2044 603 2109 altera
615 2058 704 2131 parte
725 2044 884 2122 Fulvium,
907 1981 1074 2110 Hannibal
1091 2059 1124 2110 et

79 2127 186 2210 Poeni,
208 2132 370 2219 urgebant
422 2131 524 2218 Legio
544 2131 588 2195 ibi
608 2143 697 2195 sexta
713 2130 784 2196 loco
803 2131 915 2196 cessit:
939 2153 1005 2217 qua
1023 2130 1122 2218 pulsa,

79 2217 187 2283 cohors
203 2217 421 2305 Hispanorum
436 2240 509 2283 cum
524 2217 624 2282 tribus
643 2215 820 2304 elephantis
835 2239 935 2304 usque
951 2217 992 2282 ad
1006 2216 1123 2282 vallum

79 2304 230 2390 pervasit:
262 2317 453 2393 ruperatque
483 2303 620 2369 mediam
644 2304 745 2369 aciem
776 2303 1004 2382 Romanorum,
1032 2318 1065 2370 et
1090 2305 1122 2369 in

80 2392 208 2479 ancipiti
300 2415 336 2456 ac
351 2390 493 2479 periculo
507 2404 584 2469 erat,
600 2403 707 2456 utrum
726 2391 761 2455 in
776 2403 877 2456 cosma
895 2404 1123 2492 perrumperet,

80 2499 119 2541 an
133 2479 234 2544 interc
247 2478 398 2544 oderetur
411 2501 431 2543 a
444 2478 516 2543 suia
565 2477 672 2554 Quem
687 2499 835 2578 pavorem
853 2478 986 2566 legionis
996 2478 1125 2580 pericu-

80 2562 208 2652 lumque
223 2577 395 2630 castrorum
410 2565 539 2630 Fulvius
558 2564 614 2630 ubi
633 2563 723 2643 vidrt,
741 2563 782 2642 Q
796 2564 935 2630 Navium
956 2585 1124 2654 prrmorea-

80 2673 140 2738 que
159 2652 238 2718 alios
257 2651 479 2717 centurionum
494 2651 646 2730 hortatur,
663 2660 719 2717 ‘ut
733 2652 895 2718 cohortem
909 2651 1049 2718 hostium
1064 2653 1123 2717 sub

80 2737 159 2804 vallo
187 2753 384 2826 pugnantem
412 2738 570 2805 invadant„
617 2737 676 2804 ‘In
701 2761 826 2804 summo
851 2739 1032 2804 discrimine
1056 2761 1123 2804 rem

81 2825 194 2891 ‘vertit
219 2838 274 2890 aut
291 2825 375 2889 viam
393 2825 530 2891 dandam
550 2826 588 2890 iis
603 2847 680 2903 esse,
696 2839 730 2891 et
743 2827 865 2892 minore
885 2839 1012 2904 conatu,
1027 2848 1123 2912 quam

81 2912 293 2976 ‘condensam
307 2913 408 2976 aciem
419 2913 586 2999 rupissent,
598 2913 632 2976 in
647 2925 748 2976 castra
762 2912 954 2999 irrupturos:
979 2925 1035 2976 aut
1048 2935 1125 2978 eon-

81 2997 253 3064 ‘ficicndoa
268 2999 326 3064 sub
341 2998 423 3063 vallo
436 3019 513 3062 esse.
559 2997 632 3063 Nec
645 2998 753 3085 magni
767 2997 948 3063 certaminis
958 3019 1026 3063 rem
1040 2998 1121 3062 fore:

81 3092 216 3235 ‘paucos
235 3107 312 3162 esse,
333 3098 367 3149 et
386 3085 425 3150 ab
445 3085 509 3148 suis
528 3082 730 3160 interclusos3
754 3097 787 3148 et
806 3106 898 3170 quae,
915 3083 992 3147 dum
1011 3099 1125 3184 paveat

81 3179 91 3208 ‘
131 3193 273 3249 omanus,
294 3172 471 3258 interrupta
488 3171 571 3236 acies
587 3169 741 3248 videatur,
762 3193 842 3248 eam,
863 3170 889 3234 si
910 3192 942 3234 sc
963 3183 1123 3257 utrumque

81 3258 135 3322 ‘in
148 3258 273 3324 hostem
287 3269 398 3336 vertat,
413 3257 543 3344 ancipiti
557 3279 580 3358 p
647 3279 666 3320 a
685 3255 806 3322 medios
820 3257 1124 3322 circumventum!

59 3343 203 3410 ³Navius
217 3346 273 3410 ubi
292 3344 371 3410 haec
393 3345 589 3446 imperatoris
630 3343 691 3408 'cta
710 3344 842 3431 accepit,
858 3342 990 3408 secundi
1009 3342 1124 3409 hastati

80 3431 206 3519 signum
225 3432 408 3519 ademptum
429 3431 577 3518 srgnilero
597 3431 631 3494 in
650 3429 756 3495 hostes
775 3429 871 3495 infert
881 3454 890 3506 ;
914 3429 1070 3494 iacturum
1090 3431 1124 3493 in
1178 3467 1180 3472 ·

82 3519 202 3584 medios
223 3541 277 3583 eoa
298 3518 457 3596 minitans,
479 3517 515 3582 ni
538 3539 571 3582 se
615 3538 726 3605 ropere
751 3529 923 3605 sequantur
943 3511 1070 3593 milites,
1092 3529 1125 3582 et

171 3627 203 3668 m
229 3617 393 3693 capessant
439 3627 552 3691 ugnae.
638 3625 717 3692 gens
741 3625 855 3691 corpus
880 3616 957 3680 erat,
980 3615 1014 3668 ct
1039 3625 1126 3668 arma

106 3692 307 3768 onestabant3
330 3705 364 3756 et
377 3627 536 3757 suHatum
556 3689 619 3756 alte
638 3691 763 3778 signum
782 3701 979 3755 converterat
998 3689 1040 3754 ad
1054 3712 1126 3778 spe-

86 3777 242 3843 ctaculum
255 3778 339 3843 cives
349 3777 528 3866 hostesque.
562 3776 725 3855 Ceterum,
734 3789 901 3865 postquam
910 3776 1126 3865 iamadsigna

61 3879 268 3962 apervenerat
283 3863 509 3953 Hispanorum,
522 3878 590 3929 turn
605 3864 747 3951 undiquc
762 3865 796 3930 in
811 3886 886 3929 eum
900 3863 1039 3951 tragulae
1050 3888 1127 3930 con-

83 3963 193 4029 tectae,
219 3965 252 4017 et
277 3973 376 4040 prope
403 3963 470 4016 tota
494 3951 529 4015 in
558 3973 657 4016 unum
687 3951 770 4016 acies
798 3973 903 4016 versa:
935 3949 992 4016 sed
1020 3973 1126 4052 neque

84 4033 221 4103 hostium
237 4037 419 4116 multitudo,
435 4059 540 4125 neque
556 4037 690 4104 telorum
705 4038 752 4102 vis
769 4060 874 4105 arcere
889 4038 1044 4125 impetum
1059 4059 1127 4102 erus

118 4215 132 4248 ²
151 4205 184 4254 tu
200 4207 319 4254 aemam
335 4203 409 4252 etiam
422 4201 589 4274 puprmmima
641 4211 667 4273 Ι3
684 4199 902 4272 ξοωιιάἰὴωεαιί]
919 4195 1066 4246 ω.8ωιιιιάί
1077 4209 1127 4242 mu·

85 4266 189 4327 animoa]
206 4269 351 4316 Admtcrst
366 4281 397 4314 ex
414 4269 516 4314 conrect.
533 4263 589 4314 llu-
622 4263 702 4324 mpnlr
712 4262 870 4310 hastatorum.
1004 4319 1010 4331 ι

87 4327 131 4375 reti
142 4330 249 4393 reposuit
261 4329 366 4380 Bekker.
656 4343 671 4385 4
690 4325 824 4386 Traqrrtac]
843 4323 873 4370 es.
885 4322 956 4384 Supr.
967 4333 1018 4368 xxa
1033 4331 1054 4379 7.
