2866 4770
326 243 422 309 LIB.
447 244 578 310 XXIX.
610 245 721 311 CAP.
747 252 797 311 20.
1025 253 1087 312 481

8 406 29 448 4
43 379 257 444 ‘inambulare
279 378 313 444 in
335 381 509 468 gymnasio,
533 381 647 446 libellis
667 404 740 445 eum
761 380 996 468 palaestraeque
1015 403 1091 468 ope·
1102 401 1134 451 U.
1147 401 1176 452 c.
1192 403 1248 464 548.

9 475 130 535 s‘ram
159 465 251 530 dare:
284 489 384 553 aeque
411 466 549 552 segniter
576 467 774 553 molliterque
804 467 968 532 cohortem
992 479 1089 532 totam
1100 467 1130 517 Α·
1147 466 1177 516 0·
1194 480 1248 526 ²04·

44 552 291 641 ‘Syracusarum
302 553 492 618 amoenitate
507 553 586 617 frui:
613 550 839 640 Carthaginem
851 567 947 640 atque
964 552 1092 618 Hanni·

44 639 168 703 ‘halem
187 639 342 703 excidisse
361 638 402 703 dc
423 639 592 703 memoria:
616 639 792 704 exercitum
814 662 943 705 omnem
962 639 1091 705 licentia

43 733 258 811 ‘corruptum
272 725 374 811 qualis
390 723 531 790 Sucrone
547 725 581 788 in
597 723 753 812 Hispania
766 725 872 802 fuerit,
888 725 989 813 qualis
1003 748 1090 790 nurse

44 811 186 888 ‘locria
216 812 309 876 sociis
338 811 446 898 magis,
478 833 573 898 quam
603 811 696 889 hosti,
728 812 955 876 metuendum’
999 811 1090 878 Haec
1147 817 1199 875 20.

41 920 227 984 quanquam
248 898 362 984 partim
382 920 465 975 vera,
484 899 598 984 partim
619 898 728 975 mixta,
750 921 852 984 eoque
874 896 989 962 similia
1009 898 1091 962 veris
1100 898 1202 973 Mateta

41 983 249 1060 iaciebantur,
272 983 349 1048 vicit
367 997 474 1048 tamen
496 984 538 1058 Q
552 982 679 1049 Metelli
696 985 871 1050 sententia:
896 985 962 1072 qui,
979 983 1018 1049 de
1039 967 1219 1074 ce-{ffffi‘

41 1071 119 1135 teris
135 1070 280 1134 Maximo
294 1093 447 1146 assensus,
463 1071 503 1134 de
522 1069 678 1157 Scipionis
693 1093 787 1136 causa
801 1071 955 1135 dissensit
1003 1071 1091 1146 ‘Qui
1101 1090 1182 1152 piune.

43 1163 55 1193 ‘
67 1157 152 1220 enim
175 1157 353 1232 convenire,
377 1178 472 1242 quem
496 1155 591 1220 modo
613 1157 722 1222 civitas
748 1158 896 1222 iuvenem
918 1157 1091 1222 admodum

43 1243 297 1329 ‘recuperandae
322 1242 496 1330 Hispaniae
517 1242 672 1330 delegerit
691 1244 815 1320 ducem,
837 1267 944 1330 quem,
965 1257 1093 1330 recepta

44 1330 106 1392 ‘ab
120 1329 261 1395 hostibus
277 1329 443 1416 Hispania,
456 1329 497 1393 ad
512 1329 741 1416 imponendum
757 1331 881 1395 Punico
896 1330 979 1394 bello
994 1331 1092 1394 finem

43 1423 56 1452 ‘
69 1417 221 1480 creaverit
235 1417 407 1493 consulem,
423 1438 478 1502 spe
494 1414 700 1480 destinaverit
715 1416 929 1481 Hannibalem
945 1439 985 1481 ex
1000 1414 1093 1481 Italia

42 1501 289 1578 ‘detracturum
306 1503 448 1568 Africam
463 1503 676 1579 subacturum,
693 1526 767 1567 eum
781 1515 923 1588 repente,
940 1519 1092 1588 tanquam

41 1587 109 1662 ‘Q
122 1587 326 1665 Pleminium,
342 1589 463 1654 indicta
476 1611 570 1653 causa
584 1611 682 1688 prope
698 1589 892 1665 damnatum,
908 1612 949 1653 ex
964 1589 1093 1675 provin·

42 1675 117 1737 ‘cia
127 1675 288 1738 revocari?
311 1698 411 1762 quum
425 1699 472 1752 ea,
488 1697 570 1760 quae
585 1698 619 1738 rn
634 1698 667 1738 se
682 1675 801 1739 nefarie
815 1673 898 1738 facta
919 1674 1093 1740 Locrenses

43 1767 284 1847 ‘quererentuu
298 1784 338 1826 ne
353 1775 517 1847 praesente
530 1761 660 1860 quidem
678 1760 729 1825 Sci
753 1761 826 1825 ione
841 1761 925 1827 facta
939 1761 1092 1838 dicerent,

42 1855 55 1885 ‘
66 1869 171 1933 neque
193 1846 289 1922 aliud,
306 1869 401 1932 quam
421 1847 585 1932 patientta,
601 1861 657 1910 aut
678 1784 789 1932 putlbr,
829 1847 893 1910 uod
913 1847 1018 1933 legato
1037 1870 1093 1933 pe·

43 1933 226 2020 ‘percisset
242 1932 416 1995 insimulari
431 1933 553 2016 possit?
582 1932 649 1997 Sibi
667 1932 800 2018 placere,
840 1933 866 1996 l.
880 1933 1093 2019 Pomponium

41 2029 54 2058 ‘
65 2031 254 2106 praetorem,
282 2017 334 2080 cui
366 2016 472 2081 Sicilia
495 2018 658 2102 provincia
686 2031 768 2082 sorte
799 2020 963 2094 evenisset,
989 2018 1094 2094 triduo

9 2119 29 2170 6
43 2105 214 2192 ‘proximo
229 2104 263 2166 in
278 2102 470 2189 provinciam
486 2103 659 2188 proficisci:
684 2103 949 2168 consulesdecem
966 2105 1093 2191 legatos,

43 2201 147 2278 ‘quos
170 2191 207 2254 iis
229 2190 398 2264 videretur,
422 2211 461 2253 ex
484 2203 595 2252 senatu
618 2188 733 2275 legere,
754 2212 834 2275 quos
856 2213 929 2254 cum
951 2204 1094 2276 praetore

10 2277 240 2379 g‘mitterent,
259 2291 292 2340 et
310 2277 389 2340 duos
405 2276 547 2340 tribunos
568 2274 681 2361 plebei,
701 2287 795 2361 atque
817 2276 961 2340 aedilem.
1009 2274 1095 2341 Cum

44 2373 108 2428 ‘eo
123 2362 253 2428 oonsilio
268 2375 445 2448 praetorem
460 2384 658 2448 cognoscere.
707 2360 741 2426 Si
759 2385 805 2438 ea,
822 2385 904 2448 quae
921 2363 1096 2428 Locrenses

45 2449 151 2514 ‘facta
172 2445 390 2535 quererentur,
414 2449 499 2512 iussu
521 2464 577 2512 aut
598 2448 760 2512 voluntate
783 2448 819 2513 P.
836 2448 993 2535 Scipionis
1014 2448 1097 2514 facta

45 2543 184 2612 ‘essent
207 2547 243 2598 ut
269 2559 342 2598 eum
369 2535 410 2598 de
437 2534 599 2620 provincia
620 2534 775 2600 decedere
798 2535 951 2600 inherent.
1000 2533 1034 2600 Si
1056 2535 1093 2600 P.

46 2632 60 2661 ‘
74 2621 182 2720 Scipio
208 2621 272 2684 iam
295 2622 330 2684 in
356 2621 498 2684 Africam
523 2621 703 2698 traiecisset,
729 2622 848 2686 tribuni
873 2621 974 2708 plebis
998 2635 1095 2710 atque

46 2707 180 2772 ‘aedilis
201 2729 274 2771 cum
294 2706 417 2771 duobus
431 2706 551 2794 legatis,
567 2730 647 2792 quos
665 2708 803 2772 maxime
823 2722 947 2795 praetor
964 2709 1096 2775 idoneos

46 2794 250 2870 ‘censuisset
282 2793 316 2857 in
350 2793 492 2858 Africam
521 2794 811 2879 proficiscerentur:
850 2795 970 2860 tribuni
1000 2809 1095 2884 atque

49 3055 107 3104 127.
140 3043 195 3090 Iam
208 3056 264 3089 vero
275 3039 387 3103 crepidae
398 3039 475 3101 ipsae,
489 3053 556 3100 prae·
589 3041 631 3102 qai
651 3055 700 3088 aon
722 3043 750 3088 in
771 3043 866 3101 libellis,
882 3044 925 3092 aad
939 3045 968 3090 ist
985 3046 1097 3092 maximia

44 3113 162 3166 terquam
187 3106 253 3166 quod
277 3120 326 3152 non
348 3104 487 3161 Romanae,
508 3116 557 3149 non
589 3105 712 3160 autumet
729 3106 756 3152 ia
770 3105 814 3154 hoo
829 3108 947 3155 domicfflo
962 3108 1059 3167 imperii
1073 3115 1097 3156 et

45 3169 110 3219 satis
131 3184 162 3218 ex
181 3169 299 3230 dignitate
321 3166 474 3229 imperatoris
493 3165 557 3213 vide·
587 3167 690 3227 ebriae,
708 3170 741 3216 sit
761 3172 859 3219 coasilio
878 3172 1012 3232 littoreaque
1026 3171 1097 3230 pria·

46 3237 140 3282 bantur
166 3247 225 3282 esse.
267 3233 339 3281 Idem
365 3233 442 3280 terme
469 3229 558 3278 obiecit
590 3246 653 3292 ceps.
669 3231 750 3282 Gaas.

45 3297 138 3348 Cicero
150 3297 229 3346 Verri.
260 3297 332 3345 Stetit
346 3297 450 3346 salamas
457 3301 559 3356 praetor
625 3305 638 3356 5
656 3295 780 3344 Cohortem
795 3299 881 3355 totam]
901 3297 1098 3346 Amicosomnes

42 3362 252 3424 popuiiliomoai
266 3377 321 3409 eum
334 3360 410 3422 pallio
423 3375 558 3421 purpureo.
592 3363 616 3406 et
643 3358 765 3406 ministros
792 3359 949 3420 proconsulis
989 3361 1099 3410 cohortis

45 3427 136 3474 Soleae
154 3424 220 3472 enim
241 3423 307 3472 idem
326 3424 376 3472 tere
395 3427 473 3480 erant,
492 3423 559 3483 quod
591 3421 690 3470 nomine
698 3421 855 3484 designantur
865 3421 882 3470 ii
894 3424 936 3484 qui
946 3423 1097 3484 magistratui

45 3490 172 3551 crepidae.
205 3489 241 3537 Iis
254 3490 398 3550 porum
413 3488 490 3536 caloes
505 3493 558 3534 taa-
591 3485 617 3534 in
633 3485 758 3546 provincia
772 3487 870 3546 adsum,
881 3485 1019 3544 consiliarii,
1029 3487 1097 3534 adiu-

47 3553 171 3602 tommodo
187 3553 271 3614 infime
290 3553 439 3613 tenebantur.
473 3549 560 3598 Cetera
591 3554 664 3607 tores,
680 3549 825 3600 administri.
858 3551 892 3600 Et
907 3551 941 3600 sic
956 3549 1045 3612 passim
1057 3549 1098 3598 ct-

44 3633 128 3680 props
158 3618 226 3664 auda
256 3623 281 3666 st
313 3617 428 3664 teretibus
459 3615 560 3663 habenis
592 3627 647 3662 cero
658 3613 705 3662 hoc
717 3630 807 3664 nomen
818 3621 919 3677 usurpet
929 3615 955 3662 in
964 3611 1032 3662 libris
1041 3628 1098 3661 cou-

45 3683 144 3739 oinota
159 3685 186 3727 ut
201 3679 275 3728 habet
290 3679 357 3728 Geli.
375 3680 431 3727 loco
445 3677 495 3726 lam
509 3691 559 3725 me·
591 3682 630 3726 tra
641 3678 753 3729 Verrem.
769 3679 851 3729 cmv.

47 3749 154 3794 morato.
188 3741 363 3792 Germanicum
382 3757 479 3818 qaoque
498 3742 559 3792 an-
624 3740 857 3805 emmaque]
877 3743 1003 3791 Numerus
1013 3741 1097 3792 bicsd

47 3807 263 3858 sarema'l'iberio
274 3806 428 3870 perstrictum
439 3811 560 3854 msenatu
592 3807 671 3856 &ossa
689 3809 782 3869 primos
801 3811 922 3854 senatmes
930 3806 1006 3855 haud
1022 3807 1097 3856 dubie

47 3875 190 3920 auctorest
204 3869 315 3930 Tacitus,
327 3872 390 3919 Ann.
403 3869 427 3918 ii.
440 3881 478 3935 59.
494 3869 560 3931 quod
593 3875 695 3932 spectat.
711 3869 908 3919 arrestata.
919 3871 972 3934 785.
984 3870 1041 3920 ii.n.
1051 3885 1089 3931 42.

47 3937 78 3985 in
98 3935 213 3997 Aegypto
232 3937 335 3998 peditto
353 3936 457 3992 inusto,
475 3932 501 3982 id
523 3939 560 3982 est
626 3935 725 3996 7Daos
741 3935 851 3983 tridaaos
866 3935 956 3996 plebei]
976 3935 1007 3986 cs.
1024 3935 1097 3997 Supr.

47 4000 161 4049 soleatus
184 3999 352 4060 crepidatusre
372 3997 516 4056 incessisset,
536 4003 561 4047 st
592 3998 697 4062 iuuet
709 4007 747 4060 37.

45 4064 111 4128 pari
122 4079 177 4110 mera
188 4065 289 4112 Graecis
300 4064 397 4111 amiota.
414 4062 495 4112 Cant.
624 4063 640 4111 8
657 4062 718 4111 Uram
739 4077 767 4112 so
787 4064 887 4112 aemilio
903 4070 1041 4126 praetorem
1062 4079 1098 4112 oo·

86 4127 219 4187 4Ls'dsliis
234 4143 289 4176 eum
304 4127 502 4202 palaestraeque]
519 4127 560 4174 nt
590 4129 717 4188 onosma]
746 4141 779 4176 sc.
801 4125 970 4176 assidentibus
995 4127 1099 4174 tribunis

48 4191 127 4242 beiloe
147 4189 189 4238 hic
209 4191 370 4254 intelligimus
390 4205 406 4237 a
426 4189 562 4238 rhetoribus
593 4189 684 4251 plebei,
694 4189 777 4248 sedili,
788 4199 813 4239 et
823 4191 909 4240 decem
920 4190 1014 4252 legatis,
1025 4205 1097 4250 quae-

49 4253 239 4320 philosophisre
259 4253 409 4316 conscriptos
429 4259 455 4301 et
474 4266 560 4315 propo
593 4253 697 4302 stionern
712 4255 743 4303 de
757 4254 794 4314 iis,
805 4269 868 4315 quae
884 4253 992 4315 Scipioni
1004 4251 1099 4301 obiecta

48 4319 115 4370 sitos
146 4317 313 4367 auditoribus:
353 4317 561 4378 quemadmodum
594 4318 779 4376 eranthabere.

48 4382 123 4444 apud
138 4381 191 4431 cte.
203 4383 235 4430 de
246 4382 289 4432 Or.
301 4381 316 4431 i.
332 4394 383 4444 ¹05·
394 4389 466 4445 atque
479 4395 510 4430 er
525 4395 561 4437 so,

99 4463 175 4508 vor..
193 4465 226 4508 11.
888 4465 898 4505 1
915 4444 925 4505 i
