2878 4772
330 188 426 255 LIB.
450 189 598 255 XXVIL
633 191 744 257 CAP.
769 199 821 257 30.
1041 197 1102 262 377

43 325 177 426 lippum
194 337 289 411 atque
306 325 438 390 Aetolos
455 324 583 391 bellum.
630 325 806 392 Adhibitus
820 328 860 392 ab
877 328 1001 394 Aetolis
1016 344 1049 393 et
1063 352 1104 394 er
1116 344 1149 394 U.
1160 345 1190 394 e.
1207 357 1264 406 544·

43 412 198 477 fimtrmis
221 412 404 499 pacificator
426 413 644 498 Amynander,
667 435 725 478 rex
749 415 977 479 Athamanum.
1025 410 1144 480 0m‚A.
1162 410 1192 458 ⁰·
1209 411 1264 458 ²0⁸·

25 500 147 564 snium
168 511 276 563 autem
296 519 362 561 non
382 511 472 562 tanta
490 520 548 584 pro
566 497 692 564 Aetolis
711 523 787 564 cura
807 513 884 578 erat,
900 501 1105 566 ferocioribus
1114 471 1264 584 &offiium

25 607 152 672 squam
174 607 232 671 pro
255 584 392 684 ingeniis
408 583 603 649 Graeconrm
621 587 742 685 gentis:
769 609 865 673 quam
879 610 920 652 ne
936 587 1104 676 Philippus
1114 601 1251 674 sc'bellum

47 693 255 758 regnumque
281 693 359 746 erus,
381 693 475 758 grave
499 670 636 736 libertati
660 671 813 750 futurum,
834 674 928 738 rebus
950 674 1105 740 Graeciae
1114 664 1228 774 grumen-

47 757 296 822 immisceretur.
342 756 395 821 De
410 779 491 857 pace
506 757 605 821 dilata
618 757 807 824 consultatio
823 760 919 824 estin
934 761 1106 825 concilium
1132 742 1182 776 ω’

50 843 280 920 Achaeorum3
303 843 503 930 concilroque
526 844 556 908 ci
577 856 611 908 et
630 843 717 908 locus
735 859 768 909 et
781 844 850 910 dies
870 860 958 912 certa
974 846 1103 910 indicta.

49 929 192 994 Interim
217 929 349 1017 triginta
373 929 498 994 dierum
527 929 670 995 indutiae
700 931 895 1018 impetratae.
941 931 1232 998 Profectuslndutiae

49 1015 131 1079 inde
148 1038 206 1079 rex
220 1037 277 1102 per
291 1015 487 1080 Thessaliam
501 1014 666 1080 Boeotiam
690 1039 740 1094 ue,
752 1016 940 1083 Chalcidem
954 1016 1104 1083 Euboeae
1116 1013 1264 1076 30.dierum.

49 1102 154 1178 venit,
171 1115 207 1166 ut
222 1101 378 1179 Attalum,
394 1123 491 1187 quem
513 1101 610 1166 classe
632 1039 797 1182 Eriboeam
818 1104 993 1191 petitmum
1015 1104 1107 1168 audi·

50 1201 134 1263 erat,
150 1186 304 1274 portubus
319 1200 352 1252 et
365 1188 494 1253 litorum
515 1188 650 1274 appulsu
664 1202 792 1254 arceret.
838 1189 931 1267 Inde,
947 1189 1105 1277 praesidio
1115 1201 1248 1266 Philippus

52 1273 169 1337 relicto
191 1272 339 1338 adversus
358 1273 515 1351 Attalum,
534 1275 560 1338 si
579 1273 659 1339 forte
682 1275 810 1340 interim
829 1277 1010 1353 traiecisset,
1032 1266 1170 1364 pro·itin
1182 1267 1253 1316 Pele

51 1360 159 1424 fectus
178 1359 246 1446 ipse
266 1383 339 1424 curu
359 1360 468 1460 paucis
482 1361 627 1446 equitum
642 1360 783 1448 levisque
798 1375 984 1441 armaturae,
1002 1346 1262 1450 Argos¹³⁰¹¹¹¹⁰⁸m

26 1453 38 1486 ¹
54 1446 155 1510 venit.
201 1445 252 1510 Ibi
271 1459 433 1511 curatrone
453 1445 651 1511 Heraeorum
668 1447 929 1536 Nemeorumque
951 1449 1107 1536 suffragiis

25 1517 169 1628 {populi
192 1531 234 1595 ad
257 1554 331 1596 eum
354 1531 469 1610 delata,
492 1533 569 1620 quia
591 1555 624 1597 se
649 1533 866 1600 Macedonum
889 1557 980 1622 reges
1003 1557 1044 1600 ex
1068 1557 1108 1600 ea

54 1617 185 1682 civitate
201 1617 351 1682 oriundos
368 1619 519 1696 referunt,
536 1617 669 1684 Heraeis
726 1620 829 1698 raetis,
845 1622 885 1686 ab
899 1621 969 1707 ipso
983 1620 1107 1686 ludicro

25 1704 220 1790 4extemplo
243 1704 383 1790 Aegium
405 1705 566 1792 profectus
585 1719 643 1783 est,
728 1706 885 1771 indictum
909 1706 1009 1772 multo
1032 1719 1106 1772 ante

55 1791 214 1854 sociorum
230 1790 409 1856 concilium.
448 1790 498 1856 Ibi
513 1792 554 1856 de
571 1792 718 1856 Aetolico
733 1792 876 1858 finiendo
890 1793 974 1858 bello
989 1805 1106 1871 actum,

55 1899 99 1940 ne
115 1898 209 1940 causa
222 1889 278 1940 aut
293 1876 458 1954 Romanis,
474 1889 529 1942 aut
543 1877 654 1943 Attalo
669 1878 809 1943 intrandi
827 1878 995 1943 Graeciam
1014 1890 1105 1942 essct.

59 1961 126 2026 Sed
150 1984 189 2026 ea
213 1963 329 2040 omnia,
356 1963 488 2027 vixdum
511 1963 708 2028 indutiarum
734 1975 876 2051 tempore
902 1965 1105 2041 circumacto,
1116 1973 1198 2022 Aeoli
1247 2039 1252 2049 Ι

58 2047 170 2112 Aetoli
192 2049 367 2127 turbavere,
389 2063 558 2137 postquam
581 2064 614 2113 et
631 2049 779 2114 Attalum
796 2050 957 2136 Aeginam
972 2051 1266 2150 venissesttrffintffl

57 2149 92 2199 et
109 2134 286 2200 Romanam
300 2135 431 2201 classem
451 2148 534 2201 stare
549 2135 590 2199 ad
607 2134 811 2222 Naupactum
832 2135 991 2200 audivere.
1039 2105 1155 2201 Vo-tm
1204 2107 1222 2150 t

57 2222 122 2286 cati
142 2221 227 2286 enim
251 2221 286 2286 in
305 2222 476 2287 concilium
498 2221 711 2299 Achaeorum,
727 2222 762 2285 in
782 2244 848 2307 quo
867 2221 997 2286 eaedem
1020 2220 1107 2308 lega·

58 2309 163 2373 tiones
189 2322 288 2386 erant,
311 2331 392 2396 quae
417 2308 458 2374 ad
480 2307 615 2373 Phalara
637 2320 769 2396 egerant
791 2307 832 2372 de
857 2330 946 2395 pace,
968 2308 1107 2395 primum

57 2394 164 2481 questi
184 2408 260 2460 sunt
274 2395 431 2482 quaedam
446 2417 542 2482 parva
555 2406 664 2459 contra
679 2393 777 2458 fidem
791 2395 1011 2460 conventionis
1027 2408 1108 2459 tem-

58 2503 135 2568 pore
159 2481 354 2545 indutiarum
370 2481 472 2546 facta:
496 2495 656 2568 postremo
680 2492 837 2569 negarunt
859 2480 966 2545 dirimi
986 2481 1107 2546 bellum

57 2589 160 2653 posse,
183 2567 245 2632 nisi
269 2567 438 2632 Messeniis
462 2567 585 2633 Achaei
606 2565 724 2655 Pylum
746 2567 926 2645 redderent,
953 2567 1108 2634 Romanis

93 2849 109 2896 8
125 2848 292 2898 Fssocioribus
309 2863 382 2912 quom
398 2863 446 2909 pro
461 2848 567 2909 inperiis
600 2847 676 2909 lippo.
694 2847 811 2898 Gnorov.

60 2916 208 2962 Graecam
222 2913 315 2972 psam]
346 2912 428 2960 Posala
442 2917 567 2972 utcunque
634 2913 831 2970 remansa]
850 2909 975 2958 Ludorum
993 2911 1018 2958 in
1033 2911 1109 2958 hono·

60 2991 196 3050 exptyrere:
216 2975 371 3024 ferocioribus
382 2989 455 3037 quam
472 2990 516 3035 pro
531 2974 566 3022 in·
599 2987 651 3021 rem
672 2974 783 3034 lunonis,
799 2974 841 3035 qui
859 2973 960 3022 Graecis
971 2971 1035 3035 'ripa
1051 2972 1109 3022 dici·

59 3038 332 3102 genirsgentisalicuiru
340 3039 499 3088 Graecomm.
519 3037 568 3085 Sed
600 3041 646 3085 tur.
664 3037 745 3086 Cass.

60 3105 109 3151 hoc
125 3103 253 3164 illepidum
270 3109 308 3151 cst
322 3109 347 3152 et
362 3104 492 3164 inelegans.
526 3100 567 3150 Li·
632 3101 823 3159 aNemecmm]
849 3100 914 3148 Ludi
926 3115 1023 3162 quoque
1033 3099 1109 3158 sucre,

60 3170 147 3216 benter
167 3167 319 3216 crederemus
338 3166 432 3215 dedisse
452 3165 566 3214 Livium:
600 3163 635 3212 sio
654 3164 712 3212 dicti
731 3179 748 3211 s
762 3164 859 3212 Nemea
876 3165 961 3226 sylra;
980 3179 1041 3224 quos
1058 3163 1109 3225 qui-

52 3233 180 3292 serooiori,
194 3247 267 3294 qaam
280 3247 328 3292 pro
343 3233 449 3293 inperalia
466 3233 568 3278 Gracco
601 3229 658 3275 dam
676 3227 701 3275 in
719 3227 872 3287 Archemori,
889 3227 931 3276 alii
948 3227 974 3274 in
992 3227 1110 3276 Herculis

60 3309 126 3351 rum,
134 3301 219 3355 peste:
236 3294 262 3342 id
271 3301 316 3353 est,
325 3296 393 3343 cuius
402 3294 492 3342 ferocia
502 3292 567 3340 rnale
600 3292 717 3340 honorem
729 3291 853 3339 institutos
864 3297 1008 3339 memorant.
1022 3292 1102 3340 Cnar.

62 3357 201 3407 conveniret
222 3373 278 3406 cum
296 3357 477 3406 humanissimis
492 3357 567 3406 Grae
634 3358 740 3417 3Eoesc
751 3357 849 3405 ciuitate
857 3357 971 3404 oriundos
982 3356 1108 3415 reserant]

62 3437 145 3471 corum
155 3422 269 3470 moribus.
287 3423 367 3472 Cass.
399 3420 567 3470 Hanclectic-
601 3419 727 3468 Nimirum
736 3419 1110 3481 regeshlacedonumgenusdu·

62 3501 120 3534 nem
141 3501 155 3534 a
174 3486 281 3536 Crevier.
303 3487 440 3548 probatam,
459 3501 489 3534 cx
512 3499 567 3532 con·
601 3485 690 3533 cebant
704 3483 827 3533 scamno
838 3482 938 3545 Argivo,
949 3482 1015 3543 regni
1027 3483 1111 3531 Mace

63 3551 155 3598 iectura
171 3549 290 3598 Gronorii
306 3549 331 3598 in
346 3555 441 3598 textum
461 3547 569 3610 reposuit
601 3547 682 3596 donici
701 3545 872 3612 conditorasi
889 3546 1013 3594 Iustinum
1030 3544 1070 3594 vii.
1089 3560 1111 3595 a.

64 3613 169 3664 Belrlrer.
192 3615 241 3664 Sed
253 3616 376 3676 vulgarem
388 3612 497 3662 defendit
507 3610 569 3661 Dra-
601 3617 726 3660 auctorem
746 3625 884 3684 sequamur,
903 3611 941 3657 vel
961 3625 976 3657 a
995 3609 1112 3658 Perdicca

63 3679 135 3726 kenh.
145 3685 172 3726 ut
180 3680 345 3740 quaeastylo
354 3677 458 3726 Idriano
468 3676 570 3724 minime
602 3675 748 3734 Temenida,
770 3687 790 3722 st
813 3674 965 3722 Herodotum
987 3672 1036 3722 viii.
1059 3684 1111 3735 137.

63 3741 196 3800 abhorreat,
208 3742 322 3802 quoniam
339 3741 406 3789 haud
419 3757 472 3789 raro
490 3740 569 3802 dupli·
602 3739 740 3797 audiamus,
754 3753 828 3802 quem
846 3738 901 3786 ride
916 3753 939 3786 r.
952 3752 990 3786 aa.
1004 3743 1029 3785 et
1042 3736 1111 3786 Thu·

65 3820 118 3854 cem
141 3805 282 3868 genitivam,
307 3807 411 3854 alterum
437 3820 468 3853 ex
492 3805 570 3854 altero
604 3803 657 3868 cyd.
671 3803 746 3867 ii.99.

65 3871 219 3932 pendentem,
229 3884 269 3932 sp.
284 3877 394 3918 nostram
411 3867 570 3930 deprehendi·
635 3884 651 3929 4
668 3869 774 3929 septam
787 3869 913 3929 profectus
928 3866 977 3924 cst]
1001 3863 1114 3938 Concilia

65 3949 128 3982 mus.
146 3935 178 3982 ci.
189 3949 254 3996 supr.
270 3950 326 3984 xxv.
341 3947 378 3995 15.
391 3934 494 3982 hostimn
511 3934 570 3981 imi-
604 3932 759 3981 Achaeorum
791 3933 897 3993 Accium
932 3929 1025 3978 iudicia
1057 3929 1113 3977 ruti.

65 4000 161 4046 dicrum
171 3999 282 4058 miserus.
603 3995 688 4044 xxviii.
700 4007 720 4056 7.
737 4011 812 4044 mr.
822 3995 860 4056 48.
872 3993 929 4057 legi,
939 3991 1114 4042 animadvertit

99 4065 167 4124 9Ne
183 4063 317 4124 Philippus
336 4076 486 4134 capuamque
503 4061 569 4120 sim]
605 4059 732 4109 Drakenb.
766 4059 833 4108 Olim
850 4059 942 4107 Rhium
958 4057 999 4105 hic
1018 4057 1114 4116 legeba-

68 4129 174 4188 Apparet
184 4141 216 4174 ex
226 4125 375 4174 orationibus
390 4123 485 4188 Lycisci
497 4125 571 4172 Acar
603 4129 651 4183 tur,
661 4137 738 4185 quum
750 4123 846 4171 codices
855 4123 950 4183 sepium
967 4135 1025 4181 prae
1040 4133 1069 4190 se
1080 4117 1114 4165 fe-

67 4189 178 4248 naniaet
193 4191 328 4252 legatorum
346 4187 492 4247 Ptolemaei,
504 4189 572 4250 apud
603 4193 668 4246 runt,
686 4188 729 4236 scd
749 4187 868 4250 Polybius
887 4184 1000 4232 Achaeos
1019 4181 1114 4228 Rhium

69 4254 153 4315 Polyb.
165 4254 222 4302 libb.
233 4253 341 4303 ix.etxi.
353 4253 469 4302 maiorem
480 4253 571 4301 shRo·
604 4267 635 4300 ne
654 4251 730 4300 semel
748 4249 848 4311 quidem
870 4251 967 4295 coactos
985 4247 1113 4293 memorat.

68 4316 145 4368 manis
165 4323 257 4368 metum
277 4317 360 4377 fuisse,
378 4331 452 4379 quam
475 4331 490 4365 a
512 4315 571 4365 Phi·
603 4317 709 4377 rafiam
720 4311 860 4362 emendavit
871 4311 1016 4360 Glareanus.
