<?xml version="1.0" encoding="UTF-8"?>
<!DOCTYPE html PUBLIC "-//W3C//DTD XHTML 1.0 Transitional//EN"
    "http://www.w3.org/TR/xhtml1/DTD/xhtml1-transitional.dtd">
<html xmlns="http://www.w3.org/1999/xhtml" xml:lang="en" lang="en">
 <head>
  <title>
</title>
<meta http-equiv="Content-Type" content="text/html;charset=utf-8" />
  <meta name='ocr-system' content='tesseract 3.04.00' />
  <meta name='ocr-capabilities' content='ocr_page ocr_carea ocr_par ocr_line ocrx_word'/>
</head>
<body>
  <div class='ocr_page' id='page_1' title='image "./tliviipatavinih00kreygoog_0437.png"; bbox 0 0 2878 4772; ppageno 0'>
   <div class='ocr_carea' id='block_1_1' title="bbox 316 201 980 275">
    <p class='ocr_par' dir='ltr' id='par_1_1' title="bbox 316 201 980 275">
     <span class='ocr_line' id='line_1_1' title="bbox 316 201 980 275; baseline -0.012 0"><span class='ocrx_word' id='word_1_1' title='bbox 316 211 381 275; x_wconf 78' lang='lat'><strong>426</strong></span> <span class='ocrx_word' id='word_1_2' title='bbox 701 201 815 268; x_wconf 90' lang='grc' dir='ltr'>ΤΙΤΙ</span> <span class='ocrx_word' id='word_1_3' title='bbox 844 201 980 268; x_wconf 87' lang='lat' dir='ltr'><strong>LIVII</strong></span> 
     </span>
    </p>
   </div>
   <div class='ocr_carea' id='block_1_2' title="bbox 160 335 1392 3543">
    <p class='ocr_par' dir='ltr' id='par_1_2' title="bbox 162 335 1376 426">
     <span class='ocr_line' id='line_1_2' title="bbox 162 335 1376 426; baseline 0 -26"><span class='ocrx_word' id='word_1_4' title='bbox 162 350 197 402; x_wconf 84' lang='lat' dir='ltr'><strong>U.</strong></span> <span class='ocrx_word' id='word_1_5' title='bbox 208 350 238 401; x_wconf 78' lang='lat' dir='ltr'><strong>G.</strong></span> <span class='ocrx_word' id='word_1_6' title='bbox 254 348 309 413; x_wconf 79' lang='lat'><strong>54⁶·</strong></span> <span class='ocrx_word' id='word_1_7' title='bbox 318 341 387 408; x_wconf 84' lang='lat' dir='ltr'><strong>dira</strong></span> <span class='ocrx_word' id='word_1_8' title='bbox 410 339 544 416; x_wconf 87' lang='lat' dir='ltr'><strong>adiecta,</strong></span> <span class='ocrx_word' id='word_1_9' title='bbox 569 339 595 403; x_wconf 88' lang='lat' dir='ltr'><strong>si</strong></span> <span class='ocrx_word' id='word_1_10' title='bbox 622 361 719 424; x_wconf 90' lang='lat' dir='ltr'><strong>quem</strong></span> <span class='ocrx_word' id='word_1_11' title='bbox 745 363 766 403; x_wconf 88' lang='lat' dir='ltr'><strong>a</strong></span> <span class='ocrx_word' id='word_1_12' title='bbox 789 339 951 426; x_wconf 83' lang='lat' dir='ltr'><strong>proposito</strong></span> <span class='ocrx_word' id='word_1_13' title='bbox 977 360 1051 425; x_wconf 84' lang='lat' dir='ltr'><strong>spes</strong></span> <span class='ocrx_word' id='word_1_14' title='bbox 1076 335 1262 401; x_wconf 82' lang='lat' dir='ltr'><strong>mollitiave</strong></span> <span class='ocrx_word' id='word_1_15' title='bbox 1289 337 1376 400; x_wconf 84' lang='lat' dir='ltr'><strong>animi</strong></span> 
     </span>
    </p>

    <p class='ocr_par' dir='ltr' id='par_1_3' title="bbox 160 413 1376 512">
     <span class='ocr_line' id='line_1_3' title="bbox 160 413 1376 512; baseline -0.006 -19"><span class='ocrx_word' id='word_1_16' title='bbox 160 417 192 466; x_wconf 54' lang='grc' dir='ltr'><strong>Α·</strong></span> <span class='ocrx_word' id='word_1_17' title='bbox 208 417 238 466; x_wconf 79' lang='lat'><strong>⁰·</strong></span> <span class='ocrx_word' id='word_1_18' title='bbox 255 413 309 466; x_wconf 76' lang='lat'><strong>²⁰⁶·</strong></span> <span class='ocrx_word' id='word_1_19' title='bbox 317 428 465 494; x_wconf 85' lang='lat' dir='ltr'><strong>flexisset</strong></span> <span class='ocrx_word' id='word_1_20' title='bbox 512 425 593 490; x_wconf 90' lang='lat' dir='ltr'><strong>Inde</strong></span> <span class='ocrx_word' id='word_1_21' title='bbox 608 425 766 490; x_wconf 87' lang='lat' dir='ltr'><strong>concitato</strong></span> <span class='ocrx_word' id='word_1_22' title='bbox 787 426 914 512; x_wconf 79' lang='lat' dir='ltr'><strong>agmine</strong></span> <span class='ocrx_word' id='word_1_23' title='bbox 935 425 1121 512; x_wconf 87' lang='lat' dir='ltr'><strong>patentibus</strong></span> <span class='ocrx_word' id='word_1_24' title='bbox 1136 423 1248 511; x_wconf 86' lang='lat' dir='ltr'><strong>portis</strong></span> <span class='ocrx_word' id='word_1_25' title='bbox 1262 423 1376 510; x_wconf 83' lang='lat' dir='ltr'><strong>ingenti</strong></span> 
     </span>
    </p>

    <p class='ocr_par' dir='ltr' id='par_1_4' title="bbox 319 511 1376 599">
     <span class='ocr_line' id='line_1_4' title="bbox 319 511 1376 599; baseline -0.006 -19"><span class='ocrx_word' id='word_1_26' title='bbox 319 513 458 582; x_wconf 89' lang='lat' dir='ltr'><strong>tumultu</strong></span> <span class='ocrx_word' id='word_1_27' title='bbox 473 525 654 599; x_wconf 79' lang='lat' dir='ltr'><strong>erumpunt.</strong></span> <span class='ocrx_word' id='word_1_28' title='bbox 701 511 818 598; x_wconf 86' lang='lat' dir='ltr'><strong>Neque</strong></span> <span class='ocrx_word' id='word_1_29' title='bbox 839 525 907 576; x_wconf 90' lang='lat' dir='ltr'><strong>erat</strong></span> <span class='ocrx_word' id='word_1_30' title='bbox 925 511 991 576; x_wconf 88' lang='lat' dir='ltr'><strong>ulla</strong></span> <span class='ocrx_word' id='word_1_31' title='bbox 1010 512 1086 576; x_wconf 88' lang='lat' dir='ltr'><strong>satis</strong></span> <span class='ocrx_word' id='word_1_32' title='bbox 1101 511 1202 574; x_wconf 86' lang='lat' dir='ltr'><strong>firma</strong></span> <span class='ocrx_word' id='word_1_33' title='bbox 1217 511 1317 574; x_wconf 88' lang='lat' dir='ltr'><strong>statio</strong></span> <span class='ocrx_word' id='word_1_34' title='bbox 1329 533 1376 596; x_wconf 90' lang='lat' dir='ltr'><strong>op-</strong></span> 
     </span>
    </p>

    <p class='ocr_par' dir='ltr' id='par_1_5' title="bbox 318 596 1376 699">
     <span class='ocr_line' id='line_1_5' title="bbox 318 596 1376 699; baseline -0.005 -34"><span class='ocrx_word' id='word_1_35' title='bbox 318 601 440 690; x_wconf 84' lang='lat' dir='ltr'><strong>posita3</strong></span> <span class='ocrx_word' id='word_1_36' title='bbox 464 600 541 686; x_wconf 89' lang='lat' dir='ltr'><strong>quia</strong></span> <span class='ocrx_word' id='word_1_37' title='bbox 558 599 638 662; x_wconf 91' lang='lat' dir='ltr'><strong>nibil</strong></span> <span class='ocrx_word' id='word_1_38' title='bbox 653 599 768 675; x_wconf 88' lang='lat' dir='ltr'><strong>minus,</strong></span> <span class='ocrx_word' id='word_1_39' title='bbox 785 621 881 686; x_wconf 88' lang='lat' dir='ltr'><strong>quam</strong></span> <span class='ocrx_word' id='word_1_40' title='bbox 902 613 938 663; x_wconf 92' lang='lat' dir='ltr'><strong>ut</strong></span> <span class='ocrx_word' id='word_1_41' title='bbox 956 599 1067 699; x_wconf 78' lang='lat' dir='ltr'><strong>egredi</strong></span> <span class='ocrx_word' id='word_1_42' title='bbox 1088 597 1273 661; x_wconf 82' lang='lat' dir='ltr'><strong>moenibus</strong></span> <span class='ocrx_word' id='word_1_43' title='bbox 1291 596 1376 660; x_wconf 87' lang='lat' dir='ltr'><strong>aude·</strong></span> 
     </span>
    </p>

    <p class='ocr_par' dir='ltr' id='par_1_6' title="bbox 318 683 1375 773">
     <span class='ocr_line' id='line_1_6' title="bbox 318 683 1375 773; baseline -0.006 -21"><span class='ocrx_word' id='word_1_44' title='bbox 318 700 399 764; x_wconf 87' lang='lat' dir='ltr'><strong>rent,</strong></span> <span class='ocrx_word' id='word_1_45' title='bbox 416 687 521 751; x_wconf 88' lang='lat' dir='ltr'><strong>timeri</strong></span> <span class='ocrx_word' id='word_1_46' title='bbox 536 698 669 773; x_wconf 86' lang='lat' dir='ltr'><strong>poterat</strong></span> <span class='ocrx_word' id='word_1_47' title='bbox 716 685 897 772; x_wconf 87' lang='lat' dir='ltr'><strong>Perpaucae</strong></span> <span class='ocrx_word' id='word_1_48' title='bbox 913 700 1059 772; x_wconf 85' lang='lat' dir='ltr'><strong>equrtum</strong></span> <span class='ocrx_word' id='word_1_49' title='bbox 1079 699 1227 761; x_wconf 82' lang='lat' dir='ltr'><strong>turmae,</strong></span> <span class='ocrx_word' id='word_1_50' title='bbox 1244 683 1375 770; x_wconf 75' lang='lat' dir='ltr'><strong>levisque</strong></span> 
     </span>
    </p>

    <p class='ocr_par' dir='ltr' id='par_1_7' title="bbox 319 771 1374 860">
     <span class='ocr_line' id='line_1_7' title="bbox 319 771 1374 860; baseline -0.007 -21"><span class='ocrx_word' id='word_1_51' title='bbox 319 787 477 839; x_wconf 87' lang='lat' dir='ltr'><strong>armatura</strong></span> <span class='ocrx_word' id='word_1_52' title='bbox 502 786 634 860; x_wconf 88' lang='lat' dir='ltr'><strong>repente</strong></span> <span class='ocrx_word' id='word_1_53' title='bbox 657 795 675 836; x_wconf 92' lang='lat' dir='ltr'><strong>e</strong></span> <span class='ocrx_word' id='word_1_54' title='bbox 698 773 807 836; x_wconf 87' lang='lat' dir='ltr'><strong>castris</strong></span> <span class='ocrx_word' id='word_1_55' title='bbox 833 772 874 836; x_wconf 87' lang='lat' dir='ltr'><strong>ad</strong></span> <span class='ocrx_word' id='word_1_56' title='bbox 899 772 934 835; x_wconf 94' lang='lat' dir='ltr'><strong>id</strong></span> <span class='ocrx_word' id='word_1_57' title='bbox 958 773 1063 859; x_wconf 88' lang='lat' dir='ltr'><strong>ipsum</strong></span> <span class='ocrx_word' id='word_1_58' title='bbox 1088 772 1215 835; x_wconf 87' lang='lat' dir='ltr'><strong>emissa</strong></span> <span class='ocrx_word' id='word_1_59' title='bbox 1238 771 1374 834; x_wconf 85' lang='lat' dir='ltr'><strong>occurrit</strong></span> 
     </span>
    </p>

    <p class='ocr_par' dir='ltr' id='par_1_8' title="bbox 320 857 1375 946">
     <span class='ocr_line' id='line_1_8' title="bbox 320 857 1375 946; baseline -0.004 -22"><span class='ocrx_word' id='word_1_60' title='bbox 320 861 436 925; x_wconf 86' lang='lat' dir='ltr'><strong>Acrior</strong></span> <span class='ocrx_word' id='word_1_61' title='bbox 450 861 573 946; x_wconf 80' lang='lat' dir='ltr'><strong>impetu</strong></span> <span class='ocrx_word' id='word_1_62' title='bbox 587 873 683 944; x_wconf 89' lang='lat' dir='ltr'><strong>atque</strong></span> <span class='ocrx_word' id='word_1_63' title='bbox 699 858 821 936; x_wconf 87' lang='lat' dir='ltr'><strong>animis,</strong></span> <span class='ocrx_word' id='word_1_64' title='bbox 838 881 932 946; x_wconf 91' lang='lat' dir='ltr'><strong>quam</strong></span> <span class='ocrx_word' id='word_1_65' title='bbox 948 858 1159 945; x_wconf 85' lang='lat' dir='ltr'>compositior</span> <span class='ocrx_word' id='word_1_66' title='bbox 1176 857 1250 921; x_wconf 90' lang='lat' dir='ltr'><strong>ullo</strong></span> <span class='ocrx_word' id='word_1_67' title='bbox 1266 857 1375 930; x_wconf 82' lang='lat' dir='ltr'><strong>ordine,</strong></span> 
     </span>
    </p>

    <p class='ocr_par' dir='ltr' id='par_1_9' title="bbox 319 945 1377 1094">
     <span class='ocr_line' id='line_1_9' title="bbox 319 945 1377 1094; baseline -0.003 -83"><span class='ocrx_word' id='word_1_68' title='bbox 319 971 428 1035; x_wconf 88' lang='lat' dir='ltr'><strong>pugna</strong></span> <span class='ocrx_word' id='word_1_69' title='bbox 442 947 509 1012; x_wconf 85' lang='lat' dir='ltr'><strong>fuit</strong></span> <span class='ocrx_word' id='word_1_70' title='bbox 556 945 670 1032; x_wconf 86' lang='lat' dir='ltr'><strong>Itaque</strong></span> <span class='ocrx_word' id='word_1_71' title='bbox 691 945 800 1094; x_wconf 80' lang='lat' dir='ltr'><strong>pulsus</strong></span> <span class='ocrx_word' id='word_1_72' title='bbox 821 967 928 1032; x_wconf 88' lang='lat' dir='ltr'><strong>eques,</strong></span> <span class='ocrx_word' id='word_1_73' title='bbox 945 946 1001 1031; x_wconf 93' lang='lat' dir='ltr'><strong>qui</strong></span> <span class='ocrx_word' id='word_1_74' title='bbox 1022 945 1150 1032; x_wconf 87' lang='lat' dir='ltr'><strong>primus</strong></span> <span class='ocrx_word' id='word_1_75' title='bbox 1169 945 1265 1008; x_wconf 86' lang='lat' dir='ltr'><strong>hosti</strong></span> <span class='ocrx_word' id='word_1_76' title='bbox 1283 967 1317 1008; x_wconf 86' lang='lat' dir='ltr'><strong>sc</strong></span> <span class='ocrx_word' id='word_1_77' title='bbox 1330 945 1377 1008; x_wconf 91' lang='lat' dir='ltr'><strong>ob·</strong></span> 
     </span>
    </p>

    <p class='ocr_par' dir='ltr' id='par_1_10' title="bbox 320 1031 1375 1118">
     <span class='ocr_line' id='line_1_10' title="bbox 320 1031 1375 1118; baseline -0.005 -19"><span class='ocrx_word' id='word_1_78' title='bbox 320 1034 445 1110; x_wconf 85' lang='lat' dir='ltr'><strong>tulerat,</strong></span> <span class='ocrx_word' id='word_1_79' title='bbox 462 1046 612 1098; x_wconf 91' lang='lat' dir='ltr'><strong>terrorem</strong></span> <span class='ocrx_word' id='word_1_80' title='bbox 628 1032 697 1096; x_wconf 92' lang='lat' dir='ltr'><strong>intu</strong></span> <span class='ocrx_word' id='word_1_81' title='bbox 711 1032 736 1094; x_wconf 92' lang='lat' dir='ltr'><strong>it</strong></span> <span class='ocrx_word' id='word_1_82' title='bbox 753 1031 816 1096; x_wconf 89' lang='lat' dir='ltr'><strong>levi</strong></span> <span class='ocrx_word' id='word_1_83' title='bbox 834 1045 1028 1096; x_wconf 88' lang='lat' dir='ltr'><strong>armaturae:</strong></span> <span class='ocrx_word' id='word_1_84' title='bbox 1053 1044 1315 1118; x_wconf 87' lang='lat' dir='ltr'><strong>pugnatumque</strong></span> <span class='ocrx_word' id='word_1_85' title='bbox 1328 1031 1375 1094; x_wconf 85' lang='lat' dir='ltr'><strong>sub</strong></span> 
     </span>
    </p>

    <p class='ocr_par' dir='ltr' id='par_1_11' title="bbox 320 1118 1375 1205">
     <span class='ocr_line' id='line_1_11' title="bbox 320 1118 1375 1205; baseline -0.005 -20"><span class='ocrx_word' id='word_1_86' title='bbox 320 1122 330 1184; x_wconf 94' lang='lat' dir='ltr'><strong>i</strong></span> <span class='ocrx_word' id='word_1_87' title='bbox 354 1144 389 1185; x_wconf 94' lang='lat' dir='ltr'><strong>so</strong></span> <span class='ocrx_word' id='word_1_88' title='bbox 405 1120 485 1184; x_wconf 88' lang='lat' dir='ltr'><strong>vallo</strong></span> <span class='ocrx_word' id='word_1_89' title='bbox 504 1119 595 1196; x_wconf 89' lang='lat' dir='ltr'><strong>foret,</strong></span> <span class='ocrx_word' id='word_1_90' title='bbox 611 1119 645 1182; x_wconf 92' lang='lat' dir='ltr'><strong>ni</strong></span> <span class='ocrx_word' id='word_1_91' title='bbox 666 1120 762 1182; x_wconf 92' lang='lat' dir='ltr'><strong>robur</strong></span> <span class='ocrx_word' id='word_1_92' title='bbox 776 1119 948 1205; x_wconf 86' lang='lat' dir='ltr'><strong>legionum,</strong></span> <span class='ocrx_word' id='word_1_93' title='bbox 1006 1119 1142 1204; x_wconf 85' lang='lat' dir='ltr'><strong>rexiguo</strong></span> <span class='ocrx_word' id='word_1_94' title='bbox 1161 1118 1209 1183; x_wconf 86' lang='lat' dir='ltr'><strong>ad</strong></span> <span class='ocrx_word' id='word_1_95' title='bbox 1225 1120 1375 1182; x_wconf 70' lang='lat' dir='ltr'><strong>instrum</strong></span> 
     </span>
    </p>

    <p class='ocr_par' dir='ltr' id='par_1_12' title="bbox 320 1145 1375 1292">
     <span class='ocr_line' id='line_1_12' title="bbox 320 1145 1375 1292; baseline -0.004 -22"><span class='ocrx_word' id='word_1_96' title='bbox 320 1145 398 1272; x_wconf 86' lang='lat' dir='ltr'><strong>dlrm</strong></span> <span class='ocrx_word' id='word_1_97' title='bbox 410 1206 484 1271; x_wconf 89' lang='lat' dir='ltr'><strong>dato</strong></span> <span class='ocrx_word' id='word_1_98' title='bbox 497 1219 649 1292; x_wconf 87' lang='lat' dir='ltr'><strong>tempore,</strong></span> <span class='ocrx_word' id='word_1_99' title='bbox 660 1205 761 1269; x_wconf 88' lang='lat' dir='ltr'><strong>aciem</strong></span> <span class='ocrx_word' id='word_1_100' title='bbox 774 1205 947 1269; x_wconf 80' lang='lat' dir='ltr'><strong>direxisset.</strong></span> <span class='ocrx_word' id='word_1_101' title='bbox 991 1206 1022 1268; x_wconf 91' lang='lat' dir='ltr'><strong>bi</strong></span> <span class='ocrx_word' id='word_1_102' title='bbox 1034 1227 1172 1292; x_wconf 93' lang='lat' dir='ltr'><strong>quoque</strong></span> <span class='ocrx_word' id='word_1_103' title='bbox 1187 1217 1240 1270; x_wconf 83' lang='lat' dir='ltr'><strong>tre</strong></span> <span class='ocrx_word' id='word_1_104' title='bbox 1265 1205 1375 1268; x_wconf 83' lang='lat' dir='ltr'><strong>idatum</strong></span> 
     </span>
    </p>

    <p class='ocr_par' dir='ltr' id='par_1_13' title="bbox 343 1229 1376 1380">
     <span class='ocr_line' id='line_1_13' title="bbox 343 1229 1376 1380; baseline -0.004 -22"><span class='ocrx_word' id='word_1_105' title='bbox 343 1315 490 1380; x_wconf 88' lang='lat' dir='ltr'><strong>arumper</strong></span> <span class='ocrx_word' id='word_1_106' title='bbox 509 1293 593 1356; x_wconf 87' lang='lat' dir='ltr'><strong>circa</strong></span> <span class='ocrx_word' id='word_1_107' title='bbox 610 1292 700 1378; x_wconf 88' lang='lat' dir='ltr'><strong>signa</strong></span> <span class='ocrx_word' id='word_1_108' title='bbox 719 1304 776 1370; x_wconf 88' lang='lat' dir='ltr'><strong>est,</strong></span> <span class='ocrx_word' id='word_1_109' title='bbox 793 1315 893 1378; x_wconf 90' lang='lat' dir='ltr'><strong>quum</strong></span> <span class='ocrx_word' id='word_1_110' title='bbox 913 1293 999 1356; x_wconf 86' lang='lat' dir='ltr'><strong>caeci</strong></span> <span class='ocrx_word' id='word_1_111' title='bbox 1015 1291 1121 1355; x_wconf 80' lang='lat' dir='ltr'><strong>furore</strong></span> <span class='ocrx_word' id='word_1_112' title='bbox 1140 1291 1181 1354; x_wconf 90' lang='lat' dir='ltr'><strong>in</strong></span> <span class='ocrx_word' id='word_1_113' title='bbox 1199 1229 1336 1356; x_wconf 78' lang='lat' dir='ltr'><strong>vulnera</strong></span> <span class='ocrx_word' id='word_1_114' title='bbox 1347 1313 1376 1354; x_wconf 81' lang='lat' dir='ltr'><strong>sc</strong></span> 
     </span>
    </p>

    <p class='ocr_par' dir='ltr' id='par_1_14' title="bbox 320 1317 1376 1456">
     <span class='ocr_line' id='line_1_14' title="bbox 320 1317 1376 1456; baseline -0.002 -12"><span class='ocrx_word' id='word_1_115' title='bbox 320 1317 437 1445; x_wconf 68' lang='lat' dir='ltr'><strong>ibrum</strong></span> <span class='ocrx_word' id='word_1_116' title='bbox 466 1379 592 1443; x_wconf 88' lang='lat' dir='ltr'><strong>vecordi</strong></span> <span class='ocrx_word' id='word_1_117' title='bbox 619 1378 752 1442; x_wconf 88' lang='lat' dir='ltr'><strong>audacia</strong></span> <span class='ocrx_word' id='word_1_118' title='bbox 778 1391 916 1443; x_wconf 90' lang='lat' dir='ltr'><strong>ruerent.</strong></span> <span class='ocrx_word' id='word_1_119' title='bbox 962 1377 1049 1442; x_wconf 88' lang='lat' dir='ltr'><strong>Dein</strong></span> <span class='ocrx_word' id='word_1_120' title='bbox 1072 1391 1172 1442; x_wconf 88' lang='lat' dir='ltr'><strong>vetus</strong></span> <span class='ocrx_word' id='word_1_121' title='bbox 1202 1379 1309 1456; x_wconf 80' lang='lat' dir='ltr'><strong>miles,</strong></span> <span class='ocrx_word' id='word_1_122' title='bbox 1330 1377 1376 1442; x_wconf 80' lang='lat' dir='ltr'><strong>ad-</strong></span> 
     </span>
    </p>

    <p class='ocr_par' dir='ltr' id='par_1_15' title="bbox 320 1465 1376 1552">
     <span class='ocr_line' id='line_1_15' title="bbox 320 1465 1376 1552; baseline -0.002 -22"><span class='ocrx_word' id='word_1_123' title='bbox 320 1489 427 1532; x_wconf 85' lang='lat' dir='ltr'><strong>versus</strong></span> <span class='ocrx_word' id='word_1_124' title='bbox 447 1466 629 1530; x_wconf 90' lang='lat' dir='ltr'><strong>temerarios</strong></span> <span class='ocrx_word' id='word_1_125' title='bbox 649 1465 786 1552; x_wconf 88' lang='lat' dir='ltr'><strong>impetus</strong></span> <span class='ocrx_word' id='word_1_126' title='bbox 806 1465 961 1552; x_wconf 82' lang='lat' dir='ltr'><strong>pertinax,</strong></span> <span class='ocrx_word' id='word_1_127' title='bbox 977 1465 1075 1528; x_wconf 89' lang='lat' dir='ltr'><strong>caede</strong></span> <span class='ocrx_word' id='word_1_128' title='bbox 1093 1465 1287 1550; x_wconf 80' lang='lat' dir='ltr'><strong>primorum</strong></span> <span class='ocrx_word' id='word_1_129' title='bbox 1305 1467 1376 1529; x_wconf 84' lang='lat' dir='ltr'><strong>inse·</strong></span> 
     </span>
    </p>

    <p class='ocr_par' dir='ltr' id='par_1_16' title="bbox 321 1551 1391 1640">
     <span class='ocr_line' id='line_1_16' title="bbox 321 1551 1391 1640; baseline -0.002 -24"><span class='ocrx_word' id='word_1_130' title='bbox 321 1566 457 1640; x_wconf 89' lang='lat' dir='ltr'><strong>quentes</strong></span> <span class='ocrx_word' id='word_1_131' title='bbox 485 1553 666 1639; x_wconf 81' lang='lat' dir='ltr'><strong>suppressit.</strong></span> <span class='ocrx_word' id='word_1_132' title='bbox 730 1551 874 1616; x_wconf 87' lang='lat' dir='ltr'><strong>Conatus</strong></span> <span class='ocrx_word' id='word_1_133' title='bbox 902 1551 1009 1639; x_wconf 89' lang='lat' dir='ltr'><strong>paullo</strong></span> <span class='ocrx_word' id='word_1_134' title='bbox 1039 1565 1112 1638; x_wconf 85' lang='lat' dir='ltr'><strong>post</strong></span> <span class='ocrx_word' id='word_1_135' title='bbox 1143 1551 1240 1616; x_wconf 79' lang='lat' dir='ltr'><strong>ultro</strong></span> <span class='ocrx_word' id='word_1_136' title='bbox 1272 1553 1391 1616; x_wconf 78' lang='lat' dir='ltr'><strong>inferret</strong></span> 
     </span>
    </p>

    <p class='ocr_par' dir='ltr' id='par_1_17' title="bbox 321 1637 1376 1726">
     <span class='ocr_line' id='line_1_17' title="bbox 321 1637 1376 1726; baseline -0.003 -23"><span class='ocrx_word' id='word_1_137' title='bbox 321 1639 446 1726; x_wconf 89' lang='lat' dir='ltr'><strong>pedem,</strong></span> <span class='ocrx_word' id='word_1_138' title='bbox 463 1652 499 1702; x_wconf 89' lang='lat' dir='ltr'><strong>ut</strong></span> <span class='ocrx_word' id='word_1_139' title='bbox 520 1639 682 1702; x_wconf 90' lang='lat' dir='ltr'><strong>neminem</strong></span> <span class='ocrx_word' id='word_1_140' title='bbox 704 1637 829 1715; x_wconf 89' lang='lat' dir='ltr'><strong>cedere,</strong></span> <span class='ocrx_word' id='word_1_141' title='bbox 845 1651 941 1725; x_wconf 89' lang='lat' dir='ltr'><strong>atque</strong></span> <span class='ocrx_word' id='word_1_142' title='bbox 964 1639 1139 1702; x_wconf 82' lang='lat' dir='ltr'><strong>obstinatos</strong></span> <span class='ocrx_word' id='word_1_143' title='bbox 1165 1641 1256 1703; x_wconf 91' lang='lat' dir='ltr'><strong>mori</strong></span> <span class='ocrx_word' id='word_1_144' title='bbox 1279 1641 1315 1702; x_wconf 88' lang='lat' dir='ltr'><strong>in</strong></span> <span class='ocrx_word' id='word_1_145' title='bbox 1332 1661 1376 1700; x_wconf 77' lang='lat' dir='ltr'><strong>re-</strong></span> 
     </span>
    </p>

    <p class='ocr_par' dir='ltr' id='par_1_18' title="bbox 163 1724 1376 1812">
     <span class='ocr_line' id='line_1_18' title="bbox 163 1724 1376 1812; baseline -0.001 -23"><span class='ocrx_word' id='word_1_146' title='bbox 163 1729 292 1804; x_wconf 27' lang='lat' dir='ltr'><strong>solanum</strong></span> <span class='ocrx_word' id='word_1_147' title='bbox 321 1726 414 1812; x_wconf 89' lang='lat' dir='ltr'><strong>stigio</strong></span> <span class='ocrx_word' id='word_1_148' title='bbox 434 1747 595 1812; x_wconf 89' lang='lat' dir='ltr'><strong>quemque</strong></span> <span class='ocrx_word' id='word_1_149' title='bbox 616 1747 674 1788; x_wconf 85' lang='lat' dir='ltr'><strong>suo</strong></span> <span class='ocrx_word' id='word_1_150' title='bbox 693 1724 793 1802; x_wconf 80' lang='lat' dir='ltr'><strong>ridit3</strong></span> <span class='ocrx_word' id='word_1_151' title='bbox 817 1725 974 1812; x_wconf 87' lang='lat' dir='ltr'><strong>patefacta</strong></span> <span class='ocrx_word' id='word_1_152' title='bbox 994 1724 1061 1789; x_wconf 87' lang='lat' dir='ltr'><strong>acie</strong></span> <span class='ocrx_word' id='word_1_153' title='bbox 1083 1724 1198 1810; x_wconf 90' lang='lat' dir='ltr'><strong>(quod</strong></span> <span class='ocrx_word' id='word_1_154' title='bbox 1221 1741 1263 1790; x_wconf 92' lang='lat' dir='ltr'><strong>ut</strong></span> <span class='ocrx_word' id='word_1_155' title='bbox 1285 1726 1376 1790; x_wconf 77' lang='lat' dir='ltr'><strong>facere</strong></span> 
     </span>
    </p>

    <p class='ocr_par' dir='ltr' id='par_1_19' title="bbox 163 1794 1377 1898">
     <span class='ocr_line' id='line_1_19' title="bbox 163 1794 1377 1898; baseline -0.002 -22"><span class='ocrx_word' id='word_1_156' title='bbox 163 1794 313 1843; x_wconf 73' lang='lat' dir='ltr'><strong>enodantur.</strong></span> <span class='ocrx_word' id='word_1_157' title='bbox 344 1825 435 1890; x_wconf 86' lang='lat' dir='ltr'><strong>osset,</strong></span> <span class='ocrx_word' id='word_1_158' title='bbox 463 1811 634 1876; x_wconf 90' lang='lat' dir='ltr'><strong>multitudo</strong></span> <span class='ocrx_word' id='word_1_159' title='bbox 657 1824 849 1876; x_wconf 88' lang='lat' dir='ltr'><strong>armatorum</strong></span> <span class='ocrx_word' id='word_1_160' title='bbox 871 1811 962 1876; x_wconf 84' lang='lat' dir='ltr'><strong>facile</strong></span> <span class='ocrx_word' id='word_1_161' title='bbox 989 1811 1244 1898; x_wconf 78' lang='lat' dir='ltr'><strong>suppeditabat)</strong></span> <span class='ocrx_word' id='word_1_162' title='bbox 1268 1835 1377 1877; x_wconf 79' lang='lat' dir='ltr'><strong>comm</strong></span> 
     </span>
    </p>

    <p class='ocr_par' dir='ltr' id='par_1_20' title="bbox 321 1835 1376 1985">
     <span class='ocr_line' id='line_1_20' title="bbox 321 1835 1376 1985; baseline -0.001 -21"><span class='ocrx_word' id='word_1_163' title='bbox 321 1835 460 1964; x_wconf 74' lang='lat' dir='ltr'><strong>bostium</strong></span> <span class='ocrx_word' id='word_1_164' title='bbox 484 1897 659 1985; x_wconf 85' lang='lat' dir='ltr'><strong>amplexus,</strong></span> <span class='ocrx_word' id='word_1_165' title='bbox 681 1899 715 1961; x_wconf 92' lang='lat' dir='ltr'><strong>in</strong></span> <span class='ocrx_word' id='word_1_166' title='bbox 739 1899 848 1962; x_wconf 90' lang='lat' dir='ltr'><strong>orbem</strong></span> <span class='ocrx_word' id='word_1_167' title='bbox 893 1910 1047 1984; x_wconf 89' lang='lat' dir='ltr'><strong>ugnantes</strong></span> <span class='ocrx_word' id='word_1_168' title='bbox 1071 1897 1113 1962; x_wconf 89' lang='lat' dir='ltr'><strong>ad</strong></span> <span class='ocrx_word' id='word_1_169' title='bbox 1136 1921 1252 1962; x_wconf 90' lang='lat' dir='ltr'><strong>unum</strong></span> <span class='ocrx_word' id='word_1_170' title='bbox 1277 1921 1376 1965; x_wconf 83' lang='lat' dir='ltr'><strong>omnes</strong></span> 
     </span>
    </p>

    <p class='ocr_par' dir='ltr' id='par_1_21' title="bbox 211 1921 1392 2071">
     <span class='ocr_line' id='line_1_21' title="bbox 211 1921 1392 2071; baseline 0.008 -26"><span class='ocrx_word' id='word_1_171' title='bbox 211 1986 262 2046; x_wconf 87' lang='grc'><strong>23.</strong></span> <span class='ocrx_word' id='word_1_172' title='bbox 321 1986 447 2051; x_wconf 88' lang='lat' dir='ltr'><strong>occidit</strong></span> <span class='ocrx_word' id='word_1_173' title='bbox 493 1986 604 2071; x_wconf 86' lang='lat' dir='ltr'><strong>Atque</strong></span> <span class='ocrx_word' id='word_1_174' title='bbox 630 1985 710 2049; x_wconf 88' lang='lat' dir='ltr'><strong>haec</strong></span> <span class='ocrx_word' id='word_1_175' title='bbox 739 1997 846 2049; x_wconf 90' lang='lat' dir='ltr'><strong>tamen</strong></span> <span class='ocrx_word' id='word_1_176' title='bbox 869 1921 1014 2049; x_wconf 67' lang='lat' dir='ltr'><strong>bostium</strong></span> <span class='ocrx_word' id='word_1_177' title='bbox 1044 1985 1219 2063; x_wconf 89' lang='lat' dir='ltr'><strong>iratorum,</strong></span> <span class='ocrx_word' id='word_1_178' title='bbox 1249 2009 1290 2050; x_wconf 87' lang='lat' dir='ltr'><strong>ac</strong></span> <span class='ocrx_word' id='word_1_179' title='bbox 1318 2001 1392 2054; x_wconf 77' lang='lat' dir='ltr'><strong>mmo</strong></span> 
     </span>
    </p>

    <p class='ocr_par' dir='ltr' id='par_1_22' title="bbox 321 2071 1375 2158">
     <span class='ocr_line' id='line_1_22' title="bbox 321 2071 1375 2158; baseline -0.002 -22"><span class='ocrx_word' id='word_1_180' title='bbox 321 2073 459 2137; x_wconf 82' lang='lat' dir='ltr'><strong>maxime</strong></span> <span class='ocrx_word' id='word_1_181' title='bbox 474 2071 704 2148; x_wconf 83' lang='lat' dir='ltr'><strong>dimicantium,</strong></span> <span class='ocrx_word' id='word_1_182' title='bbox 721 2072 789 2136; x_wconf 91' lang='lat' dir='ltr'><strong>iure</strong></span> <span class='ocrx_word' id='word_1_183' title='bbox 804 2071 879 2136; x_wconf 93' lang='lat' dir='ltr'><strong>belli</strong></span> <span class='ocrx_word' id='word_1_184' title='bbox 894 2072 929 2135; x_wconf 91' lang='lat' dir='ltr'><strong>in</strong></span> <span class='ocrx_word' id='word_1_185' title='bbox 942 2083 1077 2136; x_wconf 87' lang='lat' dir='ltr'><strong>armatos</strong></span> <span class='ocrx_word' id='word_1_186' title='bbox 1090 2087 1375 2158; x_wconf 79' lang='lat' dir='ltr'><strong>repugnantesque</strong></span> 
     </span>
    </p>

    <p class='ocr_par' dir='ltr' id='par_1_23' title="bbox 163 2157 1373 2246">
     <span class='ocr_line' id='line_1_23' title="bbox 163 2157 1373 2246; baseline 0.001 -25"><span class='ocrx_word' id='word_1_187' title='bbox 163 2159 505 2246; x_wconf 71' lang='lat' dir='ltr'><strong>Puerietfeedebantur.</strong></span> <span class='ocrx_word' id='word_1_188' title='bbox 552 2157 688 2223; x_wconf 88' lang='lat' dir='ltr'><strong>Foedior</strong></span> <span class='ocrx_word' id='word_1_189' title='bbox 716 2157 778 2222; x_wconf 91' lang='lat' dir='ltr'><strong>alia</strong></span> <span class='ocrx_word' id='word_1_190' title='bbox 806 2158 840 2221; x_wconf 92' lang='lat' dir='ltr'><strong>in</strong></span> <span class='ocrx_word' id='word_1_191' title='bbox 866 2158 944 2222; x_wconf 90' lang='lat' dir='ltr'><strong>urbe</strong></span> <span class='ocrx_word' id='word_1_192' title='bbox 970 2157 1142 2222; x_wconf 86' lang='lat' dir='ltr'><strong>trucidatio</strong></span> <span class='ocrx_word' id='word_1_193' title='bbox 1168 2177 1257 2236; x_wconf 86' lang='lat' dir='ltr'><strong>erat,</strong></span> <span class='ocrx_word' id='word_1_194' title='bbox 1286 2181 1373 2246; x_wconf 88' lang='lat' dir='ltr'><strong>quun</strong></span> 
     </span>
    </p>

    <p class='ocr_par' dir='ltr' id='par_1_24' title="bbox 162 2243 1374 2332">
     <span class='ocr_line' id='line_1_24' title="bbox 162 2243 1374 2332; baseline -0.002 -22"><span class='ocrx_word' id='word_1_195' title='bbox 162 2250 271 2310; x_wconf 65' lang='lat' dir='ltr'><strong>arnano</strong></span> <span class='ocrx_word' id='word_1_196' title='bbox 322 2247 446 2310; x_wconf 84' lang='lat' dir='ltr'><strong>turbam</strong></span> <span class='ocrx_word' id='word_1_197' title='bbox 475 2245 664 2308; x_wconf 88' lang='lat' dir='ltr'><strong>feminarum</strong></span> <span class='ocrx_word' id='word_1_198' title='bbox 694 2267 929 2331; x_wconf 86' lang='lat' dir='ltr'><strong>puerorumque</strong></span> <span class='ocrx_word' id='word_1_199' title='bbox 959 2243 1120 2309; x_wconf 87' lang='lat' dir='ltr'><strong>imbellem</strong></span> <span class='ocrx_word' id='word_1_200' title='bbox 1151 2244 1374 2332; x_wconf 89' lang='lat' dir='ltr'><strong>inermemque</strong></span> 
     </span>
    </p>

    <p class='ocr_par' dir='ltr' id='par_1_25' title="bbox 162 2301 1374 2417">
     <span class='ocr_line' id='line_1_25' title="bbox 162 2301 1374 2417; baseline 0 -20"><span class='ocrx_word' id='word_1_201' title='bbox 162 2301 312 2414; x_wconf 49' lang='lat' dir='ltr'><strong>mque</strong></span> <span class='ocrx_word' id='word_1_202' title='bbox 321 2333 404 2397; x_wconf 90' lang='lat' dir='ltr'><strong>cives</strong></span> <span class='ocrx_word' id='word_1_203' title='bbox 430 2332 479 2396; x_wconf 91' lang='lat' dir='ltr'><strong>sui</strong></span> <span class='ocrx_word' id='word_1_204' title='bbox 504 2331 683 2410; x_wconf 83' lang='lat' dir='ltr'><strong>caederent,</strong></span> <span class='ocrx_word' id='word_1_205' title='bbox 711 2345 745 2394; x_wconf 91' lang='lat' dir='ltr'><strong>et</strong></span> <span class='ocrx_word' id='word_1_206' title='bbox 769 2331 804 2393; x_wconf 91' lang='lat' dir='ltr'><strong>in</strong></span> <span class='ocrx_word' id='word_1_207' title='bbox 829 2353 1016 2396; x_wconf 85' lang='lat' dir='ltr'><strong>succensum</strong></span> <span class='ocrx_word' id='word_1_208' title='bbox 1045 2353 1160 2417; x_wconf 85' lang='lat' dir='ltr'><strong>rogum</strong></span> <span class='ocrx_word' id='word_1_209' title='bbox 1191 2334 1374 2397; x_wconf 71' lang='lat' dir='ltr'><strong>semianima</strong></span> 
     </span>
    </p>

    <p class='ocr_par' dir='ltr' id='par_1_26' title="bbox 320 2417 1375 2506">
     <span class='ocr_line' id='line_1_26' title="bbox 320 2417 1375 2506; baseline 0.001 -25"><span class='ocrx_word' id='word_1_210' title='bbox 320 2419 471 2506; x_wconf 87' lang='lat' dir='ltr'><strong>pleraque</strong></span> <span class='ocrx_word' id='word_1_211' title='bbox 501 2418 670 2482; x_wconf 89' lang='lat' dir='ltr'><strong>iniicerent</strong></span> <span class='ocrx_word' id='word_1_212' title='bbox 698 2439 838 2504; x_wconf 90' lang='lat' dir='ltr'><strong>corpora,</strong></span> <span class='ocrx_word' id='word_1_213' title='bbox 868 2418 989 2504; x_wconf 82' lang='lat' dir='ltr'><strong>rivique</strong></span> <span class='ocrx_word' id='word_1_214' title='bbox 1019 2417 1188 2503; x_wconf 75' lang='lat' dir='ltr'><strong>sanguinis</strong></span> <span class='ocrx_word' id='word_1_215' title='bbox 1220 2420 1375 2483; x_wconf 86' lang='lat' dir='ltr'><strong>flammam</strong></span> 
     </span>
    </p>

    <p class='ocr_par' dir='ltr' id='par_1_27' title="bbox 321 2503 1375 2592">
     <span class='ocr_line' id='line_1_27' title="bbox 321 2503 1375 2592; baseline -0.001 -23"><span class='ocrx_word' id='word_1_216' title='bbox 321 2507 476 2570; x_wconf 89' lang='lat' dir='ltr'><strong>orientem</strong></span> <span class='ocrx_word' id='word_1_217' title='bbox 502 2505 753 2592; x_wconf 84' lang='lat' dir='ltr'><strong>restinguerent:</strong></span> <span class='ocrx_word' id='word_1_218' title='bbox 787 2518 945 2590; x_wconf 86' lang='lat' dir='ltr'><strong>postremo</strong></span> <span class='ocrx_word' id='word_1_219' title='bbox 971 2504 1042 2590; x_wconf 92' lang='lat' dir='ltr'><strong>ipsi,</strong></span> <span class='ocrx_word' id='word_1_220' title='bbox 1066 2503 1167 2568; x_wconf 89' lang='lat' dir='ltr'><strong>caede</strong></span> <span class='ocrx_word' id='word_1_221' title='bbox 1199 2505 1375 2571; x_wconf 78' lang='lat' dir='ltr'><strong>miseranda</strong></span> 
     </span>
    </p>

    <p class='ocr_par' dir='ltr' id='par_1_28' title="bbox 321 2590 1372 2677">
     <span class='ocr_line' id='line_1_28' title="bbox 321 2590 1372 2677; baseline -0.002 -21"><span class='ocrx_word' id='word_1_222' title='bbox 321 2614 449 2656; x_wconf 89' lang='lat' dir='ltr'><strong>suorum</strong></span> <span class='ocrx_word' id='word_1_223' title='bbox 468 2591 599 2677; x_wconf 85' lang='lat' dir='ltr'><strong>fatigati,</strong></span> <span class='ocrx_word' id='word_1_224' title='bbox 617 2613 690 2654; x_wconf 91' lang='lat' dir='ltr'><strong>cum</strong></span> <span class='ocrx_word' id='word_1_225' title='bbox 711 2591 804 2654; x_wconf 88' lang='lat' dir='ltr'><strong>armis</strong></span> <span class='ocrx_word' id='word_1_226' title='bbox 824 2591 931 2655; x_wconf 90' lang='lat' dir='ltr'><strong>medio</strong></span> <span class='ocrx_word' id='word_1_227' title='bbox 952 2613 986 2654; x_wconf 90' lang='lat' dir='ltr'><strong>se</strong></span> <span class='ocrx_word' id='word_1_228' title='bbox 1009 2590 1160 2654; x_wconf 88' lang='lat' dir='ltr'><strong>incendio</strong></span> <span class='ocrx_word' id='word_1_229' title='bbox 1186 2592 1372 2658; x_wconf 82' lang='lat' dir='ltr'><strong>irriecernnt</strong></span> 
     </span>
    </p>

    <p class='ocr_par' dir='ltr' id='par_1_29' title="bbox 321 2677 1374 2764">
     <span class='ocr_line' id='line_1_29' title="bbox 321 2677 1374 2764; baseline 0 -24"><span class='ocrx_word' id='word_1_230' title='bbox 321 2677 390 2741; x_wconf 87' lang='lat' dir='ltr'><strong>Iam</strong></span> <span class='ocrx_word' id='word_1_231' title='bbox 405 2677 496 2740; x_wconf 86' lang='lat' dir='ltr'><strong>caedi</strong></span> <span class='ocrx_word' id='word_1_232' title='bbox 511 2689 707 2764; x_wconf 90' lang='lat' dir='ltr'><strong>perpetratae</strong></span> <span class='ocrx_word' id='word_1_233' title='bbox 718 2677 853 2741; x_wconf 89' lang='lat' dir='ltr'><strong>victores</strong></span> <span class='ocrx_word' id='word_1_234' title='bbox 866 2677 1004 2741; x_wconf 86' lang='lat' dir='ltr'><strong>Romani</strong></span> <span class='ocrx_word' id='word_1_235' title='bbox 1019 2695 1295 2764; x_wconf 80' lang='lat' dir='ltr'><strong>supervenerunt.</strong></span> <span class='ocrx_word' id='word_1_236' title='bbox 1333 2680 1374 2742; x_wconf 76' lang='lat' dir='ltr'><strong>Ac</strong></span> 
     </span>
    </p>

    <p class='ocr_par' dir='ltr' id='par_1_30' title="bbox 321 2763 1377 2852">
     <span class='ocr_line' id='line_1_30' title="bbox 321 2763 1377 2852; baseline 0.003 -25"><span class='ocrx_word' id='word_1_237' title='bbox 321 2764 424 2850; x_wconf 91' lang='lat' dir='ltr'><strong>primo</strong></span> <span class='ocrx_word' id='word_1_238' title='bbox 444 2779 616 2850; x_wconf 77' lang='lat' dir='ltr'><strong>conspectu</strong></span> <span class='ocrx_word' id='word_1_239' title='bbox 637 2777 701 2828; x_wconf 82' lang='lat' dir='ltr'><strong>tam</strong></span> <span class='ocrx_word' id='word_1_240' title='bbox 721 2763 833 2828; x_wconf 85' lang='lat' dir='ltr'><strong>foedae</strong></span> <span class='ocrx_word' id='word_1_241' title='bbox 856 2765 902 2828; x_wconf 88' lang='lat' dir='ltr'><strong>rei</strong></span> <span class='ocrx_word' id='word_1_242' title='bbox 925 2763 1104 2827; x_wconf 87' lang='lat' dir='ltr'><strong>mirabundi</strong></span> <span class='ocrx_word' id='word_1_243' title='bbox 1124 2785 1312 2852; x_wconf 82' lang='lat' dir='ltr'><strong>parumper</strong></span> <span class='ocrx_word' id='word_1_244' title='bbox 1329 2766 1377 2830; x_wconf 88' lang='lat' dir='ltr'><strong>ob-</strong></span> 
     </span>
    </p>

    <p class='ocr_par' dir='ltr' id='par_1_31' title="bbox 321 2849 1376 2937">
     <span class='ocr_line' id='line_1_31' title="bbox 321 2849 1376 2937; baseline -0.002 -21"><span class='ocrx_word' id='word_1_245' title='bbox 321 2863 520 2937; x_wconf 86' lang='lat' dir='ltr'><strong>stupuerunt.</strong></span> <span class='ocrx_word' id='word_1_246' title='bbox 581 2849 668 2914; x_wconf 90' lang='lat' dir='ltr'><strong>Dein</strong></span> <span class='ocrx_word' id='word_1_247' title='bbox 698 2873 798 2936; x_wconf 90' lang='lat' dir='ltr'><strong>quum</strong></span> <span class='ocrx_word' id='word_1_248' title='bbox 827 2873 939 2914; x_wconf 87' lang='lat' dir='ltr'><strong>aurum</strong></span> <span class='ocrx_word' id='word_1_249' title='bbox 969 2863 1219 2937; x_wconf 85' lang='lat' dir='ltr'><strong>argentumque,</strong></span> <span class='ocrx_word' id='word_1_250' title='bbox 1251 2851 1376 2916; x_wconf 85' lang='lat' dir='ltr'><strong>cumulo</strong></span> 
     </span>
    </p>

    <p class='ocr_par' dir='ltr' id='par_1_32' title="bbox 321 2936 1375 3024">
     <span class='ocr_line' id='line_1_32' title="bbox 321 2936 1375 3024; baseline -0.002 -22"><span class='ocrx_word' id='word_1_251' title='bbox 321 2960 426 3002; x_wconf 89' lang='lat' dir='ltr'><strong>rerum</strong></span> <span class='ocrx_word' id='word_1_252' title='bbox 463 2936 595 3002; x_wconf 86' lang='lat' dir='ltr'><strong>aliarum</strong></span> <span class='ocrx_word' id='word_1_253' title='bbox 632 2936 848 3024; x_wconf 87' lang='lat' dir='ltr'><strong>interfulgens,</strong></span> <span class='ocrx_word' id='word_1_254' title='bbox 883 2937 1033 3000; x_wconf 89' lang='lat' dir='ltr'><strong>aviditate</strong></span> <span class='ocrx_word' id='word_1_255' title='bbox 1069 2937 1196 3022; x_wconf 87' lang='lat' dir='ltr'><strong>ingenii</strong></span> <span class='ocrx_word' id='word_1_256' title='bbox 1236 2938 1375 3012; x_wconf 85' lang='lat' dir='ltr'><strong>hmnaui,</strong></span> 
     </span>
    </p>

    <p class='ocr_par' dir='ltr' id='par_1_33' title="bbox 321 3023 1377 3110">
     <span class='ocr_line' id='line_1_33' title="bbox 321 3023 1377 3110; baseline 0.002 -22"><span class='ocrx_word' id='word_1_257' title='bbox 321 3046 430 3110; x_wconf 88' lang='lat' dir='ltr'><strong>rapere</strong></span> <span class='ocrx_word' id='word_1_258' title='bbox 452 3045 493 3088; x_wconf 82' lang='lat' dir='ltr'><strong>ex</strong></span> <span class='ocrx_word' id='word_1_259' title='bbox 515 3024 589 3109; x_wconf 84' lang='lat' dir='ltr'><strong>igne</strong></span> <span class='ocrx_word' id='word_1_260' title='bbox 607 3023 735 3100; x_wconf 90' lang='lat' dir='ltr'><strong>vellent,</strong></span> <span class='ocrx_word' id='word_1_261' title='bbox 752 3023 888 3110; x_wconf 85' lang='lat' dir='ltr'><strong>correpti</strong></span> <span class='ocrx_word' id='word_1_262' title='bbox 908 3023 962 3088; x_wconf 92' lang='lat' dir='ltr'><strong>alii</strong></span> <span class='ocrx_word' id='word_1_263' title='bbox 982 3023 1108 3087; x_wconf 89' lang='lat' dir='ltr'><strong>flamma</strong></span> <span class='ocrx_word' id='word_1_264' title='bbox 1129 3037 1221 3102; x_wconf 89' lang='lat' dir='ltr'><strong>sunt,</strong></span> <span class='ocrx_word' id='word_1_265' title='bbox 1238 3025 1298 3089; x_wconf 91' lang='lat' dir='ltr'><strong>alii</strong></span> <span class='ocrx_word' id='word_1_266' title='bbox 1318 3049 1377 3090; x_wconf 78' lang='lat' dir='ltr'><strong>anr-</strong></span> 
     </span>
    </p>

    <p class='ocr_par' dir='ltr' id='par_1_34' title="bbox 321 3109 1377 3198">
     <span class='ocr_line' id='line_1_34' title="bbox 321 3109 1377 3198; baseline 0.002 -24"><span class='ocrx_word' id='word_1_267' title='bbox 321 3111 406 3175; x_wconf 88' lang='lat' dir='ltr'><strong>busti</strong></span> <span class='ocrx_word' id='word_1_268' title='bbox 429 3110 537 3174; x_wconf 87' lang='lat' dir='ltr'><strong>afflatu</strong></span> <span class='ocrx_word' id='word_1_269' title='bbox 560 3110 704 3196; x_wconf 85' lang='lat' dir='ltr'><strong>vaporis:</strong></span> <span class='ocrx_word' id='word_1_270' title='bbox 732 3131 832 3196; x_wconf 92' lang='lat' dir='ltr'><strong>quum</strong></span> <span class='ocrx_word' id='word_1_271' title='bbox 855 3123 1000 3197; x_wconf 89' lang='lat' dir='ltr'><strong>receptus</strong></span> <span class='ocrx_word' id='word_1_272' title='bbox 1022 3109 1142 3196; x_wconf 89' lang='lat' dir='ltr'><strong>primis,</strong></span> <span class='ocrx_word' id='word_1_273' title='bbox 1166 3125 1314 3198; x_wconf 85' lang='lat' dir='ltr'><strong>urgente</strong></span> <span class='ocrx_word' id='word_1_274' title='bbox 1334 3114 1377 3175; x_wconf 88' lang='lat' dir='ltr'><strong>in·</strong></span> 
     </span>
    </p>

    <p class='ocr_par' dir='ltr' id='par_1_35' title="bbox 321 3195 1375 3283">
     <span class='ocr_line' id='line_1_35' title="bbox 321 3195 1375 3283; baseline 0 -23"><span class='ocrx_word' id='word_1_275' title='bbox 321 3197 411 3281; x_wconf 82' lang='lat' dir='ltr'><strong>genti</strong></span> <span class='ocrx_word' id='word_1_276' title='bbox 431 3197 532 3274; x_wconf 88' lang='lat' dir='ltr'><strong>turba,</strong></span> <span class='ocrx_word' id='word_1_277' title='bbox 554 3219 619 3260; x_wconf 90' lang='lat' dir='ltr'><strong>non</strong></span> <span class='ocrx_word' id='word_1_278' title='bbox 640 3208 728 3260; x_wconf 85' lang='lat' dir='ltr'><strong>esset</strong></span> <span class='ocrx_word' id='word_1_279' title='bbox 776 3196 826 3260; x_wconf 89' lang='lat' dir='ltr'><strong>Ita</strong></span> <span class='ocrx_word' id='word_1_280' title='bbox 841 3196 972 3283; x_wconf 84' lang='lat' dir='ltr'><strong>Astapa,</strong></span> <span class='ocrx_word' id='word_1_281' title='bbox 991 3196 1059 3260; x_wconf 87' lang='lat' dir='ltr'><strong>sine</strong></span> <span class='ocrx_word' id='word_1_282' title='bbox 1081 3195 1206 3282; x_wconf 88' lang='lat' dir='ltr'><strong>praeda</strong></span> <span class='ocrx_word' id='word_1_283' title='bbox 1228 3199 1375 3273; x_wconf 85' lang='lat' dir='ltr'><strong>militum,</strong></span> 
     </span>
    </p>

    <p class='ocr_par' dir='ltr' id='par_1_36' title="bbox 321 3281 1375 3383">
     <span class='ocr_line' id='line_1_36' title="bbox 321 3281 1375 3383; baseline 0.002 -37"><span class='ocrx_word' id='word_1_284' title='bbox 321 3282 404 3346; x_wconf 88' lang='lat' dir='ltr'><strong>ferro</strong></span> <span class='ocrx_word' id='word_1_285' title='bbox 419 3283 485 3383; x_wconf 84' lang='lat' dir='ltr'><strong>igni</strong></span> <span class='ocrx_word' id='word_1_286' title='bbox 510 3306 550 3346; x_wconf 90' lang='lat' dir='ltr'><strong>ne</strong></span> <span class='ocrx_word' id='word_1_287' title='bbox 566 3283 732 3370; x_wconf 88' lang='lat' dir='ltr'><strong>absumpta</strong></span> <span class='ocrx_word' id='word_1_288' title='bbox 746 3295 801 3347; x_wconf 85' lang='lat' dir='ltr'><strong>est.</strong></span> <span class='ocrx_word' id='word_1_289' title='bbox 849 3281 1000 3359; x_wconf 77' lang='lat' dir='ltr'><strong>Marciae,</strong></span> <span class='ocrx_word' id='word_1_290' title='bbox 1016 3282 1129 3346; x_wconf 87' lang='lat' dir='ltr'><strong>ceteris</strong></span> <span class='ocrx_word' id='word_1_291' title='bbox 1144 3281 1220 3346; x_wconf 88' lang='lat' dir='ltr'><strong>eius</strong></span> <span class='ocrx_word' id='word_1_292' title='bbox 1240 3285 1375 3371; x_wconf 77' lang='lat' dir='ltr'><strong>regiou&#39;u</strong></span> 
     </span>
    </p>

    <p class='ocr_par' dir='ltr' id='par_1_37' title="bbox 322 3307 1374 3543">
     <span class='ocr_line' id='line_1_37' title="bbox 322 3307 1374 3456; baseline 0.002 -22"><span class='ocrx_word' id='word_1_293' title='bbox 322 3382 411 3434; x_wconf 89' lang='lat' dir='ltr'><strong>metu</strong></span> <span class='ocrx_word' id='word_1_294' title='bbox 432 3391 466 3433; x_wconf 89' lang='lat' dir='ltr'><strong>rn</strong></span> <span class='ocrx_word' id='word_1_295' title='bbox 486 3307 682 3433; x_wconf 80' lang='lat' dir='ltr'><strong>deditionem</strong></span> <span class='ocrx_word' id='word_1_296' title='bbox 705 3369 852 3456; x_wconf 86' lang='lat' dir='ltr'><strong>acceptis,</strong></span> <span class='ocrx_word' id='word_1_297' title='bbox 868 3369 1019 3434; x_wconf 83' lang='lat' dir='ltr'><strong>rictorem</strong></span> <span class='ocrx_word' id='word_1_298' title='bbox 1038 3369 1222 3434; x_wconf 83' lang='lat' dir='ltr'><strong>exercitum</strong></span> <span class='ocrx_word' id='word_1_299' title='bbox 1243 3369 1374 3436; x_wconf 80' lang='lat' dir='ltr'><strong>Cartba-</strong></span> 
     </span>
     <span class='ocr_line' id='line_1_38' title="bbox 322 3455 838 3543; baseline -0.002 -23"><span class='ocrx_word' id='word_1_300' title='bbox 322 3456 430 3543; x_wconf 89' lang='lat' dir='ltr'><strong>ginem</strong></span> <span class='ocrx_word' id='word_1_301' title='bbox 446 3455 487 3520; x_wconf 91' lang='lat' dir='ltr'><strong>ad</strong></span> <span class='ocrx_word' id='word_1_302' title='bbox 505 3455 686 3542; x_wconf 88' lang='lat' dir='ltr'><strong>Scipionem</strong></span> <span class='ocrx_word' id='word_1_303' title='bbox 701 3455 838 3520; x_wconf 80' lang='lat' dir='ltr'><strong>reduxit.</strong></span> 
     </span>
    </p>
   </div>
   <div class='ocr_carea' id='block_1_3' title="bbox 366 3541 1376 3630">
    <p class='ocr_par' dir='ltr' id='par_1_38' title="bbox 366 3541 1376 3630">
     <span class='ocr_line' id='line_1_39' title="bbox 366 3541 1376 3630; baseline -0.002 -22"><span class='ocrx_word' id='word_1_304' title='bbox 366 3543 430 3608; x_wconf 89' lang='lat' dir='ltr'><strong>Per</strong></span> <span class='ocrx_word' id='word_1_305' title='bbox 453 3565 507 3608; x_wconf 91' lang='lat' dir='ltr'><strong>eos</strong></span> <span class='ocrx_word' id='word_1_306' title='bbox 530 3564 614 3629; x_wconf 83' lang='lat' dir='ltr'><strong>rpsoe</strong></span> <span class='ocrx_word' id='word_1_307' title='bbox 634 3542 702 3607; x_wconf 87' lang='lat' dir='ltr'><strong>dies</strong></span> <span class='ocrx_word' id='word_1_308' title='bbox 721 3543 870 3630; x_wconf 85' lang='lat' dir='ltr'><strong>perfugae</strong></span> <span class='ocrx_word' id='word_1_309' title='bbox 891 3565 911 3606; x_wconf 89' lang='lat' dir='ltr'><strong>a</strong></span> <span class='ocrx_word' id='word_1_310' title='bbox 932 3541 1078 3606; x_wconf 84' lang='lat' dir='ltr'><strong>Gadibus</strong></span> <span class='ocrx_word' id='word_1_311' title='bbox 1096 3556 1273 3620; x_wconf 83' lang='lat' dir='ltr'><strong>venerunt,</strong></span> <span class='ocrx_word' id='word_1_312' title='bbox 1289 3543 1376 3630; x_wconf 90' lang='lat' dir='ltr'><strong>polli-</strong></span> 
     </span>
    </p>
   </div>
   <div class='ocr_carea' id='block_1_4' title="bbox 322 3627 1376 3780">
    <p class='ocr_par' dir='ltr' id='par_1_39' title="bbox 322 3627 1376 3780">
     <span class='ocr_line' id='line_1_40' title="bbox 322 3627 1376 3780; baseline 0.001 -86"><span class='ocrx_word' id='word_1_313' title='bbox 322 3643 440 3708; x_wconf 87' lang='lat' dir='ltr'><strong>centes,</strong></span> <span class='ocrx_word' id='word_1_314' title='bbox 461 3630 572 3694; x_wconf 89' lang='lat' dir='ltr'><strong>urbem</strong></span> <span class='ocrx_word' id='word_1_315' title='bbox 595 3628 817 3716; x_wconf 88' lang='lat' dir='ltr'><strong>Punicumque</strong></span> <span class='ocrx_word' id='word_1_316' title='bbox 828 3627 1043 3780; x_wconf 54' lang='lat' dir='ltr'><strong>(praesidium,</strong></span> <span class='ocrx_word' id='word_1_317' title='bbox 1067 3627 1155 3714; x_wconf 91' lang='lat' dir='ltr'><strong>quod</strong></span> <span class='ocrx_word' id='word_1_318' title='bbox 1177 3629 1216 3692; x_wconf 89' lang='lat' dir='ltr'><strong>in</strong></span> <span class='ocrx_word' id='word_1_319' title='bbox 1239 3653 1281 3694; x_wconf 89' lang='lat' dir='ltr'><strong>ea</strong></span> <span class='ocrx_word' id='word_1_320' title='bbox 1304 3632 1376 3695; x_wconf 84' lang='lat' dir='ltr'><strong>urbe</strong></span> 
     </span>
    </p>
   </div>
   <div class='ocr_carea' id='block_1_5' title="bbox 321 3715 1378 4066">
    <p class='ocr_par' dir='ltr' id='par_1_40' title="bbox 321 3715 1378 4066">
     <span class='ocr_line' id='line_1_41' title="bbox 323 3715 1376 3816; baseline -0.002 -34"><span class='ocrx_word' id='word_1_321' title='bbox 323 3730 414 3794; x_wconf 82' lang='lat' dir='ltr'><strong>esset,</strong></span> <span class='ocrx_word' id='word_1_322' title='bbox 431 3730 464 3781; x_wconf 91' lang='lat' dir='ltr'><strong>et</strong></span> <span class='ocrx_word' id='word_1_323' title='bbox 483 3717 705 3804; x_wconf 89' lang='lat' dir='ltr'><strong>imperatorem</strong></span> <span class='ocrx_word' id='word_1_324' title='bbox 724 3717 827 3803; x_wconf 87' lang='lat' dir='ltr'><strong>praesi</strong></span> <span class='ocrx_word' id='word_1_325' title='bbox 851 3715 873 3778; x_wconf 91' lang='lat' dir='ltr'><strong>ii</strong></span> <span class='ocrx_word' id='word_1_326' title='bbox 894 3737 967 3779; x_wconf 89' lang='lat' dir='ltr'><strong>curn</strong></span> <span class='ocrx_word' id='word_1_327' title='bbox 985 3715 1082 3780; x_wconf 86' lang='lat' dir='ltr'><strong>classe</strong></span> <span class='ocrx_word' id='word_1_328' title='bbox 1097 3715 1290 3816; x_wconf 88' lang='lat' dir='ltr'><strong>prodituros</strong></span> <span class='ocrx_word' id='word_1_329' title='bbox 1304 3741 1376 3782; x_wconf 62' lang='lat' dir='ltr'><strong>aare</strong></span> 
     </span>
     <span class='ocr_line' id='line_1_42' title="bbox 324 3801 1378 3902; baseline 0.002 -35"><span class='ocrx_word' id='word_1_330' title='bbox 324 3801 423 3902; x_wconf 85' lang='lat' dir='ltr'><strong>Mago</strong></span> <span class='ocrx_word' id='word_1_331' title='bbox 443 3803 487 3868; x_wconf 92' lang='lat' dir='ltr'><strong>ibi</strong></span> <span class='ocrx_word' id='word_1_332' title='bbox 510 3825 551 3868; x_wconf 84' lang='lat' dir='ltr'><strong>ex</strong></span> <span class='ocrx_word' id='word_1_333' title='bbox 572 3802 648 3889; x_wconf 84' lang='lat' dir='ltr'><strong>fuga</strong></span> <span class='ocrx_word' id='word_1_334' title='bbox 670 3803 861 3880; x_wconf 86' lang='lat' dir='ltr'><strong>substiterat,</strong></span> <span class='ocrx_word' id='word_1_335' title='bbox 883 3803 1079 3890; x_wconf 85' lang='lat' dir='ltr'><strong>navibusque</strong></span> <span class='ocrx_word' id='word_1_336' title='bbox 1100 3825 1134 3866; x_wconf 91' lang='lat' dir='ltr'><strong>m</strong></span> <span class='ocrx_word' id='word_1_337' title='bbox 1155 3801 1297 3869; x_wconf 83' lang='lat' dir='ltr'><strong>Oceano</strong></span> <span class='ocrx_word' id='word_1_338' title='bbox 1318 3804 1378 3869; x_wconf 83' lang='lat' dir='ltr'><strong>col·</strong></span> 
     </span>
     <span class='ocr_line' id='line_1_43' title="bbox 321 3888 1378 3976; baseline 0.005 -24"><span class='ocrx_word' id='word_1_339' title='bbox 321 3889 421 3966; x_wconf 85' lang='lat' dir='ltr'><strong>lectra,</strong></span> <span class='ocrx_word' id='word_1_340' title='bbox 444 3889 643 3976; x_wconf 86' lang='lat' dir='ltr'><strong>aliquantum</strong></span> <span class='ocrx_word' id='word_1_341' title='bbox 669 3889 861 3954; x_wconf 84' lang='lat' dir='ltr'><strong>auxiliorum</strong></span> <span class='ocrx_word' id='word_1_342' title='bbox 887 3904 920 3954; x_wconf 92' lang='lat' dir='ltr'><strong>et</strong></span> <span class='ocrx_word' id='word_1_343' title='bbox 943 3903 1028 3953; x_wconf 88' lang='lat' dir='ltr'><strong>trans</strong></span> <span class='ocrx_word' id='word_1_344' title='bbox 1052 3888 1169 3953; x_wconf 81' lang='lat' dir='ltr'><strong>fretum</strong></span> <span class='ocrx_word' id='word_1_345' title='bbox 1197 3913 1244 3954; x_wconf 86' lang='lat' dir='ltr'><strong>ex</strong></span> <span class='ocrx_word' id='word_1_346' title='bbox 1268 3891 1378 3956; x_wconf 76' lang='lat' dir='ltr'><strong>Afiita</strong></span> 
     </span>
     <span class='ocr_line' id='line_1_44' title="bbox 322 3973 1378 4066; baseline 0.001 -26"><span class='ocrx_word' id='word_1_347' title='bbox 322 3997 386 4053; x_wconf 90' lang='lat' dir='ltr'><strong>ora,</strong></span> <span class='ocrx_word' id='word_1_348' title='bbox 402 3988 436 4040; x_wconf 94' lang='lat' dir='ltr'><strong>et</strong></span> <span class='ocrx_word' id='word_1_349' title='bbox 457 3998 497 4039; x_wconf 86' lang='lat' dir='ltr'><strong>ex</strong></span> <span class='ocrx_word' id='word_1_350' title='bbox 519 3975 672 4062; x_wconf 85' lang='lat' dir='ltr'><strong>proximis</strong></span> <span class='ocrx_word' id='word_1_351' title='bbox 692 3975 866 4063; x_wconf 86' lang='lat' dir='ltr'><strong>Hispaniae</strong></span> <span class='ocrx_word' id='word_1_352' title='bbox 886 3975 965 4041; x_wconf 88' lang='lat' dir='ltr'><strong>locis</strong></span> <span class='ocrx_word' id='word_1_353' title='bbox 984 3997 1042 4063; x_wconf 92' lang='lat' dir='ltr'><strong>per</strong></span> <span class='ocrx_word' id='word_1_354' title='bbox 1063 3973 1265 4041; x_wconf 86' lang='lat' dir='ltr'><strong>Hannonem</strong></span> <span class='ocrx_word' id='word_1_355' title='bbox 1291 4001 1378 4066; x_wconf 78' lang='lat' dir='ltr'><strong>prae·</strong></span> 
     </span>
    </p>
   </div>
   <div class='ocr_carea' id='block_1_6' title="bbox 321 4161 1379 4419">
    <p class='ocr_par' dir='ltr' id='par_1_41' title="bbox 321 4161 1379 4352">
     <span class='ocr_line' id='line_1_45' title="bbox 355 4161 1378 4226; baseline 0.001 -14"><span class='ocrx_word' id='word_1_356' title='bbox 355 4165 371 4212; x_wconf 89' lang='lat'>8</span> <span class='ocrx_word' id='word_1_357' title='bbox 390 4165 459 4213; x_wconf 81' lang='lat' dir='ltr'><strong>Ultro</strong></span> <span class='ocrx_word' id='word_1_358' title='bbox 470 4163 564 4222; x_wconf 67' lang='lat' dir='ltr'><strong>inferre</strong></span> <span class='ocrx_word' id='word_1_359' title='bbox 571 4165 669 4225; x_wconf 79' lang='lat' dir='ltr'><strong>pedara]</strong></span> <span class='ocrx_word' id='word_1_360' title='bbox 686 4180 719 4213; x_wconf 84' lang='lat' dir='ltr'><strong>so.</strong></span> <span class='ocrx_word' id='word_1_361' title='bbox 730 4165 831 4226; x_wconf 89' lang='lat' dir='ltr'><strong>Impetu</strong></span> <span class='ocrx_word' id='word_1_362' title='bbox 864 4163 969 4212; x_wconf 86' lang='lat' dir='ltr'><strong>hostium</strong></span> <span class='ocrx_word' id='word_1_363' title='bbox 986 4168 1056 4210; x_wconf 86' lang='lat' dir='ltr'><strong>erant</strong></span> <span class='ocrx_word' id='word_1_364' title='bbox 1071 4161 1187 4211; x_wconf 86' lang='lat' dir='ltr'><strong>iratorum</strong></span> <span class='ocrx_word' id='word_1_365' title='bbox 1205 4177 1240 4212; x_wconf 76' lang='lat' dir='ltr'><strong>so</strong></span> <span class='ocrx_word' id='word_1_366' title='bbox 1257 4171 1316 4213; x_wconf 85' lang='lat' dir='ltr'><strong>tum</strong></span> <span class='ocrx_word' id='word_1_367' title='bbox 1333 4181 1378 4213; x_wconf 67' lang='lat' dir='ltr'><strong>ma</strong></span> 
     </span>
     <span class='ocr_line' id='line_1_46' title="bbox 323 4225 1379 4291; baseline 0.003 -17"><span class='ocrx_word' id='word_1_368' title='bbox 323 4227 415 4275; x_wconf 78' lang='lat' dir='ltr'><strong>infestis</strong></span> <span class='ocrx_word' id='word_1_369' title='bbox 432 4225 505 4288; x_wconf 79' lang='lat' dir='ltr'><strong>signis</strong></span> <span class='ocrx_word' id='word_1_370' title='bbox 519 4225 579 4274; x_wconf 83' lang='lat' dir='ltr'><strong>dato</strong></span> <span class='ocrx_word' id='word_1_371' title='bbox 595 4242 637 4275; x_wconf 84' lang='lat' dir='ltr'><strong>eos</strong></span> <span class='ocrx_word' id='word_1_372' title='bbox 652 4229 744 4289; x_wconf 85' lang='lat' dir='ltr'><strong>pallere</strong></span> <span class='ocrx_word' id='word_1_373' title='bbox 760 4244 831 4277; x_wconf 85' lang='lat' dir='ltr'><strong>oona·</strong></span> <span class='ocrx_word' id='word_1_374' title='bbox 863 4228 931 4276; x_wconf 84' lang='lat' dir='ltr'><strong>xime</strong></span> <span class='ocrx_word' id='word_1_375' title='bbox 945 4226 1115 4275; x_wconf 80' lang='lat' dir='ltr'><strong>dimicantium</strong></span> <span class='ocrx_word' id='word_1_376' title='bbox 1127 4227 1204 4284; x_wconf 81' lang='lat' dir='ltr'><strong>facta,</strong></span> <span class='ocrx_word' id='word_1_377' title='bbox 1215 4229 1318 4277; x_wconf 78' lang='lat' dir='ltr'><strong>atrocia</strong></span> <span class='ocrx_word' id='word_1_378' title='bbox 1332 4229 1379 4291; x_wconf 73' lang='lat' dir='ltr'><strong>qai</strong></span> 
     </span>
     <span class='ocr_line' id='line_1_47' title="bbox 321 4291 1378 4352; baseline 0.004 -16"><span class='ocrx_word' id='word_1_379' title='bbox 321 4291 419 4337; x_wconf 87' lang='lat' dir='ltr'><strong>bantur.</strong></span> <span class='ocrx_word' id='word_1_380' title='bbox 835 4333 838 4340; x_wconf 32' lang='lat'><strong>⁴</strong></span> <span class='ocrx_word' id='word_1_381' title='bbox 861 4292 927 4352; x_wconf 86' lang='lat' dir='ltr'><strong>dem,</strong></span> <span class='ocrx_word' id='word_1_382' title='bbox 945 4291 989 4340; x_wconf 83' lang='lat' dir='ltr'><strong>sad</strong></span> <span class='ocrx_word' id='word_1_383' title='bbox 1007 4297 1091 4339; x_wconf 77' lang='lat' dir='ltr'><strong>tamen</strong></span> <span class='ocrx_word' id='word_1_384' title='bbox 1109 4291 1162 4338; x_wconf 87' lang='lat' dir='ltr'><strong>iure</strong></span> <span class='ocrx_word' id='word_1_385' title='bbox 1180 4291 1246 4340; x_wconf 80' lang='lat' dir='ltr'><strong>belli</strong></span> <span class='ocrx_word' id='word_1_386' title='bbox 1266 4295 1339 4342; x_wconf 72' lang='lat' dir='ltr'><strong>edita</strong></span> <span class='ocrx_word' id='word_1_387' title='bbox 1357 4293 1378 4340; x_wconf 78' lang='lat' dir='ltr'><strong>ir</strong></span> 
     </span>
    </p>

    <p class='ocr_par' dir='ltr' id='par_1_42' title="bbox 355 4353 1309 4419">
     <span class='ocr_line' id='line_1_48' title="bbox 355 4353 1309 4419; baseline 0.007 -20"><span class='ocrx_word' id='word_1_388' title='bbox 355 4366 371 4413; x_wconf 87' lang='lat'>9</span> <span class='ocrx_word' id='word_1_389' title='bbox 388 4355 469 4413; x_wconf 75' lang='lat' dir='ltr'><strong>Atque</strong></span> <span class='ocrx_word' id='word_1_390' title='bbox 483 4353 542 4403; x_wconf 69' lang='lat' dir='ltr'><strong>aaa</strong></span> <span class='ocrx_word' id='word_1_391' title='bbox 556 4354 649 4414; x_wconf 80' lang='lat' dir='ltr'><strong>tamon]</strong></span> <span class='ocrx_word' id='word_1_392' title='bbox 668 4355 750 4416; x_wconf 81' lang='lat' dir='ltr'><strong>Atque</strong></span> <span class='ocrx_word' id='word_1_393' title='bbox 767 4355 828 4404; x_wconf 81' lang='lat' dir='ltr'><strong>haec</strong></span> <span class='ocrx_word' id='word_1_394' title='bbox 861 4359 968 4405; x_wconf 82' lang='lat' dir='ltr'><strong>armatos</strong></span> <span class='ocrx_word' id='word_1_395' title='bbox 978 4359 1198 4419; x_wconf 74' lang='lat' dir='ltr'><strong>repugnantesque.</strong></span> <span class='ocrx_word' id='word_1_396' title='bbox 1217 4355 1309 4407; x_wconf 76' lang='lat' dir='ltr'><strong>Gur.</strong></span> 
     </span>
    </p>
   </div>
   <div class='ocr_carea' id='block_1_7' title="bbox 0 0 1451 4772">
    <p class='ocr_par' dir='ltr' id='par_1_43' title="bbox 0 0 1451 4772">
     <span class='ocr_line' id='line_1_49' title="bbox 0 0 1451 4772; baseline 0 0"><span class='ocrx_word' id='word_1_397' title='bbox 0 0 1451 4772; x_wconf 95' lang='lat' dir='ltr'><strong> </strong></span> 
     </span>
    </p>
   </div>
  </div>
 </body>
</html>
