2888 4768
487 631 548 727 T.
593 627 802 728 LIVII
850 629 1244 730 PATAVINI

639 920 900 1002 LIBER
949 919 1091 1004 XXV.

772 1203 959 1241 -42—

193 1462 227 1574 p.
240 1459 268 1575 g.
285 1473 339 1586 {gp
351 1441 512 1608 DUM
527 1441 605 1506 baec
620 1441 654 1504 in
670 1439 780 1506 Africa
794 1453 889 1526 atque
905 1439 939 1507 in
955 1437 1110 1529 Hispania
1123 1451 1293 1525 geruntur,
1312 1437 1394 1502 Han-

271 1589 276 1600 .
452 1528 538 1594 nibal
552 1529 586 1592 in
601 1550 675 1614 agro
691 1526 865 1592 Tarentino
880 1539 1030 1592 aestatem
1049 1548 1179 1590 consum
1220 1526 1257 1604 it,
1274 1549 1332 1614 spe
1345 1547 1393 1624 per

192 1589 326 1702 fflffl,
348 1615 560 1706 proditionem
583 1614 668 1678 urbis
688 1613 935 1680 Tarentinorum
954 1612 1135 1702 potiundae.
1181 1548 1336 1700 ldsomm
1353 1633 1407 1674 ιιι-ι
1435 1621 1436 1696 l

194 1725 254 1766 tum.
350 1703 442 1768 terim
458 1717 490 1766 et
507 1700 753 1766 Sallentinorum
773 1698 927 1800 ignobiles
941 1699 1034 1764 urbes
1054 1699 1095 1763 ad
1111 1721 1186 1764 eum
1201 1699 1391 1764 defecerint

351 1787 474 1855 Eodem
490 1801 554 1852 tem
598 1810 631 1852 re
646 1788 680 1851 in
699 1786 832 1852 Bruttiis
851 1809 892 1850 ex
907 1785 1075 1850 duodecim
1090 1783 1227 1873 populis,
1243 1787 1306 1872 qui
1321 1807 1409 1850 annor

350 1875 454 1962 priore
479 1875 519 1939 ad
574 1895 670 1939 oenos
696 1873 902 1950 desciverant,
930 1871 1121 1938 Consentini
1142 1885 1176 1938 et
1201 1872 1394 1938 Thuriniin

350 1963 447 2027 fidem
467 1959 578 2050 populi
598 1960 737 2025 Romani
760 1959 931 2024 redierunt.
978 1957 1021 2024 Et
1040 1959 1146 2046 plures
1165 1956 1394 2036 rediissentni

352 2050 390 2114 T.
404 2048 600 2136 Pomponius
615 2045 812 2112 Veientanus
832 2045 1007 2134 praefectus
1025 2046 1154 2122 socium,
1170 2047 1336 2134 prosperis
1348 2043 1394 2110 di·

351 2149 431 2225 quot
456 2134 712 2223 populationibus
737 2135 772 2196 in
796 2156 870 2220 agro
897 2131 1023 2198 Bruttio
1046 2132 1120 2196 iusti
1144 2131 1237 2198 ducis
1262 2133 1394 2222 speciem

351 2238 472 2301 nactus,
489 2219 693 2286 tumultuario
708 2221 853 2286 exercitu
866 2232 983 2296 coacto,
999 2242 1072 2284 cum
1089 2217 1253 2284 Hannone
1270 2219 1395 2286 conflix-

351 2309 433 2374 isset.
480 2308 601 2396 Magna
615 2306 659 2371 ibi
671 2307 717 2372 vis
731 2305 907 2383 bominum,
923 2305 980 2372 sed
994 2305 1175 2370 inconditae
1186 2305 1306 2372 turbae
1317 2327 1394 2405 agre

352 2396 446 2460 stium
462 2416 696 2480 servorumque,
712 2415 802 2458 caesa
815 2405 872 2457 aut
891 2410 983 2480 capta
996 2406 1060 2456 est:
1085 2391 1326 2480 minimumque
1340 2415 1394 2456 rac·

352 2497 440 2546 turae
456 2480 525 2556 fuit,
542 2480 629 2568 quod
646 2479 822 2566 praefectus
842 2479 925 2544 inter
945 2492 1065 2544 ceteros
1079 2493 1127 2544 est
1143 2493 1269 2566 captuS,
1287 2493 1323 2545 et
1335 2493 1393 2543 tun

353 2567 536 2632 temerariae
566 2589 691 2656 pugnae
722 2580 839 2643 auctor,
864 2579 897 2630 et
926 2579 999 2630 aute
1025 2564 1224 2653 publicanus,
1251 2565 1394 2630 omnibns

352 2652 442 2718 malis
458 2653 575 2717 artibus
596 2667 628 2717 et
647 2651 837 2740 reipublicae
858 2665 891 2716 et
908 2652 1108 2718 societatibus
1128 2651 1248 2718 infidus
1269 2652 1409 2718 damno-3

352 2761 477 2826 susque.
524 2737 727 2825 Sempronius
736 2737 846 2804 consul
857 2737 891 2802 in
907 2738 1044 2804 Lucanis
1053 2736 1152 2802 multa
1163 2738 1290 2826 proelia
1298 2761 1392 2828 parva,

352 2826 436 2892 haud
462 2823 562 2890 ullum
582 2824 716 2911 dignum
738 2838 922 2904 memoratu,
940 2826 1033 2891 fecit:
1057 2837 1089 2890 et
1110 2825 1265 2912 ignobilia
1287 2823 1394 2916 oppida

354 2913 556 2982 Lucanorum
572 2910 694 2999 aliquot
708 2912 910 2999 expugnavit.

197 3014 315 3077 Supersti-
400 2998 475 3075 Quo
500 2998 620 3064 diutius
643 2997 825 3064 trahebatur
849 2997 978 3076 bellum,
1000 3013 1033 3064 et
1058 2997 1221 3062 variabant
1242 2998 1394 3064 secundae

197 3081 276 3128 ΗΘΜ
287 3081 337 3129 Ro
354 3087 565 3174 adversaeque
585 3108 634 3150 res
649 3108 715 3150 non
729 3084 888 3152 fortunam
903 3086 1011 3174 magis,
1033 3107 1128 3173 quam
1148 3084 1285 3163 animos,
1302 3084 1394 3151 bomi-

196 3159 252 3256 ἷζε
263 3159 331 3193 ⁰¹⁰*
352 3195 446 3249 num3
470 3187 558 3238 tanta
570 3170 691 3259 religio,
703 3184 736 3236 et
750 3195 789 3236 ea
802 3193 966 3260 magnaei
981 3186 1070 3259 parte
1086 3183 1229 3250 externa,
1241 3172 1393 3238 civitaten

353 3259 491 3336 incessit,
514 3271 552 3323 ut
577 3273 632 3324 aut
658 3257 812 3336 hominen,
835 3271 890 3322 aut
915 3257 961 3324 dii
984 3271 1113 3346 repente
1140 3256 1193 3322 alii
1216 3258 1394 3326 viderentur

353 3346 435 3410 facti.
482 3343 516 3410 N
517 3369 554 3410 ec
569 3345 632 3409 iam
647 3345 681 3408 in
696 3357 816 3410 secreto
828 3343 923 3409 modo
937 3358 1032 3445 atque
1047 3345 1130 3410 intra
1142 3345 1283 3432 parietes
1299 3343 1392 3410 abole

354 3434 469 3498 bantur
491 3431 628 3496 Romani
651 3431 747 3508 ritus3
771 3430 828 3496 sed
849 3431 883 3495 in
903 3431 1030 3518 publico
1050 3433 1146 3496 etiam
1164 3455 1201 3496 ac
1214 3432 1289 3497 foro
1307 3429 1392 3518 Capi·

355 3519 494 3606 tolioque
510 3517 679 3582 mulierum
700 3519 791 3584 turba
812 3531 888 3596 erat,
903 3541 962 3583 nec
984 3518 1236 3596 sacrificantium,
1253 3542 1317 3584 uec
1331 3539 1391 3606 pre·

353 3607 493 3671 cantium
518 3605 593 3670 deos
617 3603 718 3692 patrio
744 3627 839 3670 more.
887 3603 1061 3670 Sacrificuli
1084 3628 1120 3670 ac
1141 3619 1228 3670 vates
1252 3615 1405 3694 ceperantt

352 3692 520 3757 hominum
536 3704 678 3756 mentes:
702 3713 837 3778 quorum
859 3713 1028 3755 numerum
1050 3691 1139 3756 auxit
1160 3692 1280 3756 rustica
1301 3691 1389 3780 plebs,

352 3801 392 3842 ex
413 3778 540 3843 incultis
555 3779 680 3842 diutino
700 3775 783 3842 bello
797 3776 981 3865 infestisque
1002 3778 1084 3865 agris
1104 3791 1244 3865 egestate
1259 3791 1293 3844 et
1313 3789 1389 3842 metu

387 3995 397 4028 1
418 3983 530 4042 Ipsorum
551 3981 649 4028 interim
670 3985 694 4027 et
714 3981 857 4030 Sallentina·
891 3981 941 4029 fare
953 3979 1043 4029 Livius.
1060 3981 1140 4030 (latr.

352 4046 420 4104 rom]
450 4043 599 4092 Particulum
620 4050 644 4092 et
662 4042 756 4090 addidit
775 4043 857 4092 Rube»
924 4046 1124 4106 3Soaietotibur]
1148 4043 1348 4100 Publicanorum,
1362 4041 1387 4088 de

352 4111 414 4158 nius.
450 4109 519 4170 Ipsos
536 4106 647 4170 intellige
663 4106 816 4166 Tarentinos,
830 4113 859 4156 ut
890 4108 1047 4170 quibusbaec
1056 4125 1104 4157 vox
1112 4108 1386 4157 sollenniteradhrbetur.

352 4175 460 4224 Gronov.
472 4177 563 4219 monet.
890 4188 956 4235 supr.
968 4171 1035 4221 xxiii.
1047 4188 1086 4238 49.

384 4241 489 4287 aAnao
504 4237 600 4299 priore]
624 4235 728 4284 Duobus
743 4241 801 4284 ante
817 4251 858 4284 an·
923 4239 1222 4298 4Socnficuliaoaotar]
1241 4235 1385 4286 Eademfcre

351 4303 452 4361 sinaut
466 4301 540 4350 etium
555 4301 670 4362 amplius,
680 4314 745 4362 supr.
758 4301 822 4348 xxiv.
837 4315 856 4348 r.
890 4316 927 4348 res
952 4306 1062 4352 narratur
1082 4317 1147 4363 supr.
1167 4299 1199 4350 ir.
1222 4315 1260 4363 30.
1302 4297 1384 4349 Similis

250 4407 255 4414 .
351 4366 417 4416 xxiii.
430 4380 468 4428 30.
502 4367 550 4415 Sed
569 4366 630 4414 haec
648 4364 742 4413 minuta
757 4363 857 4426 negligit
890 4379 986 4425 quoqne
997 4365 1051 4414 inlr.
1063 4365 1145 4413 xxxix.
1158 4366 1179 4414 8.
1192 4372 1216 4413 et
1231 4379 1266 4426 14.
1284 4365 1381 4414 Sraorr.
