2966 4778
363 240 460 308 LIB.
485 239 599 310 XXII.
630 242 737 310 CAP.
762 249 813 310 31.
1074 250 1114 314 91

60 374 134 440 ‘his
156 376 229 454 tuis,
244 385 369 442 servato
390 397 427 442 ac
448 377 671 456 consemtori,
694 377 736 442 sit
755 376 844 455 felix,
866 377 925 442 sub
947 375 1160 464 imperium'U.
1172 391 1203 441 c,
1218 403 1274 454 ⁵35·

61 462 327 614 ‘auspiciumqqp
361 475 452 530 tuum
482 463 588 543 redeo,
617 476 652 530 et
682 464 775 551 signs
802 463 883 528 haec
911 457 1156 552 legionesque*
1172 456 1203 510 ⁰·
1218 467 1275 518 ²¹⁷·

60 557 226 615 ‘resume
326 573 481 638 ,queeso,
496 549 638 638 plsestus
657 573 708 615 me
728 550 945 638 magisterium
1003 550 1116 629 uitum,

38 635 143 700 ¹‘hos
157 635 286 700 ordines
307 659 380 704 suos
399 659 560 724 quemque
584 650 692 702 tenere
709 637 838 702 iubene’
881 635 968 700 Tum
1006 650 1115 704 extrse

58 721 287 800 interiunctae,
303 723 495 809 militesque,
511 725 664 788 concione
687 723 825 800 dimisse,
846 745 866 787 a
884 723 969 788 notis
984 723 1116 823 ignotis·

59 831 128 893 que
143 809 283 896 benigne
298 821 395 910 atque
415 809 613 896 hospitaliter
632 810 775 876 invitati:
798 809 847 874 lue
923 832 964 875 ue
979 809 1059 887 d1es,
1074 832 1117 876 ex

59 893 238 960 admodum
269 896 349 962 tristi
371 895 478 983 paullo
500 909 574 965 ente
597 918 634 962 se
656 918 756 983 prope
786 919 879 962 exsec
936 895 980 972 ili,
1003 895 1114 962 fectus.

60 979 200 1058 Romae,
216 993 253 1046 ut
266 994 315 1048 est
328 982 450 1069 perlsta
462 982 546 1048 inme
566 982 613 1047 rei
631 995 749 1069 gestus,
765 982 841 1048 dein
855 980 954 1046 literis
967 1003 1036 1046 non
1049 1003 1116 1048 mu·

56 1067 112 1153 gis
126 1068 267 1154 ipsorum
290 1069 526 1156 imperatorum,
540 1091 639 1156 quem
653 1068 705 1133 vul
767 1067 905 1132 militum
921 1091 963 1132 ex
978 1079 1114 1154 utroque

58 1154 208 1219 exercitu
230 1155 392 1231 affirmata,
414 1177 473 1242 pro
495 1178 528 1219 se
551 1156 686 1242 quisque
746 1155 888 1220 azimum
910 1153 1058 1219 leudibus
1072 1154 1115 1222 ud

58 1239 191 1306 coelum
219 1241 309 1306 ferre.
370 1241 434 1308 Per
479 1241 558 1306 lotia
582 1241 668 1328 apud
699 1240 914 1306 Hannibalem
943 1240 1114 1328 hostesque

57 1326 192 1392 Poenos
206 1339 290 1393 eret:
314 1350 352 1392 ae
372 1339 440 1392 tum
458 1264 592 1392 demum
611 1328 738 1406 sentire,
754 1349 828 1392 eum
849 1327 1003 1392 Romanis
1018 1339 1114 1414 etque

57 1413 99 1476 in
122 1411 216 1478 Italis
236 1413 357 1480 bellum
378 1436 455 1479 esse.
502 1413 589 1478 Nam
611 1413 741 1479 biennio
763 1425 836 1479 unte
859 1414 940 1479 adeo
961 1427 995 1478 et
1016 1412 1115 1478 duces

59 1499 229 1568 Romanos
250 1512 285 1566 et
306 1499 424 1566 milites
445 1511 637 1588 spreverant,
653 1513 690 1564 ut
710 1500 765 1564 vix
787 1523 861 1564 cum
883 1499 996 1564 eudem
1017 1511 1114 1586 gente

57 1584 185 1651 bellum
200 1609 267 1652 esse
282 1585 459 1664 crederent,
475 1587 566 1652 cuius
580 1586 753 1652 terribilem
767 1609 839 1651 eam
853 1586 969 1651 fumant
984 1585 1115 1673 epatri-

57 1674 123 1738 bus
138 1673 342 1760 accepissent.
388 1673 603 1738 Hannibalem
647 1695 753 1760 noque
775 1695 816 1737 ex
837 1673 905 1738 acie
926 1671 1114 1738 redeuntem

57 1759 181 1824 dixisse
195 1759 311 1836 ferunt,
328 1759 478 1824 ‘tandem
500 1782 570 1824 eam
592 1696 721 1836 nribem,
738 1781 819 1845 quoe
841 1759 951 1824 sedere
973 1758 1008 1823 in
1030 1759 1114 1846 iugis

59 1845 241 1910 ‘montium
256 1845 348 1910 solita
360 1847 412 1923 eit,
427 1868 501 1910 eum
516 1844 654 1932 procelle
668 1846 802 1910 imbrem
817 1845 962 1911 dedisse!
1276 1899 1280 1906 ,

107 1931 197 1996 Dum
220 1931 301 1998 haec
328 1945 484 2020 geruntur
508 1933 543 1996 in
567 1931 668 2009 Italia,
700 1931 762 1996 Cn.
781 1931 931 1996 Servilius
956 1930 1114 1996 Geminus
1170 1939 1221 1999 31.

33 2017 174 2084 oconsul
200 2041 274 2083 eum
299 2018 397 2084 classe
421 2032 551 2084 centum
576 2019 689 2104 viginti
718 2019 857 2094 navium,
884 2018 1239 2083 circumvecrmservffius

61 2104 230 2170 Sardiniae
246 2118 279 2170 et
292 2104 441 2170 Corsicae
457 2127 554 2181 oram,
564 2117 598 2168 et
612 2103 774 2169 obsidibus
789 2103 949 2204 utrimque
964 2104 1112 2190 acceptis,
1122 2086 1179 2134 ⁰⁰⁸⁴
1189 2087 1256 2135 ”¹²¹⁰

57 2193 98 2256 in
117 2189 261 2256 Africam
283 2191 472 2256 transmisit:
504 2202 537 2254 et
558 2190 741 2277 priusquam
763 2189 798 2254 iu
819 2201 1036 2254 continentem
1057 2163 1173 2261 err-ffm
1205 2155 1250 2264 ἕ,

31 2277 245 2346 escensiones
258 2277 385 2355 faceret,
401 2276 534 2364 Menige
550 2275 653 2340 insule
666 2287 794 2352 vastate,
805 2288 838 2339 et
852 2276 891 2340 ab
902 2273 1113 2342 incolentibus

60 2363 246 2441 Cercinam,
273 2387 315 2429 ue
344 2375 379 2428 et
403 2364 544 2451 ipsorum
570 2373 715 2426 ureretur
742 2359 997 2449 diripereturque
1026 2382 1111 2450 eger,
1216 2435 1218 2441 ¹

57 2451 177 2514 decem
197 2450 324 2516 talentis
345 2450 469 2550 argenti
486 2449 633 2535 acceptis,
648 2448 690 2512 nd
711 2447 804 2514 litore
821 2447 949 2512 Africae
971 2449 1112 2527 secessit,

57 2561 100 2602 co
124 2537 233 2623 iasque
264 2549 419 2624 exposuit.
466 2534 547 2599 Inde
576 2535 617 2600 ed
688 2533 865 2635 pulendum
894 2556 1005 2621 egmm
1022 2534 1113 2600 ducti

58 2646 93 2688 m
122 2623 191 2700 'tea
206 2622 316 2688 navale
357 2645 396 2687 ue
411 2622 489 2687 socii
508 2622 600 2687 iuxta
613 2558 714 2698 ethii,
730 2644 767 2686 ec
782 2621 808 2685 si
824 2621 934 2686 insulis
954 2620 1112 2686 coltomm

57 2710 231 2796 egentibus
251 2732 327 2797 pree
385 2721 488 2774 entur.
534 2707 647 2795 Iteque
669 2708 705 2771 in
725 2707 855 2772 insidias
877 2721 997 2774 temere
1021 2705 1111 2786 illoti,

58 2817 165 2884 quum
179 2795 433 2883 etfrequentibus
446 2793 599 2881 palantes,
611 2793 651 2860 ab
663 2793 804 2859 locorum
864 2795 925 2858 aris
935 2795 1037 2880 ignari
1052 2795 1113 2860 eir-

57 2883 332 2959 cumvenirentur,
355 2902 429 2946 eum
455 2879 555 2944 multa
576 2880 673 2946 caede
695 2903 732 2946 ee
753 2817 944 2968 soerfffirgu
964 2893 1048 2946 retro
1071 2881 1113 2946 ad

58 2991 160 3034 neves
181 2967 337 3055 compulsi
358 2977 442 3032 sunt.
488 2966 543 3031 Ad
563 2966 649 3032 mille
669 2966 846 3042 homiuum,
861 2989 936 3030 cum
955 2965 1005 3030 his
1022 2965 1113 3030 Sem-

32 3054 177 3142 4proni0
194 3054 306 3120 Blaeso
325 3065 491 3141 quaestore
506 3052 629 3128 amisso,
645 3053 760 3128 elassis,
776 3074 795 3116 e
811 3051 955 3118 litoribus
972 3051 1113 3118 hostium

84 3141 167 3206 lenis
182 3155 228 3206 tre
251 3140 304 3205 ide
319 3139 431 3216 solute,
443 3140 477 3204 in
493 3137 634 3204 Siciliam
649 3161 776 3204 cursum
788 3139 908 3203 tenuit:
933 3137 1015 3202 tradi
1071 3161 1112 3204 ue

58 3165 211 3315 lilybaei
225 3163 265 3291 l'.
280 3225 418 3292 Otacilio
454 3225 579 3302 raetori,
594 3236 630 3289 ut
645 3225 800 3310 ablegato
814 3223 882 3288 eius
897 3223 934 3288 P.
949 3150 1114 3288 Surawdo·

57 3335 149 3378 mem
174 3313 386 3378 reduceretur.
431 3249 516 3399 lpse,
542 3334 601 3398 per
624 3309 762 3376 Siciliam
786 3307 921 3395 pedibus
942 3309 1112 3395 profectus,

57 3400 144 3464 freto
163 3399 197 3464 in
215 3399 341 3464 Italiam
363 3398 495 3475 traiecit,
511 3397 609 3462 literis
632 3397 673 3471 Q.
687 3395 777 3460 Fabii
799 3395 917 3460 accitus
932 3406 965 3458 et
986 3394 1064 3481 ipse,
1080 3408 1114 3460 et

32 3485 264 3573 scollegaeius
279 3484 327 3550 ut
343 3485 471 3562 Atilius,
484 3497 520 3549 ut
535 3483 693 3548 exercitus
704 3481 744 3548 sb
754 3504 798 3559 se,
810 3493 923 3546 exacto
936 3480 996 3545 iem
1012 3502 1112 3568 prope

58 3573 204 3638 semestri
219 3572 363 3660 imperio,
379 3571 568 3658 acciperent

96 3752 107 3788 1
127 3740 232 3788 Ordesos
246 3754 303 3788 tuoe
319 3739 448 3801 qumque]
471 3735 571 3786 Scilicet
636 3751 652 3794 4
667 3737 754 3785 Blaeso
762 3743 887 3799 pumero
893 3734 992 3794 umbro]
1005 3734 1114 3786 Distine-

58 3803 159 3852 ordines
169 3803 196 3854 in
210 3802 322 3852 Fabiano
332 3801 441 3852 exercitu
456 3799 500 3850 ribi
516 3815 572 3863 pro-
603 3797 696 3848 tionem
708 3805 764 3862 pest
776 3815 859 3848 veeem
871 3804 1111 3862 praesequente

58 3868 134 3930 prior.
603 3880 657 3912 rtem
679 3879 723 3926 pro
745 3866 831 3914 ambro
852 3871 974 3926 reponunt
995 3864 1067 3915 Cret.
1086 3871 1112 3915 et

94 3931 570 3990 odhondweeentumoipt'ntinooium]
605 3927 696 3977 Stroth.
720 3930 816 3978 Amisso
826 3928 852 3976 iu
864 3929 927 3990 plur.
939 3928 995 3978 edd.
1009 3929 1113 3978 inveniri

58 3995 212 4055 Numerum,
226 3995 267 4058 qui
284 3995 312 4043 iu
329 3994 442 4042 omuibus
460 4007 512 4042 uss.
529 3993 569 4042 de
602 3996 706 4040 testatur
716 3993 854 4051 Drakenb,
864 3991 905 4054 qui
920 3997 1003 4042 tamen
1014 3993 1113 4043 distine-

57 4059 189 4120 uideretur,
203 4075 235 4109 ex
251 4057 356 4122 Polybio
372 4057 405 4108 iii.
420 4055 460 4121 96.
473 4055 570 4120 lipsius
602 4055 694 4104 tionem
706 4062 761 4118 post
771 4059 858 4105 omisso
869 4057 1008 4118 ponendam
1018 4059 1113 4108 meoet

57 4123 164 4174 eddidit.
603 4119 644 4168 De
654 4120 700 4168 hec
711 4121 781 4168 clude
793 4120 881 4182 Polyb.
892 4119 957 4169 silet.

92 4203 107 4249 3
125 4189 227 4248 Menige
238 4189 321 4236 insuta
330 4186 439 4245 wtoto]
464 4183 536 4233 Haec
547 4189 572 4232 et
637 4185 828 4246 5Exerettroob
834 4186 871 4244 rs]
882 4183 1113 4246 Fobionumnempc

57 4251 165 4302 Cercina
181 4251 299 4300 finitimae
314 4250 379 4313 Syrti
390 4250 485 4298 insulse
495 4252 571 4298 erant.
606 4247 833 4308 Minucienumque,
841 4253 869 4294 ut
877 4263 934 4296 mox
947 4247 1113 4310 appellantur.

58 4318 191 4368 Cercinam
212 4330 256 4377 pro
276 4321 356 4364 vetere
379 4313 485 4362 lectione
505 4314 572 4363 circo
606 4311 672 4362 Olim
684 4314 817 4365 coercitum
828 4309 984 4362 scribebatur.

57 4398 112 4431 eum
122 4379 263 4428 emendavit
275 4378 379 4442 Lipsius.
964 4381 966 4388 ’
