2866 4770
315 165 380 228 520
565 153 577 168 “
705 161 818 228 ΤΙΤΙ
845 161 982 229 LIVII

253 318 308 372 ⁵⁴9·
318 306 328 335 ‘
339 295 464 385 puleres
478 297 620 362 firturum
636 299 722 362 esse'
753 297 807 362 Ad
822 320 862 363 ea
876 319 1064 386 responsum
1079 295 1214 384 legatis:
1232 296 1355 362 ‘Remu

253 385 498 471 ²⁰3·‘gesterum
521 383 555 447 in
578 383 688 448 Africa
710 405 860 472 prospere
884 405 1089 449 communem
1114 383 1178 447 sibi
1205 405 1277 446 cum
1297 407 1355 470 rege

320 479 330 508 ‘
397 469 583 535 tulstionem
598 492 674 534 esse.
722 470 905 557 Scipionem
920 484 1006 535 recte
1023 483 1125 556 atque
1144 469 1260 533 ordine
1273 469 1355 534 videri

320 493 460 720 lie
471 556 1022 729 sm
1036 643 1355 728 nse

320 737 436 816 ‘atque
455 728 604 794 laudare!
647 728 795 807 Munera,
812 728 924 815 quael
962 690 1011 793 ’ti
1025 727 1149 794 ferrent
1170 729 1253 814 regi,
1267 729 1357 792 clerte

318 828 451 880 verunt:
475 814 583 902 sagula
597 837 758 902 purpurea
770 815 836 881 duo
851 751 1045 880 camelinis
1060 815 1321 900 aureisssingulis,
1333 833 1357 878 er

318 901 383 967 lato
397 901 486 966 clavo
501 903 635 967 tunicise
660 915 694 966 et
708 925 807 990 equos
822 901 887 966 duo
922 901 1099 966 haleratos:
1123 901 1207 964 bina
1221 901 1358 987 equestria

319 1011 406 1053 arma
427 1011 500 1053 cum
523 986 645 1052 loricis:
670 1001 704 1053 et
724 925 935 1064 tabernaculis
958 987 1200 1073 militaremque
1226 987 1359 1073 supellec·

320 1073 418 1152 tilem,
450 1074 576 1161 qualem
603 1075 750 1174 praeberi
778 1074 900 1140 consuli
929 1097 997 1138 mos
1026 1085 1120 1138 esset.
1187 1072 1282 1138 Haec
1307 1096 1358 1159 rep

318 1175 445 1249 praetor
460 1161 585 1225 mittere
601 1183 711 1225 iussus.
758 1161 887 1247 Legatis
902 1162 935 1223 in
950 1161 976 1223 si
1022 1159 1092 1224 ulos
1107 1159 1202 1224 dona
1216 1183 1259 1225 ne
1274 1161 1358 1223 minus

320 1247 455 1334 quinum
470 1247 616 1324 millium,
631 1248 800 1312 comitibus
820 1269 929 1312 eorum
949 1183 1086 1312 millium
1104 1247 1214 1310 aeris:
1240 1259 1273 1311 et
1285 1245 1359 1310 resti-

320 1349 429 1398 mente
447 1334 523 1398 bina
542 1333 662 1434 legatis,
681 1333 806 1421 singula
824 1333 992 1398 comitibus
1008 1331 1248 1484 Numidiam,
1262 1333 1314 1420 qui
1330 1353 1360 1394 et

319 1420 464 1484 custodia
483 1419 588 1484 emissr
607 1420 817 1486 redderentur
839 1419 915 1506 regi.
961 1418 1017 1484 Ad
1040 1418 1102 1485 hoc
1192 1442 1231 1484 es
1252 1419 1374 1493 liberter

318 1504 398 1582 locs,
413 1505 512 1570 lautia
526 1506 637 1594 legatis
651 1507 788 1572 decretu.

364 1591 487 1656 Eadem
511 1606 640 1671 aestate,
662 1615 726 1681 qua
748 1593 826 1657 haec
848 1591 976 1656 decretu
998 1591 1134 1668 Romae,
1156 1604 1194 1656 et
1218 1593 1257 1656 in
1271 1592 1362 1657 Atre:

319 1690 513 1764 gestarunt,
537 1678 573 1742 P.
594 1679 788 1754 Quinctilius
803 1677 907 1744 Varus
928 1690 1054 1765 praetor
1076 1691 1109 1742 et
1133 1677 1185 1742 M.
1207 1677 1362 1744 Cornelius

319 1763 488 1852 proconsul
504 1765 538 1829 in
552 1787 628 1853 agro
639 1764 822 1831 Insubrium
836 1763 1001 1829 Gallorum
1016 1785 1091 1829 curn
1103 1763 1258 1852 Magone
1269 1765 1363 1829 Poeno

319 1851 417 1937 signis
432 1850 552 1916 collutis
566 1865 758 1952 pugnarunt.
804 1850 961 1916 Praetoris
978 1850 1120 1938 legiones
1137 1851 1173 1914 in
1189 1853 1299 1938 prima
1311 1852 1363 1915 acie

319 1936 467 2001 fuerunt:
494 1937 664 2002 Comehus
681 1961 753 2002 sues
771 1938 805 2001 in
822 1936 968 2002 subsidiis
988 1937 1103 2013 tenuit,
1119 1938 1192 2024 ipse
1214 1938 1260 2002 ad
1279 1939 1366 2025 prinu

320 2024 410 2110 signa
428 2047 513 2111 equo
534 2023 704 2089 advectus:
728 2047 850 2110 proque
868 2023 992 2088 duobus
1013 2024 1167 2088 cornibus
1188 2039 1322 2111 praetor
1338 2045 1366 2086 ac

319 2109 490 2260 proconsul
510 2110 627 2175 milites
647 2110 690 2175 ad
711 2109 877 2175 inferenda
897 2109 932 2172 in
954 2109 1060 2174 hostes
1081 2111 1177 2196 signa
1199 2109 1367 2175 summati

343 2197 535 2262 ortabantur.
577 2196 750 2284 Postquam
766 2196 847 2260 nibil
862 2197 1113 2273 commovebant,
1130 2211 1206 2260 tum
1225 2195 1368 2262 Cornelio

322 2280 538 2357 Quinctiliusr
565 2283 729 2360 ‘Lentior,
753 2297 790 2348 ut
810 2282 909 2360 vides,
931 2283 969 2347 fit
989 2304 1118 2369 pugna:
1148 2295 1185 2347 et
1210 2284 1370 2348 induratus
1423 2259 1424 2338 l

321 2377 467 2456 ‘praeter
484 2391 573 2456 spem
594 2370 769 2436 resistendo
789 2369 928 2435 hostium
947 2369 1062 2434 timor:
1086 2391 1134 2447 sc,
1155 2391 1200 2434 ne
1220 2383 1324 2436 vertat
1342 2369 1386 2430 in=

321 2463 332 2492 ‘
342 2456 517 2532 audaciam,
539 2455 715 2544 periculum
738 2469 793 2521 est
841 2455 1031 2542 Equestrem
1055 2455 1237 2542 procellam
1261 2457 1371 2520 excite·
1424 2517 1425 2520 ,

321 2543 756 2694 {litipbmllillll
771 2554 1052 2694 “sti-”illm
1063 2541 1371 2694 llllliffi

321 2721 482 2800 ‘pugnam
498 2651 638 2802 eqirites:
663 2653 788 2802 villeglb
803 2716 855 2779 hic
870 2715 905 2779 in
942 2714 1021 2778 rima
1034 2651 1189 2779 abibgiem
1204 2737 1327 2829 perum,
1342 2729 1372 2777 tn

322 2808 332 2837 ‘
366 2812 493 2864 uettuor
518 2800 680 2888 legionum
709 2825 727 2867 e
752 2802 834 2866 uites
862 2801 897 2865 in
919 2737 1050 2866 bostem
1080 2801 1204 2866 emitte.
1266 2801 1371 2866 Utrum

321 2821 416 2951 villet
448 2899 588 3036 praetor,
622 2825 763 2953 muneris
822 2901 921 2953 artem
957 2887 1145 2973 proconsule
1186 2889 1371 2976 accipiente,

323 2971 457 3047 Quinctr
471 2973 518 3038 'us
538 2985 665 3061 praetor
684 2997 758 3039 oum
813 2975 854 3051 io,
870 2974 922 3038 cui
943 2973 1056 3038 Marco
1076 2995 1284 3060 praenomen
1301 2989 1372 3047 erat,

320 3057 458 3146 impigro
472 3060 655 3160 iuveneqad
669 3061 794 3148 equites
813 3060 936 3160 pergit:
960 3060 1124 3145 iussosque
1144 3061 1326 3126 escendere
1344 3061 1373 3122 in

321 3147 948 3321 {ffitiltttlltltst'lllb
959 3144 1375 3298 litllteiqffit

384 3453 428 3509 Et,
449 3453 566 3515 quioquid
583 3451 654 3499 aliud
666 3452 765 3512 fecerit,
783 3487 826 3500 ,..
860 3450 1021 3513 telligendum
1036 3465 1089 3498 esse
1100 3449 1198 3512 aliquid
1210 3454 1283 3514 quod
1297 3453 1328 3500 sd
1339 3453 1376 3499 l}

319 3463 368 3575 sai
384 3514 432 3562 Pro
446 3531 476 3564 ea
493 3516 554 3563 ratio
570 3515 730 3578 grsmmmios
746 3521 827 3577 postu·
860 3514 1005 3563 bitationem
1023 3515 1154 3576 pertinent,
1172 3516 1299 3578 colligere
1318 3517 1377 3563 ride

321 3577 382 3627 laret
396 3579 430 3638 id,
442 3580 485 3628 ssd
496 3579 555 3628 slibi
566 3595 664 3641 quoque
677 3593 693 3626 a
707 3579 829 3628 consuetis
861 3593 917 3626 mur
926 3593 1002 3638 exeo,
1009 3580 1075 3641 quod
1085 3579 1142 3628 inlr.
1150 3580 1245 3629 xxxiii.
1254 3597 1297 3642 ²4·
1309 3580 1378 3642 tqati

319 3643 494 3703 grammatices
509 3643 603 3706 legrbus
616 3643 829 3692 inhaerenoster
861 3643 1008 3692 Macedones
1035 3642 1152 3692 dicuntur
1178 3646 1286 3694 Meas
1312 3653 1379 3694 estre

320 3707 419 3755 recedit
437 3707 468 3756 cf.
483 3707 538 3756 inlr.
552 3707 638 3756 xxxiii.
651 3721 690 3768 ²4⁴
706 3723 828 3770 piraeeum
861 3707 990 3774 urbem-in
1003 3707 1088 3756 ollium
1099 3709 1239 3769 prrblieurrr,
1251 3712 1337 3772 ibique
1352 3711 1379 3754 iis

320 3785 368 3831 oue
383 3777 483 3821 remeas
497 3774 638 3831 umbrat,
648 3773 675 3820 s'd
685 3773 829 3833 repensae·
861 3763 961 3820 bairht
971 3773 1051 3820 lautia
1059 3773 1185 3833 moso.
1214 3775 1380 3822 hoedum

320 3837 405 3882 turum
415 3850 472 3884 erre.
861 3849 963 3884 munere
985 3834 1125 3898 hospitalia,
1142 3851 1213 3898 mpr.
1230 3838 1325 3886 xxviii.
1344 3851 1381 3898 59

356 3911 365 3944 r
385 3899 464 3947 Aedes
486 3900 585 3960 liberae,
607 3897 672 3962 loeo]
699 3899 779 3949 Aedes
800 3900 828 3947 li-
862 3899 944 3949 Ostur.

321 3961 393 4010 berae
401 3977 533 4011 sc.racuee
545 3969 570 4012 et
581 3964 682 4026 proinde
693 3963 830 4026 hospitibus
895 3965 1040 4012 aHortr'unr
1057 3965 1142 4023 timor]
1162 3963 1292 4014 Hostium
1310 3965 1383 4014 timor

320 4024 472 4088 excipiendis
491 4031 611 4088 petentes
636 4041 701 4090 supr.
721 4027 788 4077 xxiv.
808 4038 829 4089 7.
863 4031 959 4088 praeter
980 4025 1121 4088 opinionem
1143 4027 1229 4076 factus
1257 4037 1300 4078 est
1328 4029 1382 4078 reri-

321 4089 447 4148 Ceterum,
458 4089 517 4152 quid
528 4090 576 4138 sint
587 4093 648 4150 losa,
658 4105 722 4152 quse
733 4096 830 4152 praeter
861 4091 948 4139 utendo
965 4090 1056 4149 durior,
1070 4090 1095 4139 lt.
1107 4105 1129 4140 e.
1145 4091 1234 4141 hostes
1248 4100 1341 4143 conus
1353 4093 1382 4140 ti·

320 4153 828 4214 libersseedesdecernunturlegstiaheud
861 4169 954 4202 morem
984 4153 1119 4204 resistendo
1149 4171 1176 4204 se
1206 4157 1382 4208 obtimum

321 4213 510 4265 facileststuers
522 4231 657 4277 possumus.
685 4217 783 4266 Temen
793 4216 829 4265 in·
863 4217 948 4267 Dosn.
