2874 4772
326 158 416 225 LIB.
446 158 573 224 XXVI.
608 157 718 224 CAP.
746 163 794 225 15.
1017 161 1078 226 297

55 294 201 360 ‘animm
215 317 235 360 a
247 292 456 370 contumeliis,
468 293 585 371 oculos,
597 316 696 370 aures,
709 317 728 358 a
741 293 886 359 videndis
900 293 1081 358 audiendis·
1092 313 1125 364 U.
1136 315 1166 365 c.
1182 327 1237 379 ⁵4¹·

55 391 63 418 ‘
91 405 126 446 uc
140 381 284 446 omnibus
294 380 414 446 acerbis
427 381 639 480 indignisque,
650 403 731 468 quae
747 393 877 445 manent
890 381 999 457 victos,
1012 380 1081 444 vin·
1090 379 1120 428 A.
1138 381 1167 430 ⁰·
1183 393 1238 428 ²¹¹·

55 405 186 532 ‘dicabit
232 467 338 532 Parati
346 479 450 544 erunt,
460 490 515 554 qur
527 489 641 554 magno
651 489 726 554 rogo
735 467 769 531 in
780 467 946 555 propatulo
954 466 1082 532 aedium

54 563 192 618 ‘accenso
211 575 341 641 corpora
360 555 508 618 exanima
525 554 677 619 iniiciant.
724 552 814 618 Haeo
830 576 894 618 una
907 555 958 618 via
976 567 1009 619 et
1025 554 1082 618 ho-

54 648 152 704 ‘nesta
164 654 197 705 et
211 639 310 704 libera
326 640 368 705 ad
389 653 529 704 mortem.
577 639 620 704 Et
639 640 699 728 ipsi
718 641 867 705 virtutem
884 641 1082 706 mirabuntur

53 725 175 804 ‘hostes
195 738 229 791 et
250 725 412 793 Hannibal
433 727 528 792 fortes
548 727 648 793 socios
669 727 747 792 sciet
768 727 807 793 ab
829 749 862 792 sc
882 726 1023 792 desertos
1044 749 1081 792 ae

53 813 203 898 ‘proditos
217 814 304 878 esse!

90 897 179 964 Hanc
203 899 375 965 orationem
399 898 497 964 Virrii
520 898 626 987 plures
651 900 819 966 audierunt
844 923 917 966 cum
943 923 1080 977 mensu,
1139 917 1188 977 14,

52 1008 138 1070 quam
154 986 229 1050 forti
248 987 354 1051 animo
378 986 422 1064 id,
437 986 525 1073 quod
544 987 727 1073 probabant,
748 987 879 1074 exsequi
899 999 1078 1074 potuerunt.

51 1069 149 1137 Maior
170 1095 242 1174 pars
265 1087 400 1150 senatus,
424 1072 531 1138 multis
556 1095 649 1159 saepe
672 1072 763 1138 bellis
785 1087 947 1160 expertam
970 1096 1014 1161 po
1036 1073 1218 1151 uliLeganad

53 1155 182 1224 Romam
196 1159 394 1225 clementiam
404 1159 490 1224 haud
499 1158 678 1224 diffidentes
688 1159 748 1224 sibi
760 1182 886 1247 quoque
896 1097 1081 1248 placabdem
1090 1153 1164 1230 lton
1175 1155 1231 1203 ¹¹¹¹*

50 1244 120 1323 fore,
134 1245 253 1332 legatos
272 1245 313 1311 ad
334 1245 511 1311 dedendam
529 1245 681 1311 Romania
702 1246 845 1333 Capuam
863 1233 1117 1325 decrevenrnt⁸²

51 1333 267 1421 misemntque.
313 1332 443 1398 Vibium
476 1332 617 1397 Virrium
642 1344 763 1434 septem
793 1347 826 1398 et
849 1333 961 1421 viginti
984 1335 1082 1400 ferme
1092 1353 1186 1402 Virrius

51 1434 200 1485 senatores
213 1420 343 1485 domum
359 1420 458 1485 secuti
471 1434 555 1498 sunt,
571 1420 752 1508 epulatique
767 1443 840 1484 cum
855 1443 911 1497 θος
935 1433 968 1486 et
982 1433 1147 1507 quan·cum
1159 1431 1197 1492 ²⁷:

52 1517 113 1570 tum
126 1506 228 1572 tacere
240 1520 417 1595 potuerant,
429 1507 570 1573 alienatis
582 1508 741 1573 mentibus
752 1507 826 1572 vino
840 1509 880 1572 ab
889 1507 1084 1572 imminentis
1090 1483 1241 1596 ffiffiu'

51 1613 138 1657 sensu
157 1593 242 1671 mali,
257 1616 414 1659 venenum
434 1617 544 1660 omnes
563 1608 780 1684 sumpsemnt:
804 1594 879 1658 inde
899 1595 993 1659 misso
1008 1612 1172 1660 con-sumit.

51 1678 136 1757 virio,
150 1680 271 1746 dextris
288 1681 372 1746 inter
392 1704 425 1746 se
446 1683 536 1760 datis,
551 1681 728 1769 ultimoque
751 1679 929 1768 complexu,
944 1681 1084 1746 collacri-

51 1781 165 1832 mantcs
178 1789 273 1833 suum
287 1767 468 1855 patriaeque
483 1791 599 1846 casum,
615 1767 679 1846 alii,
695 1780 732 1832 ut
745 1768 858 1833 eodem
874 1789 951 1854 rogo
965 1789 1086 1831 crema·

51 1866 162 1931 rentur,
183 1868 386 1930 manserunt3
417 1854 470 1919 alii
498 1853 608 1918 domos
636 1854 767 1941 digressi
802 1866 884 1918 sunt
931 1853 1085 1940 Impletae

51 1939 122 2004 cibis
137 1941 276 2027 vinoque
296 1963 394 2005 venae
417 1939 521 2004 minus
542 1941 700 2004 efficacem
721 1941 756 2004 in
778 1939 965 2004 maturanda
985 1952 1086 2003 morte

51 2027 109 2090 vim
143 2027 260 2093 veneni
293 2027 445 2091 fecerunt
500 2025 613 2113 Itaque
650 2040 776 2090 noctem
808 2039 906 2091 totam
943 2025 1086 2112 plerique

52 2134 162 2191 eorum,
177 2127 213 2178 et
226 2112 290 2177 diei
305 2112 499 2199 insequentis
520 2125 643 2198 partem
658 2134 757 2199 quum
772 2113 909 2177 animam
929 2111 1086 2198 egissent3

52 2221 154 2266 ornnes
173 2215 291 2277 tamen,
311 2199 493 2286 priusquam
513 2198 709 2286 aperirentur
729 2199 871 2264 hostibus
892 2211 1012 2285 portae,
1031 2220 1087 2262 ex·

52 2307 65 2348 s
86 2303 212 2352 nerunt.

66 2307 219 2438 pPostem
240 2372 293 2438 die
314 2385 406 2460 porta
429 2371 522 2450 Iovis,
543 2395 625 2459 quae
647 2372 795 2437 adversus
817 2384 917 2437 castra
939 2373 1204 2452 Romanacapnam

51 2473 122 2537 emt,
137 2461 223 2526 iussu
237 2458 464 2546 proconsulisa
505 2473 553 2524 rta
566 2473 622 2523 est.
669 2458 716 2524 Ea
730 2459 907 2524 intromissa
921 2457 1004 2546 legio
1021 2453 1229 2524 uncinarediun·

31 2559 81 2612 ret
104 2547 184 2612 duae
211 2545 287 2624 alae,
310 2568 383 2610 cum
409 2543 447 2610 C.
486 2544 570 2610 ulvio
595 2544 707 2633 legato.
754 2547 916 2696 lafflquum
943 2547 1084 2611 omnium
1093 2519 1235 2634 {imm

51 2633 182 2717 primum
197 2655 284 2698 arma
295 2631 430 2719 telaque,
441 2655 522 2719 quae
536 2632 666 2720 Capuae
677 2646 780 2710 erant,
848 2656 881 2698 se
896 2627 1087 2698 conferenda

51 2735 193 2799 curasset,
209 2718 360 2784 custodiis
374 2719 415 2783 ad
429 2739 539 2784 omnes
553 2733 658 2806 portas
673 2719 839 2820 dispositis,
855 2742 895 2784 ne
914 2719 985 2806 quis
1000 2719 1087 2783 exire

52 2821 102 2870 aut
134 2806 237 2872 emitti
273 2817 387 2893 posset,
420 2805 611 2907 praesidium
645 2807 803 2871 Punicum
837 2805 1087 2892 comprehendit,

52 2907 190 2958 senatum
208 2891 408 2979 Campanum
426 2915 471 2957 1re
486 2893 520 2956 in
535 2905 635 2957 castra
649 2891 689 2956 ad
707 2894 911 2979 imperatores
927 2891 1088 2956 Romanos

51 2976 144 3044 iussit
193 2979 268 3055 Quo
278 3001 377 3066 quum
386 2979 554 3055 venissent,
564 2991 670 3043 extem
692 2978 724 3042 lo
737 2979 786 3042 his
800 2978 946 3042 omnibus
958 2993 1087 3042 catenae

52 3063 192 3143 iniectae,
206 3064 345 3152 iussique
362 3065 403 3129 ad
423 3078 603 3151 quaestores
620 3001 752 3141 detine,
768 3063 854 3151 quod
869 3064 936 3128 auri
951 3064 1089 3164 argenti-

51 3173 110 3236 que
129 3152 290 3218 baberent
336 3151 419 3216 Auri
438 3150 546 3238 pondo
565 3151 764 3238 septuaginta
782 3150 860 3226 fuit3
884 3165 1006 3236 argenti
1029 3150 1089 3214 tria

51 3237 146 3304 millia
170 3238 278 3327 pondo
302 3251 334 3302 et
362 3238 508 3302 ducenta.
556 3237 723 3303 Senatores
748 3236 891 3324 quinque
920 3250 953 3301 et
976 3236 1088 3324 viginti

55 3321 143 3390 Cales
158 3326 193 3390 in
208 3324 392 3402 custodiam,
408 3324 645 3410 duodetriginta
660 3323 805 3388 Teanum
826 3322 928 3387 missi:
953 3345 1088 3410 quorum

52 3407 90 3474 de
104 3413 261 3477 sententia
275 3411 411 3476 maxime
426 3411 581 3476 descitum
596 3411 635 3474 ab
652 3410 810 3475 Romanis·
819 3410 989 3474 constabat
1035 3410 1087 3474 De
1188 3459 1196 3475 .

53 3497 202 3586 suplicio
228 3497 384 3586 Campani
409 3511 536 3563 senatus
565 3496 649 3561 baud
674 3519 810 3582 uaquam
836 3497 919 3560 inter
942 3495 1088 3560 Fulvium

55 3519 223 3650 Ciiudium
248 3608 287 3650 ue
317 3585 531 3650 conveniebat
587 3521 699 3648 Facis
734 3581 949 3669 impetrandae
978 3583 1088 3647 veniae

56 3668 216 3751 Claudius,
225 3609 354 3736 anlvio
379 3671 488 3735 durior
516 3671 673 3736 sententia
700 3683 775 3734 erat.
822 3668 934 3756 Itaque
965 3669 1091 3821 Appius

55 3755 188 3824 Romam
211 3759 251 3823 ad
274 3771 416 3824 senatum
440 3758 603 3822 arbitrium
626 3758 694 3822 eius
716 3757 761 3820 rei
786 3769 887 3820 totum
910 3755 1016 3820 reiicie
1039 3771 1087 3821 at:

53 3845 277 3928 percunctandi
291 3844 385 3910 etiam
400 3866 538 3932 aequum
558 3865 624 3909 esse
646 3856 835 3931 potestatem
850 3843 918 3907 fieri
934 3842 1090 3922 Patribus,

35 3951 128 3994 1nnm
161 3931 445 3997 communicassent
478 3929 609 3995 consilia
637 3952 711 3996 cum
745 3929 903 4018 aliquibus
936 3929 1091 3996 soeiomm

84 4127 182 4187 9Dttoe
192 4127 259 4186 aluo]
277 4125 317 4173 De
328 4123 449 4186 equitibus
459 4121 555 4171 socmlis
621 4137 630 4170 1
651 4125 713 4172 Cum
731 4127 854 4187 aliquibus
871 4128 989 4174 melorum
1008 4126 1092 4172 latim

54 4189 170 4238 exercitis
187 4205 270 4238 rocem
287 4190 341 4237 alar
360 4188 399 4236 hic
419 4187 553 4262 intelligen·
586 4190 689 4238 nominis
697 4196 721 4238 cl
728 4191 928 4250 municipiorum]
942 4187 1092 4236 Particulam

54 4252 108 4298 dam
126 4269 176 4303 etse
192 4255 265 4304 docet
278 4251 392 4312 Crevier,
403 4257 429 4300 et
443 4251 553 4314 Liparum
586 4259 610 4301 et
625 4259 683 4300 ante
699 4251 811 4300 nltimam
830 4266 912 4299 vocem
929 4250 1019 4300 adiecit
1031 4251 1091 4299 Gro

54 4315 84 4362 de
95 4316 147 4365 Mil.
160 4319 233 4367 Rom.
246 4317 269 4366 ii.
284 4330 306 4379 7.
318 4323 403 4366 testem
415 4317 522 4365 adhibet.
555 4353 560 4362 .
587 4331 642 4365 nov.
675 4317 790 4365 Ceterum
804 4315 905 4363 Nicbhr.
918 4315 942 4363 ii.
954 4330 978 4362 n.
993 4316 1092 4374 r5o,So
