2888 4768
350 251 412 313 238
730 239 842 310 ΤΙΤΙ
872 241 1008 309 LIVII

196 393 231 444 U.
242 391 273 444 c.
289 403 343 456 540·
353 389 363 421 ⁸
374 405 454 460 nrm,
471 394 507 447 ut
524 379 660 445 militum
676 379 778 447 officio
792 381 969 469 fungamur.
1016 379 1142 446 Bellum
1157 381 1191 445 in
1211 377 1326 445 Sicilia
1342 383 1412 445 iam

195 457 226 506 Α·
244 457 273 507 ⁰·
289 469 506 534 ²¹²·‘alterum
528 490 647 534 annum
668 469 792 555 ingenti
813 469 1037 533 dimicatione
1060 468 1177 532 eritur:
1207 469 1307 533 nrbes
1330 469 1414 532 alias

353 556 509 632 ‘Poenus
522 554 597 619 alias
613 554 777 619 Romanus
786 568 966 642 expugnat:
991 491 1145 642 peditum,
1157 555 1311 642 equitum
1323 556 1413 619 acies

353 650 580 707 ‘concurruntz
605 641 645 706 ad
668 641 835 730 Syracusas
854 655 936 707 terra
950 641 1092 729 marique
1106 663 1156 706 res
1173 643 1319 728 geritur:
1344 641 1414 706 cla-

353 737 490 794 ‘morem
506 728 717 816 pugnantium
737 730 957 817 crepitumque
973 751 1129 793 armorum
1145 727 1346 793 exaudimus
1361 751 1413 793 re-
1437 789 1438 814 1

353 815 458 881 ‘sides
473 815 533 904 ipsi
548 839 584 880 ac
599 835 720 902 segnes,
731 827 880 966 tanqpam
897 838 957 880 nec
972 835 1164 893 mannasse
1181 837 1273 880 arma
1287 815 1413 880 habea-

354 911 450 967 ‘mus
498 901 666 967 Servorum
683 902 801 1004 legioni
824 925 860 966 us
880 899 931 966 Ti.
947 901 1150 988 Sempronius
1170 901 1289 967 consul
1314 903 1413 966 toties

353 989 435 1053 ‘iam
450 1011 523 1055 cum
541 989 630 1054 hoste
649 989 746 1076 sigms
766 987 886 1053 collatis
904 989 1066 1076 pugnavit.
1113 987 1243 1076 Operae
1264 989 1412 1076 pretium

354 1075 500 1153 ‘habent
528 1075 707 1140 libertatem
731 1075 963 1162 civitatemque.
1008 1073 1073 1140 Pro
1096 1075 1194 1140 servis
1217 1075 1341 1140 saltem
1372 1075 1438 1139 sd¹

354 1161 433 1226 ‘hoc
448 1159 567 1228 bellum
578 1163 693 1250 emptis
704 1162 916 1227 nobissimus:
940 1185 978 1227 co
1081 1160 1175 1226 ‘cum
1190 1162 1288 1227 hoste
1302 1162 1411 1238 liceat,
1437 1217 1438 1250 Ξ

354 1257 405 1314 ‘et
419 1247 592 1336 pugnando
607 1271 758 1335 quaerere
774 1248 959 1313 libertatern.
1040 1248 1117 1312 istu
1136 1249 1228 1325 mari,
1246 1250 1298 1313 vis
1315 1265 1411 1325 tem,
1437 1263 1438 1266 ’

354 1335 419 1400 ‘vis
437 1335 514 1412 acie,
529 1335 576 1400 vis
595 1335 726 1399 urbibus
743 1333 964 1424 oppugnandis
984 1333 1121 1424 experiri
1141 1334 1327 1400 virtutem?
1351 1335 1411 1400 As
1437 1349 1438 1372 ³

354 1420 864 1510 ‘perrimaquaequeadlaborem
918 1421 1116 1508 riculumque
1128 1421 1354 1509 deposcimus,
1368 1437 1410 1500 ut,

354 1508 460 1594 ‘quod
474 1508 515 1572 ad
532 1506 661 1573 Cannas
674 1507 857 1573 faciundum
872 1445 942 1586 bit,
981 1528 1054 1573 uam
1068 1506 1207 1596 primum
1223 1507 1285 1574 fiat
1294 1533 1305 1586 ;
1333 1533 1410 1598 quo·
1437 1527 1438 1564 l

355 1595 471 1672 ‘niam‚
487 1593 640 1681 quicquid
714 1607 765 1660 tea
777 1595 923 1673 viximus,
939 1531 980 1660 id
993 1617 1087 1660 omne
1101 1593 1305 1660 destinatum
1322 1598 1331 1611 '
1380 1621 1410 1660 o
1437 1615 1438 1678 j

256 1679 286 1745 7.
355 1681 489 1745 ‘minias
505 1681 572 1744 est’
617 1680 662 1746 Su
694 1681 773 1746 baec
788 1679 872 1746 dicta
887 1681 928 1746 ad
942 1705 1047 1769 genua
1062 1679 1208 1746 Marcelli
1224 1619 1438 1769 procdbbe·l

198 1767 327 1842 Aduena·
354 1779 437 1832 runt
485 1765 655 1832 Marcellus
683 1767 718 1832 id
746 1790 806 1833 nec
835 1767 920 1846 iuris,
950 1792 1010 1834 nec
1039 1769 1203 1856 potestatis
1229 1791 1314 1836 suae
1347 1794 1410 1835 esse
1437 1771 1438 1830 i

197 1836 339 1942 qqqpeno-
354 1853 445 1919 dixit
493 1853 624 1920 Senatui
641 1855 830 1942 scripturum
848 1877 891 1933 se,
910 1853 1078 1943 omniaque
1100 1853 1140 1919 de
1163 1854 1336 1922 sententia
1354 1857 1411 1921 Pe·
1437 1875 1438 1906 ³

354 1951 438 2006 trum
453 1939 608 2006 facturum
624 1963 699 2006 esse.
747 1940 819 2007 Hae
834 1941 942 2007 literae
953 1943 995 2006 ad
1009 1965 1106 2007 novos
1121 1941 1409 2017 consulendam,

354 2049 391 2093 ac
411 2049 470 2116 per
491 2050 545 2092 eos
566 2027 601 2092 in
623 2040 734 2093 senatu
755 2029 903 2094 recitatae
925 2041 1016 2094 sunt:
1040 2027 1273 2116 consultusque
1298 2030 1344 2096 de
1368 2029 1410 2094 his
1437 2033 1438 2086 l

198 2114 508 2195 santusaliterisia
521 2113 661 2180 decrevit
675 2129 817 2180 senatus:
843 2113 1099 2202 ‘Militibusqui
1112 2115 1154 2179 aa
1171 2113 1312 2182 (ranna
1328 2141 1409 2182 com·
1437 2099 1438 2156 i

198 2191 293 2235 ventas
356 2201 533 2266 ‘militones
568 2223 640 2266 suos
674 2217 852 2289 pugnantes
888 2201 1109 2280 deseruissent,
1138 2215 1296 2268 senatum
1334 2201 1410 2269 nibil

355 2287 491 2367 ‘videre2
516 2311 573 2352 cur
596 2288 773 2375 respublica
794 2287 1022 2354 committenda
1043 2289 1091 2353 sit
1139 2287 1173 2353 Si
1201 2284 1252 2354 M
1271 2287 1409 2356 Claudio

356 2374 553 2462 ‘proconsuli
568 2374 659 2439 aliter
677 2375 848 2453 videretur,
862 2375 989 2454 faceret,
1004 2375 1092 2463 quod
1112 2397 1129 2440 e
1144 2376 1320 2462 republica
1335 2377 1409 2442 fide·

356 2468 367 2499 ‘
397 2483 438 2524 ue
453 2481 511 2525 sua
525 2461 667 2526 duceret:
692 2461 770 2525 dum
784 2483 825 2527 ne
865 2461 1034 2526 uiseorum
1048 2482 1179 2526 munere
1190 2480 1338 2544 vacaret,
1353 2481 1423 2529 nent

356 2483 459 2611 ‘dono
474 2546 601 2612 militari
614 2547 739 2612 virtutis
753 2570 829 2636 ergo
840 2485 1021 2626 donaretur,
1030 2569 1094 2613 nen
1108 2547 1142 2612 in
1158 2548 1292 2615 Italiam
1305 2575 1408 2640 repor-

355 2641 505 2708 ‘taretun
521 2633 624 2698 donec
638 2633 736 2699 hostis
750 2633 786 2698 in
800 2647 883 2700 terra
898 2633 991 2701 Italia
1004 2637 1105 2700 esset’

400 2717 540 2783 Comitia
554 2719 670 2784 deinde
691 2744 711 2786 a
752 2735 873 2787 raetore
893 2723 1014 2787 urbano
1034 2720 1074 2786 de
1095 2735 1224 2787 senatus
1246 2725 1407 2790 sententis

354 2805 518 2893 plebisque
541 2805 622 2870 scitu
643 2820 718 2871 sunt
762 2808 865 2873 abita:
890 2807 1004 2896 quibus
1026 2809 1123 2873 creati
1146 2823 1223 2874 sunt
1246 2813 1407 2911 quinque

354 2892 415 2957 viri
436 2891 534 2957 muris
554 2892 690 2958 turribus
713 2915 753 2958 ue
773 2893 973 2960 reficiendis:
997 2909 1030 2960 et
1053 2894 1208 2960 triumviri
1234 2894 1334 2977 brni3
1360 2899 1406 2963 uni

355 2979 449 3045 sacris
464 2915 853 3082 conquirendisdonisque
906 2979 1096 3069 rsignandis3
1120 2981 1210 3046 alteri
1222 2983 1420 3051 reficiendis.=

355 3065 486 3132 aedibus
500 3047 659 3132 Fortunae
674 3079 707 3132 et
721 3079 829 3132 matris
844 3005 989 3135 lisitanae
1004 3067 1087 3134 intra
1103 3082 1229 3156 portam
1247 3068 1405 3137 Carmen·

355 3152 460 3230 talem,
476 3153 580 3219 sedet
597 3152 672 3241 Spei
687 3167 777 3218 extra
790 3165 922 3242 portam,
938 3177 1019 3243 quae
1033 3156 1137 3243 priore
1152 3177 1240 3220 anuo
1255 3157 1406 3225 inccndio

354 3255 559 3328 consumptae
574 3240 707 3306 fuerant
1410 3254 1419 3302 t

399 3325 618 3414 Tempestates
639 3325 751 3392 foedae
774 3325 871 3393 fuere.
917 3327 957 3393 Iu
980 3325 1107 3394 Albano
1131 3341 1242 3394 monte
1269 3331 1404 3398 biduum

355 3412 556 3479 continenter
574 3413 731 3501 lapidibus
751 3413 840 3502 pluit
887 3412 987 3480 Tacta
1004 3415 1045 3480 de
1065 3416 1153 3481 coelo
1173 3415 1304 3483 multa:
1331 3418 1404 3485 dnae

355 3498 391 3562 in
414 3497 574 3588 Capitolio
596 3499 709 3566 aedes:
736 3501 853 3567 vallum
879 3501 913 3565 in
939 3501 1046 3567 castris
1072 3501 1179 3567 multis
1204 3501 1288 3569 locis
1318 3527 1404 3594 supra
1437 3497 1438 3592 l

358 3583 547 3664 Suessulam,
573 3599 607 3651 et
632 3587 697 3652 duo
723 3587 832 3675 vigiles
858 3587 1038 3654 exanimati.
1096 3587 1210 3654 Murus
1237 3603 1403 3680 turresque
1437 3595 1438 3640 l

389 3815 404 3857 4
419 3800 488 3847 Dum
503 3816 534 3848 ns
550 3803 605 3864 quis
617 3819 699 3852 corum
710 3819 811 3854 mnam
821 3819 862 3852 va·
926 3807 1033 3867 ssacrir
1041 3807 1211 3872 conquirendis
1221 3808 1349 3872 donisque
1357 3827 1403 3872 pm

356 3862 435 3921 wat]
453 3865 552 3912 Munus
568 3865 608 3912 bic
625 3871 661 3913 est
673 3881 735 3914 onus
748 3867 862 3927 militare,
894 3869 1033 3930 εἰρπαηᾰίε]
1058 3871 1237 3932 Conquirendis
1248 3875 1339 3933 sacris,
1351 3887 1401 3937 quar

357 3925 430 3985 quale
446 3931 491 3999 est,
507 3927 609 3989 lignum,
626 3929 733 3990 foenum,
747 3937 863 3992 stramen,
894 3932 991 3981 fuerant
1010 3933 1036 3981 in
1054 3935 1155 3982 aedibus
1173 3935 1205 3983 de
1224 3935 1322 3998 quibus
1341 3939 1401 3986 ints

358 4002 447 4048 aquam
467 4003 493 4037 m
510 3997 594 4063 'casua
615 3999 719 4054 portare,
739 4000 785 4044 etc.
829 3996 864 4044 Iis
896 3999 975 4058 priore
985 4013 1050 4046 anno
1061 3999 1172 4047 incendio
1183 4001 1337 4062 absumptis
1363 4007 1401 4051 lte

358 4055 441 4126 autem
450 4055 562 4103 oneribus
572 4057 807 4118 vacarequibusdam
819 4060 863 4107 mi·
895 4064 935 4110 nir
947 4065 1128 4124 persipnondt's,
1139 4062 1164 4111 id
1175 4071 1221 4122 eet,
1231 4079 1399 4128 recognoscere

358 4115 442 4190 litibus
463 4115 558 4192 uirtutis
579 4133 635 4194 ergo
656 4119 766 4170 dabatur.
809 4121 863 4173 Has
896 4125 933 4174 dis
951 4131 976 4174 et
991 4125 1016 4174 in
1033 4127 1130 4175 tabulas
1145 4127 1259 4190 publicus
1275 4131 1401 4180 retemtas

359 4185 434 4229 stram
445 4186 583 4256 respueres
598 4186 720 4234 interdum
734 4187 837 4248 pecnnia
848 4203 864 4236 a
895 4190 974 4250 donia,
985 4204 1048 4252 quae
1059 4191 1191 4240 oomndem
1207 4195 1362 4256 templomm
1373 4195 1399 4242 fo

358 4247 539 4296 centurionibus
564 4247 682 4298 redimere
707 4249 791 4300 solitos
812 4265 864 4301 ease
895 4260 955 4303 rent.
973 4255 1054 4304 Cart.

359 4309 448 4383 milites
459 4311 530 4359 docet
541 4312 601 4362 Tac.
614 4315 677 4364 Anu.
691 4314 706 4364 i.
721 4327 756 4377 17.
768 4322 793 4364 et
804 4317 863 4364 alibi
926 4317 1121 4384 sempera
1133 4321 1256 4382 sueram]
1285 4323 1317 4372 οἳ.
1336 4325 1397 4386 Supr-

358 4387 460 4434 saeprns.
478 4375 558 4425 Onus,
895 4381 959 4430 xxiv.
972 4393 1010 4442 47.
