3002 4798
393 166 489 234 LIB.
513 167 610 234 XXI.
641 167 752 234 CAP.
777 175 828 236 54.
1096 176 1138 235 49

89 303 187 383 Galli,
204 302 246 369 ad
260 325 331 369 eae
377 303 517 381 lorenda,
530 327 611 390 quae
626 302 733 382 vellet,
748 305 889 382 tutiores,
905 305 982 391 quia
996 304 1029 368 in
1045 303 1139 368 utris-
1148 320 1181 369 U.
1194 321 1223 370 c.
1237 335 1291 384 534·

86 415 150 491 que
173 391 283 456 castris
305 325 492 467 mlrpmbm
507 403 633 490 paratos
650 413 776 478 pugnae
791 413 858 456 esse
875 390 1038 456 Romanos
1052 387 1177 455 retu-A·
1193 385 1223 435 ⁰·
1236 387 1291 434 ²¹⁸·

86 477 216 555 basent3
239 477 344 542 locum
360 476 482 541 insidiis
496 490 756 564 cummspectare
768 475 897 542 Poenus
911 477 1024 564 coepit
1060 476 1139 542 Erat
1199 487 1250 548 54.

86 565 121 627 in
145 562 255 628 medio
279 563 374 639 rivus
397 562 544 649 praealtis
561 562 722 650 utrimque
745 563 869 629 clausus
892 564 978 649 ripis,
1002 576 1035 628 et
1055 564 1288 646 cinamomu-

85 651 209 715 obsitns
228 648 419 737 palustribus
436 649 542 713 herbis
557 662 599 726 et,
615 651 731 734 quibus
748 650 869 714 inculta
883 651 982 715 ferme
997 634 1213 746 vestino-⁸¹23
1225 635 1294 708 uan-

62 751 149 814 8tur,
167 735 314 822 virgultis
336 735 557 823 vepribusque.
606 734 713 810 Quem
736 737 792 801 ubi
812 737 916 826 equiti
938 758 983 822 qu
1027 759 1066 800 ue
1090 713 1267 824 telum&

127 823 194 887 ndo
207 823 285 922 satis
299 821 490 922 latebrosum
506 821 611 938 loqum
624 823 853 923 circumvectus
867 823 935 909 ipse
951 759 1050 887 oelllis
1064 845 1137 910 per-
1146 829 1203 874 crat.

86 919 231 1082 ”stt
240 906 548 1062 tnbtttdtftt
563 906 1137 1094 litttltttt‘tttt‘5tt

86 1081 228 1168 ‘quibus
241 1080 284 1145 ad
298 1103 350 1144 me
363 1079 472 1167 vigilia
491 1079 594 1167 prima
606 1101 722 1144 vemas.
769 1079 867 1144 Nunc
882 1101 1014 1167 corpora
1027 1103 1136 1146 curare

60 1176 237 1254 9‘tempus
251 1166 319 1232 est’
361 1163 413 1230 Ita
426 1164 619 1253 praetorium
635 1167 772 1230 mimum.
820 1165 901 1231 Mox
916 1189 990 1231 cum
1005 1165 1137 1231 delectis

84 1253 126 1317 M
211 1253 328 1318 aderat.
375 1250 526 1316 ‘Robora
542 1253 682 1318 virorum
699 1253 816 1330 cerno,’
829 1253 935 1340 inquit
951 1251 1134 1318 Hannibal:

84 1277 230 1416 ‘mugpm
251 1351 284 1403 et
303 1361 437 1402 numero
452 1337 557 1414 etiam,
573 1360 639 1402 non
661 1339 775 1403 animis
796 1339 901 1418 modo,
917 1339 1056 1415 valeatis,
1072 1339 1137 1403 sin-

85 1425 192 1513 ‘gulis
205 1419 295 1494 vobis
309 1445 450 1488 novenos
472 1445 512 1487 ex
536 1424 647 1488 turmis
661 1424 893 1511 manipulisque
907 1425 1004 1492 vestri
1018 1424 1136 1488 similes

85 1521 95 1552 ‘
106 1513 227 1600 eligite.
275 1509 374 1596 Mago
388 1509 494 1574 locum
509 1510 704 1588 monstrabit,
744 1533 818 1575 uem
833 1510 1002 1575 insideatis.
1050 1509 1136 1576 Hos-

63 1607 95 1661 1‘
108 1613 176 1663 tem
196 1619 327 1662 caecum
345 1596 387 1660 ad
400 1596 458 1660 has
473 1595 548 1659 belli
562 1609 645 1660 artes
659 1535 834 1662 habeqbitis.’
879 1595 930 1662 Ita
944 1596 1030 1661 mille
1046 1597 1137 1683 equi·
1146 1613 1272 1664 Numidae

85 1685 173 1750 tibus
186 1683 329 1771 Magoni,
342 1681 428 1746 mille
443 1682 604 1769 peditibus
615 1682 759 1759 dimissis,
773 1681 937 1747 Hannibal
948 1684 1050 1770 prima
1064 1681 1136 1748 luce
1145 1678 1290 1752 obeqpitant

84 1769 249 1835 Numidas
263 1770 396 1856 equites,
413 1767 619 1854 transgressos
634 1768 785 1834 Trebiam
804 1769 935 1846 flumen,
951 1743 1291 1856 obequitareffl-,gffl'

83 1857 177 1922 iubet
196 1855 335 1921 hostium
355 1855 464 1942 portia,
480 1853 711 1941 iaculandoque
732 1855 768 1919 in
790 1856 939 1920 stationes
961 1855 1074 1920 elicere
1096 1855 1138 1920 ad

84 1964 230 2032 pugnam
250 1943 393 2006 hostemr
418 1941 536 2006 iniecto
553 1941 670 2005 deinde
692 1942 874 2019 certamine,
898 1941 1043 2006 cedendo
1065 1964 1137 2006 sen-

84 2031 147 2094 aim
177 2029 257 2094 citra
284 2029 405 2092 flumen
475 2027 624 2091 rtrabere.
679 2026 769 2091 Haec
799 2027 950 2092 mandata
975 2024 1135 2091 Numidis.

86 2115 216 2181 Ceteris
230 2114 365 2179 ducibus
445 2114 524 2178 'tum
539 2113 747 2200 equitumque
762 2125 977 2201 praeceptum,
993 2126 1029 2176 ut
1043 2135 1137 2199 pran-

84 2202 164 2268 dere
188 2223 299 2267 omnes
319 2199 483 2265 iuberent:
508 2211 643 2264 armatos
664 2198 793 2277 deinde,
811 2199 1014 2285 instratisque
1036 2198 1137 2285 equis,

84 2289 215 2376 signum
230 2299 421 2387 exspectare.

134 2373 349 2461 Sempromus,
365 2372 406 2437 ad
425 2372 597 2437 tumultum
619 2370 833 2448 Numidarum
852 2371 990 2458 primum
1009 2391 1138 2436 omnem
1146 2383 1282 2459 flumas¹

84 2462 277 2550 equitatum,
289 2460 379 2546 ferox
390 2481 428 2523 ea
437 2471 526 2546 parte
538 2458 663 2536 virium,
675 2457 791 2522 deinde
803 2477 859 2524 sex
870 2457 971 2522 millia
980 2457 1136 2545 peditum,
1146 2464 1201 2523 ¹²¹⁰!
1212 2449 1295 2497 “¹²¹⁰st

61 2559 248 2637 apostremo
270 2568 380 2612 omnes
401 2545 508 2631 copias
529 2544 584 2609 ad·
596 2544 789 2610 destinatum
812 2545 875 2608 iam
897 2555 971 2608 ante
994 2527 1236 2623 consiliam

84 2633 200 2699 avidus
221 2632 411 2708 certaminis,
435 2630 554 2695 eduxit
602 2630 680 2695 Erat
701 2632 782 2695 forte
804 2631 934 2696 brumae
956 2642 1083 2717 tempus
1104 2643 1137 2696 et

84 2719 201 2784 nivalis
221 2718 290 2784 dies
308 2713 344 2782 iu
361 2717 438 2783 locis
454 2715 592 2803 Alpibus
610 2717 848 2804 Apenninoque
865 2716 1049 2795 interiectis,
1064 2740 1138 2805 pro-

108 2805 268 2893 inquitate
289 2804 385 2870 etiam
406 2803 575 2868 fluminum
597 2824 634 2866 ac
655 2803 820 2890 paludium
838 2803 1034 2890 praegelidis.
1082 2802 1138 2867 Ad

84 2830 149 2957 boc
164 2891 280 2978 raptim
294 2889 418 2955 eductis
437 2889 619 2954 bominibus
636 2901 732 2989 atque
750 2891 851 2976 equis,
866 2912 932 2954 non
951 2901 1045 3038 capto
1063 2903 1137 2954 ante

85 2979 170 3056 cibo,
186 2999 252 3042 non
267 2999 327 3065 ope
337 2975 403 3041 ulla
416 2975 458 3042 ad
472 2972 645 3040 arcendum
655 2974 753 3062 frigus
768 2975 919 3052 adbibita,
929 2975 986 3039 nih
1025 2975 1137 3040 caloris

61 3065 208 3140 sincratr
225 3076 259 3128 et
267 3062 421 3151 quicquid
435 3084 530 3128 aurae
540 3061 681 3126 fluminis
690 3059 996 3148 appropinquabant,
1011 3057 1138 3127 afflabat

86 3149 191 3216 acrior
215 3149 339 3237 frigoris
362 3149 419 3213 vis.
477 3147 525 3213 Ut
550 3169 626 3212 vero
651 3147 842 3233 relligientes
869 3145 1028 3211 Numidas
1053 3148 1137 3212 inse·
1146 3161 1246 3212 eadunt

87 3249 226 3324 quentes
239 3258 355 3324 aquam
365 3234 499 3321 ingressi
510 3231 594 3309 sunt,
606 3232 655 3318 (et
669 3245 737 3314 erat
751 3229 931 3319 pectoribus
940 3244 1033 3297 tenus
1044 3246 1139 3298 aucta
1146 3225 1280 3310 numme.

87 3336 246 3388 nocturno
254 3321 365 3407 imbri)
379 3333 448 3385 tum
458 3320 569 3406 utique
579 3318 712 3405 egressis
721 3317 823 3403 rigere
838 3318 1032 3398 omnibusco
1092 3341 1137 3396 ra,

88 3422 125 3473 ut
139 3409 194 3474 vix
208 3407 367 3474 annorum
382 3405 594 3470 tenendorum
608 3404 751 3491 potentia
765 3415 878 3478 essent,
896 3414 929 3466 et
943 3402 1037 3467 simul
1063 3405 1138 3469 assi·

90 3663 243 3714 committere
259 3667 383 3712 cartam
398 3661 418 3710 ai
435 3664 568 3710 conaretur
584 3672 599 3706 a
633 3667 654 3707 t.
666 3655 746 3710 Gaas.

91 3727 220 3786 Romanis,
228 3731 336 3790 cuperet
346 3724 429 3776 Danu
447 3721 560 3786 πράττειν
567 3740 598 3772 τι.
667 3737 676 3770 ι
695 3723 769 3771 Mille
776 3721 897 3784 equitibus
905 3722 1022 3783 Maponi]
1033 3721 1057 3772 h.
1065 3739 1086 3772 e.
1099 3722 1137 3772 Ut

92 3791 192 3841 Pollii.
206 3801 243 3852 70.
631 3785 1063 3848 adMagonisrerbapraeatoessant.
1089 3787 1138 3836 Sed

123 3857 243 3930 8Equr'ta'
364 3854 475 3916 mundo]
490 3852 599 3913 itaquo·
632 3848 1138 3912 displicethocPeriron.,quicumMapoac

91 3918 269 3982 quecdtditSt
325 3917 386 3968 ,sed
402 3919 600 3980 equitesquoque
632 3913 762 3976 legendum
774 3912 884 3962 coniecit.

90 3984 192 4046 mendo
202 3997 234 4031 ex
251 3981 300 4031 fide
318 3978 425 4044 plurium
442 3993 494 4028 uss.
507 3978 600 4040 recepit
665 3991 678 4024 r
696 3979 891 4026 Addastinatum
899 3978 948 4024 iam
960 3979 1136 4037 amomum]

91 4047 199 4096 Belrkcr.
633 4041 728 4103 Supple
739 4045 871 4099 certamen,
881 4040 926 4088 nui
937 4039 1083 4090 dmtinatam
1095 4041 1138 4087 ab·

123 4125 139 4174 9
159 4112 317 4160 Praetorium
341 4110 452 4169 mimum]
497 4103 599 4155 Dimissi
631 4103 711 4153 soluta
719 4103 812 4153 dictum
823 4119 855 4152 ex
865 4118 933 4152 more
942 4103 1044 4152 liviano
1054 4102 1135 4153 merit.

91 4173 219 4238 praecipui
230 4174 330 4233 ducum,
341 4172 383 4235 qui
400 4171 425 4220 in
441 4169 599 4234 praetorium,
665 4182 679 4230 3
697 4170 819 4232 Quicquid
835 4183 913 4217 curae
923 4167 1051 4240 fluminiq]
1075 4165 1099 4214 h.
1117 4180 1139 4215 e.

90 4239 142 4287 aire
160 4238 347 4286 tabernaculum
365 4233 526 4298 imperatoria,
544 4248 599 4282 con·
633 4233 772 4290 Qrtuntum.
784 4231 815 4279 cf.
827 4230 945 4292 cuparii.
958 4242 1107 4292 gruum.

21 4299 23 4306 ’
91 4302 229 4350 veniebant.
244 4301 301 4350 vid.
310 4300 377 4362 Lips.
388 4299 419 4347 de
431 4297 486 4348 Mil.
495 4297 568 4346 Rom.
577 4312 599 4347 ι.

137 4383 212 4428 ton.
229 4384 263 4427 ll.
948 4376 966 4414 l}
