2944 4770
366 217 461 287 LIB.
486 219 614 286 XXVI.
649 220 760 288 CAP.
783 229 836 290 41.
1064 225 1125 291 327

77 357 201 444 firgam.
256 355 320 422 Per
344 379 483 422 aversam
554 369 635 422 rtam
660 357 799 436 emissus,
826 371 985 446 assumpto
1010 359 1124 424 comite
1135 375 1169 426 ΙΙ.
1181 377 1210 426 0.
1227 387 1281 437 54²·

79 442 241 531 Epicyde,
261 465 335 507 cum
359 443 467 531 paucis
551 465 635 508 mare
655 446 815 531 pervenit:
843 445 928 510 nacti
951 469 991 510 ue
1012 442 1164 534 oppa-⁸:
1176 441 1211 516 .0.·
1227 455 1280 490 ²¹⁰·

79 543 162 594 tune
185 552 316 617 parvum
336 530 506 618 navigium,
522 529 630 596 relicta
646 531 788 597 hostibus
805 531 920 610 Sicilia,
929 468 976 597 (de
991 555 1055 620 qua
1069 555 1126 620 per
1133 505 1223 618 ἓξὲξ
1229 506 1269 554 d*

78 631 133 680 tot
159 639 261 681 annos
286 629 439 682 cenatum
465 631 540 694 erat,
567 617 601 680 in
628 619 769 683 Africam
799 621 995 684 traiecerunt
1052 619 1126 684 Alia
1135 633 1231 686 Poenis.

78 703 258 768 multitudo
270 703 449 768 Poenorum
467 703 718 792 Siculorumque,
731 729 771 769 ne
785 719 904 770 tentato
916 707 1046 793 quidem
1058 729 1126 770 cer-

79 790 216 866 tamine,
233 812 332 876 quum
346 789 432 855 caeci
454 790 488 854 in
509 791 615 878 fugam
631 805 768 870 ruerent,
784 793 880 857 clausi
906 816 944 857 ue
960 793 1063 857 exitus
1078 815 1126 857 es·

78 889 167 953 sent,
190 877 272 940 circa
300 891 405 964 portas
431 899 528 942 caesa.
576 877 705 964 Oppido
729 893 856 966 recepto
880 817 1047 957 {acrinus
1069 880 1126 966 qui

79 963 193 1050 capita
211 986 316 1027 rerum
335 964 502 1051 Agrigenti
523 977 621 1042 erant,
638 966 731 1052 virgis
751 988 856 1031 caesos
879 967 980 1030 secnri
998 989 1125 1052 percus·

79 1051 144 1114 sit:
174 1064 295 1114 ceteros
314 1051 526 1136 praedamque
542 1051 703 1116 vendidit:
732 1075 857 1117 omnem
871 1053 1041 1204 pecuniam
1059 1053 1126 1116 Ro-

78 1159 172 1201 mam
193 1136 285 1202 misit.
331 1135 427 1201 Fama
447 1138 727 1225 Agrigentinorum
750 1139 847 1204 cladis
895 1139 1009 1204 iciliam
1027 1161 1127 1227 quum

79 1227 281 1310 pervasisset,
292 1225 399 1288 omnia
412 1240 541 1310 repente
554 1225 594 1288 ad
608 1225 768 1291 Romanos
779 1227 1017 1291 inclinaverunt
1050 1226 1128 1291 Pro-

80 1310 154 1374 dita
169 1309 257 1374 brevi
271 1322 345 1374 sunt
355 1311 467 1398 viginti
482 1312 615 1400 oppida:
639 1335 694 1376 sex
706 1313 738 1376 vi
751 1325 859 1401 capta:
882 1313 1059 1378 voluntaria
1072 1313 1129 1378 de·

77 1395 210 1462 ditione
231 1396 266 1460 in
279 1396 377 1460 fidem
391 1411 546 1463 venerunt
563 1399 603 1463 ad
624 1398 839 1499 quadraginta
888 1399 1031 1474 Quarum
1052 1400 1129 1466 civi·

81 1484 200 1548 tatium
215 1483 409 1571 principibus
423 1507 522 1572 quum
536 1507 594 1572 pro
610 1508 762 1574 cuiusque
777 1487 890 1552 merito
904 1486 1014 1551 consul
1028 1487 1130 1573 pretia

81 1592 270 1657 poenasque
285 1569 474 1648 exsolvisset,
490 1573 704 1660 coegissetque
726 1572 856 1650 Siculos,
873 1573 982 1661 positis
999 1572 1129 1638 tandem

81 1657 193 1733 armis,
208 1657 250 1720 ad
264 1679 374 1744 agrum
388 1657 556 1723 colendum
571 1659 692 1723 animos
711 1673 902 1738 convertere,
918 1671 954 1724 nt
968 1673 1050 1724 esset
1063 1683 1130 1724 non

80 1743 262 1808 incolarum
274 1743 368 1808 modo
383 1743 539 1810 alimentis
548 1744 698 1832 fi'ngisera
711 1746 823 1824 insula,
834 1746 891 1812 sed
906 1747 991 1812 urbis
1008 1747 1128 1811 Romae

83 1845 185 1918 atque
197 1828 317 1909 Italiae,
328 1829 363 1895 id
374 1830 460 1917 quod
471 1830 578 1895 multis
586 1855 678 1919 saepe
687 1833 925 1920 tempestatibus
934 1833 1061 1910 fecerat,
1073 1856 1130 1897 an·

82 1939 207 1983 nonam
221 1915 352 1992 levaret;
375 1917 415 1982 ab
427 1917 614 2006 Agathyrna
624 1919 817 1984 inconditam
833 1919 1070 1985 multitudinem
1081 1941 1130 1984 se-

83 2027 162 2069 cum
172 2003 208 2066 in
219 2001 342 2067 Italiam
354 2004 534 2069 transvexit.
575 2003 734 2080 Quattuor
744 2006 842 2070 millia
852 2005 1017 2070 bominum
1029 2018 1129 2083 erant,

84 2089 183 2156 mixti
204 2113 246 2154 ex
268 2089 355 2154 omni
375 2090 551 2156 colluvione
575 2091 709 2168 exsules,
729 2091 877 2169 obaerati,
898 2091 1043 2179 capitalia
1063 2093 1130 2156 ausi

83 2177 234 2266 plerique
243 2200 252 2254 3
276 2191 310 2241 et
317 2177 459 2263 quumin
471 2177 648 2242 civitatibus
657 2178 720 2242 suis
731 2200 767 2242 ac
778 2179 836 2243 sub
845 2177 968 2278 legibus
976 2178 1130 2256 vixerant,

85 2278 122 2330 et
135 2276 305 2350 postquam
320 2285 374 2328 eos
388 2286 428 2328 ex
439 2265 532 2329 variis
546 2263 647 2328 causis
660 2263 787 2329 fortuna
800 2265 909 2329 similis
924 2265 1132 2352 conglobave-

84 2363 139 2416 rat
153 2349 382 2438 Agathyrnam,
394 2373 452 2437 per
465 2350 628 2415 latrocinia
642 2374 678 2416 ac
692 2351 835 2440 rapinam
846 2350 1014 2417 tolerantes
1025 2352 1129 2418 vitan

86 2436 163 2502 Hos
188 2459 293 2523 neque
317 2436 496 2524 relinquere
523 2437 683 2502 Laevinus
705 2438 740 2502 in
763 2437 874 2516 insula,
901 2452 970 2503 tum
995 2438 1132 2526 primum

85 2545 176 2589 nova
187 2545 265 2610 pace
276 2522 479 2601 coalescente,
496 2524 582 2590 velut
596 2524 759 2590 materiam
773 2525 926 2590 novandis
939 2525 1042 2602 rebus,
1058 2527 1133 2590 satis

86 2623 197 2676 tutum
211 2621 296 2674 ratus
310 2625 373 2674 est:
397 2622 431 2674 et
445 2609 600 2698 Rheginis
615 2611 686 2676 usui
699 2612 797 2677 futuri
812 2625 902 2678 erant
916 2613 958 2678 ad
978 2611 1133 2700 populan-
1156 2614 1164 2624 '

87 2697 171 2762 dum
197 2695 359 2761 Bruttium
382 2719 502 2784 egum,
529 2711 683 2762 assuetam
708 2697 879 2764 latrociniis
908 2699 1133 2787 quaerentibus

87 2805 230 2848 manum.
277 2782 329 2861 Et,
341 2782 429 2870 quod
443 2783 484 2848 ad
501 2783 640 2849 Siciliam
655 2785 777 2865 attinet,
787 2809 826 2852 eo
841 2809 925 2852 anno
940 2785 1133 2851 debellatum

66 2983 80 3016 α
134 2955 178 3022 In
197 2954 353 3044 Hispania
372 2956 527 3045 principio
542 2958 623 3022 veris
641 2957 678 3022 P.
694 2957 810 3046 Scipio,
825 2959 958 3025 navibus
977 2958 1132 3035 deductis,
1189 2963 1241 3023 41.

90 3043 292 3130 evocatisque
314 3041 419 3108 edicto
442 3043 652 3110 Tarraconem
674 3045 829 3110 sociorum
851 3045 985 3122 auxiliis,
1003 3043 1133 3110 classem
1143 3044 1279 3108 Hispaniae

89 3129 314 3217 onerariasque
328 3130 443 3194 ostium
457 3130 533 3196 inde
554 3130 638 3196 Iberi
652 3131 791 3196 fluminis
805 3144 912 3218 petere
927 3131 1023 3195 iubet
1070 3123 1187 3195 Ea*

90 3216 168 3282 dem
189 3215 329 3316 legiones
350 3237 392 3280 ex
413 3216 553 3282 hibernis
574 3218 742 3282 convenire
764 3240 862 3304 quum
884 3217 1039 3283 iussisset:
1066 3217 1133 3304 ipse

91 3327 168 3368 cum
183 3325 325 3403 qumque
339 3302 477 3368 millibus
491 3305 647 3370 sociorum
666 3305 705 3369 ab
721 3304 900 3369 Tarracone
915 3304 1073 3392 profectus
1093 3303 1134 3369 ad

91 3404 270 3455 exercrtum
290 3402 346 3455 est
394 3389 469 3466 Quo
487 3414 586 3478 quum
605 3391 750 3468 venisset,
771 3389 832 3456 allo
855 3390 977 3456 uendos
997 3391 1133 3456 maxime

91 3489 216 3542 veteres
230 3477 356 3554 milites,
371 3478 427 3578 qui
447 3478 541 3542 tantis
554 3477 772 3566 superbierant
786 3415 936 3556 cladibus,
948 3489 1043 3555 ratus,
1058 3499 1135 3542 con·

93 3564 186 3628 eione
200 3563 360 3641 advocata,
376 3577 421 3628 rta
434 3563 596 3628 dissertrit:
623 3563 749 3630 ‘Nemo
766 3577 840 3628 ante
855 3587 905 3628 me
920 3586 1020 3628 novus
1034 3563 1135 3651 impe-
1144 3581 1264 3646 Scipionis

94 3659 199 3716 ‘rator
220 3649 372 3715 militibus
393 3649 456 3715 suis
475 3651 572 3737 prius,
588 3673 683 3738 quam
704 3673 800 3738 opera
818 3672 927 3716 eorum
949 3671 1024 3716 usus
1044 3649 1263 3730 esset⁰¹tl³⁰⁸d

95 3735 232 3826 ‘gratias
246 3759 338 3824 agere
347 3737 415 3801 iure
429 3759 466 3801 ae
480 3737 594 3801 merito
604 3737 715 3824 potuit
761 3737 917 3802 Merobis
930 3737 1027 3825 prius,
1039 3759 1135 3824 quam
1144 3714 1241 3764 mmm

95 3822 311 3911 ‘provinciam
325 3833 381 3888 aut
394 3835 494 3888 castra
503 3821 653 3901 viderem,
662 3823 813 3910 obligavit
820 3823 963 3889 fortuna:
987 3825 1134 3912 primum,

96 3908 207 3997 ‘quod
230 3932 270 3974 ea
290 3909 407 3996 pietate
433 3933 508 3998 erga
529 3923 652 3998 petrem
679 3924 890 3999 patruumque
920 3932 1027 3976 meum
1050 3911 1136 3977 vivos

97 4004 323 4083 ‘mortuosque
346 3997 465 4062 fiands:
498 3996 624 4075 deinde,
648 3998 735 4084 quod
764 3999 909 4064 amissam
932 4011 1019 4064 tanta
1047 3998 1136 4064 clade

97 4187 189 4238 locutio
199 4189 324 4239 Drakanb.
333 4187 436 4248 videtur,
444 4190 486 4252 qui
496 4191 540 4239 cab
552 4191 603 4240 ictu
634 4193 721 4242 discere
729 4195 893 4244 eteabdaoere
903 4197 1064 4256 opponuntur.
1089 4191 1137 4240 De·

98 4255 193 4302 related
204 4255 278 4303 ntum
290 4253 378 4302 Latine
391 4254 472 4317 potius
482 4253 531 4302 dici
542 4255 603 4303 rnlt.
635 4257 841 4307 ducanturnares
851 4258 876 4307 in
886 4259 1138 4320 mare,rubducuatttr

99 4316 240 4367 Perizonius
251 4319 283 4366 ad
293 4319 383 4366 iactum
395 4319 435 4368 att
447 4317 558 4367 coniecit
637 4319 663 4370 in
673 4319 772 4372 siecum.
788 4323 869 4373 Usar.

130 4382 270 4431 aNovt'broe
280 4383 400 4444 Marde]
413 4383 444 4433 In
455 4397 529 4434 mare.
555 4385 603 4434 De·
