2866 4770
361 261 425 325 546
752 253 864 320 ΤΙΤΙ
892 253 1029 320 LIVll

209 404 283 455 uc.
299 403 456 467 55r.‘ante
477 393 577 458 ictum
599 405 690 468 esset,
712 389 918 456 fefellissent?
945 391 1009 456 Per
1033 388 1179 466 eosdem}
1199 389 1284 476 inquit
1299 389 1350 454 tta

206 473 237 518 A.
254 469 283 519 ⁰·
300 483 354 520 ²⁰¹·
365 478 488 556 drubal,
505 487 515 517 ‘
523 478 580 566 qui
596 489 661 542 tam
675 477 782 542 infesti
796 491 872 542 aunt
885 477 1015 542 foedera
1029 475 1228 542 nolanfibue’

247 571 306 632 43.
409 563 574 630 Inclinatis
585 564 729 629 omnium
740 563 782 629 ad
793 586 905 652 pacem
916 563 1041 641 animis,
1052 562 1114 628 Cn.
1125 561 1351 636 Ientulnteourl

208 663 324 713 plebisci-
366 653 418 717 cui
433 651 539 716 classis
553 651 716 738 provincia
726 665 803 728 erat,
815 649 1088 716 senatusconsulto
1098 649 1265 714 intercean't
1298 648 1350 712 Tm

207 729 303 840 ‘¹¹2⁶‘
367 738 423 804 Μ’.
437 737 561 802 Acilius
576 749 609 802 et
627 737 668 812 Q
682 736 848 802 Minucius
863 735 1095 824 tribuniplebis
1109 736 1151 800 ad
1164 734 1293 824 pqmlnn
1302 733 1351 798 tale

208 807 239 854 ⁹⁰
269 827 275 842 '
366 837 452 902 runt,
469 823 628 900 ‘Vellent,
641 825 829 888 iuberentne
845 835 991 888 senatum
1005 822 1230 900 decernerent
1241 819 1351 885 muta

369 919 378 950 ‘
390 909 641 998 thaginiensibus
762 909 872 985 lieret3
902 922 936 974 et
964 931 1062 995 quem
1090 931 1163 974 eam
1190 929 1283 996 pacem
1299 906 1351 980 dar,

368 1006 550 1084 ‘quemque
573 1019 615 1060 ex
638 997 748 1060 Arica
769 995 927 1060 exercitus
946 995 1113 1082 deportare
1136 994 1294 1060 iuberentl'
1321 991 1352 1054 lte

426 1105 455 1160 e,
472 1084 518 1147 uti
533 1096 704 1169 rogassent,
720 1103 832 1146 omnes
847 1081 947 1146 tribus
959 1082 1137 1146 iumen-unt:
1161 1101 1260 1168 pacem
1271 1077 1351 1144 daeP.

411 1171 561 1256 ipionem,
574 1168 713 1232 eundem
725 1168 883 1234 exercitus
894 1168 1070 1255 deportare.
1118 1167 1171 1232 Er
1180 1168 1236 1232 hac
1244 1167 1352 1252 rogabat

219 1255 225 1284 ¹
271 1275 277 1289 ·
367 1268 495 1320 senatus
505 1255 656 1332 decrevit,
668 1267 705 1318 ut
719 1253 756 1318 P.
770 1253 877 1341 Scipio
892 1277 933 1320 ex
947 1253 1060 1320 decem
1070 1253 1242 1342 legatorum
1251 1249 1363 1317 mnas
1399 1329 1400 1336 ἵ

366 1363 478 1430 pacem
493 1363 566 1406 cum
586 1339 705 1428 populo
722 1339 988 1428 Carthaginiensi,
1004 1341 1122 1440 quibus
1141 1340 1255 1428 legibus
1270 1335 1353 1402 eiride
1399 1351 1400 1418 j

367 1441 464 1504 retur,
479 1427 605 1492 faceret.
652 1425 779 1492 Gratias
796 1425 914 1490 deinde
934 1425 1082 1490 Patribus
1103 1449 1197 1513 egere
1212 1421 1354 1508 cathagin-

367 1535 467 1590 enses,
488 1515 635 1600 petierun
673 1536 724 1590 ue,
739 1525 776 1577 ut
795 1512 855 1578 sibi
876 1514 911 1576 in
930 1512 1042 1578 urbem
1061 1507 1210 1590 introire,
1222 1525 1251 1576 et
1266 1508 1354 1592 coloqti

367 1621 440 1664 cum
456 1598 652 1664 civibussuis
677 1599 783 1676 iceret,
793 1599 851 1698 qui
865 1597 1353 1686 eaptiinpublicacmtodiaeaut-
1399 1585 1400 1660 f

367 1707 434 1750 esse
464 1684 499 1748 in
527 1685 566 1749 iis
598 1685 714 1772 partim
743 1707 942 1772 propinquos
970 1684 1154 1786 amicosque
1182 1707 1257 1761 suos,
1279 1679 1354 1747 noble

367 1771 535 1848 homines;
557 1771 674 1858 partim
693 1771 735 1836 ad
755 1793 835 1857 quos
854 1770 1004 1836 mandate
1016 1794 1037 1835 a
1049 1772 1235 1859 propmquis
1245 1771 1353 1834 tabam
1399 1771 1400 1778 ’

371 1855 498 1934 Quibus
526 1858 700 1934 conventis,
728 1879 828 1944 quum
856 1879 962 1922 mrsus
991 1871 1150 1944 peterent,
1176 1871 1211 1922 ut
1236 1856 1291 1932 a'bi,
1309 1872 1354 1938 qm
1398 1857 1400 1914 l

368 1943 497 2022 vellent,
527 1967 569 2008 ex
597 1943 637 2008 iis
665 1942 844 2008 redimendi
872 1955 1010 2030 potestas
1038 1943 1153 2020 fieret3
1182 1943 1252 2009 iuml
1274 1939 1355 2005 nonin

368 2030 480 2095 edere:
505 2044 547 2107 et,
559 2051 659 2116 quum
674 2028 830 2094 ducentos
843 2029 942 2094 ferme
954 2029 1095 2106 ederent,
1108 2025 1355 2096 aenamsuonulbtt

367 2117 487 2181 fectum
505 2129 563 2193 est,
581 2115 650 2180 ‘Ut
668 2115 764 2202 legati
785 2115 924 2180 Romani
944 2115 1099 2180 ducentos
1120 2139 1165 2182 ex
1181 2115 1355 2216 captitisqtt]t

370 2201 673 2290 ‘Carthaginienses
693 2202 823 2280 vellent,
845 2202 887 2267 ad
912 2200 950 2266 P.
964 2201 1155 2268 Cornelium
1179 2195 1355 2289 saponem

370 2287 532 2354 ‘Africam
547 2288 770 2376 deportarent:
795 2287 1042 2375 nuntiarentque
1063 2289 1104 2366 ei,
1121 2301 1169 2367 ut,
1184 2289 1209 2354 ai
1222 2310 1275 2376 par
1286 2303 1356 2378 cuttu·h

222 2382 245 2428 ³2·
256 2381 325 2432 ¹iaec
370 2376 495 2452 ‘nisset
511 2375 579 2439 sine
594 2375 698 2462 pretio
716 2397 770 2438 eos
787 2372 1103 2460 Carthaginiensibus
1121 2373 1277 2440 redderet’
1307 2367 1356 2432 Fet

367 2461 432 2562 alea
443 2484 544 2548 quum
559 2461 593 2524 iu
609 2460 751 2560 dfricam
769 2459 811 2524 ad
824 2460 937 2524 foedus
951 2459 1131 2560 feriendum
1149 2463 1196 2526 ire
1210 2460 1355 2524 iubenum:

366 2570 443 2697 u
460 2544 1366 2720 ultianus-,cumanam

368 2717 521 2782 ‘feriente
555 2720 601 2818 uti
623 2732 750 2805 praetor
775 2719 940 2784 Romanus
962 2718 1012 2784 his
1035 2719 1215 2806 imperaret,
1238 2731 1270 2782 ut
1288 2711 1366 2778 bedu:

369 2803 526 2881 ‘ferirent
552 2804 600 2868 illt
625 2817 803 2891 praetorem
828 2805 970 2890 sagmina
993 2807 1183 2891 poscerenff
1224 2791 1356 2870 ΗΜ
1397 2809 1398 2888 t

367 2912 469 2977 genus
483 2913 525 2955 ex
540 2913 611 2956 erce
626 2903 789 2977 sumptum
803 2889 872 2955 dari
886 2890 1044 2956 fetialibus
1058 2891 1148 2957 solet.

411 2975 462 3041 Ita
476 2976 598 3042 dimissi
615 2977 655 3041 ab
677 2976 781 3042 Roma
798 2975 1086 3064 Carthaginienses,
1102 2999 1204 3065 quum
1221 2978 1252 3043 in
1264 2971 1355 3040 Atrea

367 3064 529 3128 venissent
551 3063 593 3128 ad
618 3062 811 3150 Scipionem,
833 3062 949 3149 quibus
971 3076 1044 3128 ante
1066 3063 1189 3130 dictum
1212 3077 1255 3129 est
1271 3058 1356 3132 ΗΜ

369 3171 481 3236 pacem
496 3149 649 3214 fecerunt.
696 3147 804 3214 Neres
818 3150 936 3237 longas,
952 3149 1148 3238 elephantos,
1162 3135 1357 3238 perfugato

368 3237 459 3312 tivos,
484 3236 679 3322 captivorum
700 3247 850 3321 quattuor
871 3235 970 3301 millia
991 3235 1206 3302 tradidenmt:
1228 3237 1297 3300 inter
1311 3245 1357 3313 qna

371 3321 412 3396 Q
426 3321 597 3386 Terentius
607 3319 723 3386 Culleo
735 3321 938 3386 senatorfuit.
977 3321 1084 3387 Nares
1095 3314 1357 3410 provocasti-ltu

368 3405 498 3472 incendi
527 3408 625 3472 iussit.
683 3406 884 3494 Quingentas
912 3408 1007 3473 firisse
1037 3408 1140 3474 omnis
1166 3407 1287 3497 generis,
1309 3415 1357 3485 Ψ

226 3499 267 3534 ⁰0·
278 3501 360 3536 neves
368 3493 463 3558 remis
483 3507 662 3580 agerentur,
678 3493 810 3580 quidam
825 3493 971 3559 tradunt:
995 3516 1131 3581 quarum
1146 3503 1358 3582 conspeeunrt

368 3592 464 3679 pente
480 3579 665 3646 incendium
685 3593 751 3643 tam
773 3579 907 3667 lugubre
926 3579 1022 3646 fuisse
1042 3581 1168 3659 Poenis,
1183 3601 1271 3668 quam
1285 3575 1305 3640 si
1318 3585 1358 3634 tun

368 3687 436 3752 ipsa
462 3665 624 3753 Carthago
653 3665 786 3730 arderet.
833 3665 886 3730 De
914 3667 1055 3754 perfugis
1082 3667 1218 3753 gravim,
1243 3682 1318 3751 quam
1336 3651 1368 3714 dl?

401 3890 416 3936 8
433 3891 522 3939 Decem
541 3891 687 3952 legatorum]
712 3889 764 3946 (tut
785 3895 879 3938 veteres
946 3905 955 3938 1
980 3891 1100 3940 Verbera·
1157 3888 1272 3953 nmina]
1286 3881 1360 3937 ΜΨ

369 3953 425 4000 illos
438 3955 516 4002 decem
530 3957 630 4015 mmor,
645 3955 828 4065 seulpeineipas
842 3969 877 4004 ee
911 3953 927 4002 i.
940 3967 978 4014 ²4·

368 4015 443 4064 mas
464 4018 609 4067 maenum.
632 4018 664 4066 cs.
714 4017 791 4066 tour.
813 4017 830 4066 i.
853 4033 876 4065 n.
944 4032 957 4066 ι
975 4020 1081 4068 emm
1101 4018 1235 4076 emm]
1258 4015 1304 4062 ne·
1318 4008 1359 4055 ΒΦ

372 4080 425 4140 784.
661 4093 663 4096 ·
909 4095 966 4130 mua
976 4082 1131 4144 magistratus
1144 4097 1175 4132 ex
1188 4081 1279 4140 anh'qut
1287 4067 1360 4144 W

401 4157 417 4204 9
437 4145 470 4190 tu
478 4145 562 4204 privor
573 4144 666 4204 lapidee
677 4144 769 4202 muer]
787 4145 877 4192 Priuer
909 4145 940 4193 ef.
952 4160 1017 4208 supr.
1030 4145 1069 4194 vii.
1081 4159 1104 4206 3.
1126 4147 1174 4204 Qut
1182 4143 1360 4207 praetem-‘³⁸'

369 4203 434 4251 idem
447 4213 484 4252 eat
493 4221 523 4252 aa
534 4207 650 4266 eirtpuloe.
682 4207 790 4267 Lepidae
799 4209 878 4256 cilices
909 4210 948 4257 eit.

368 4265 404 4372 gie
426 4267 485 4374 diqlt
507 4269 554 4315 hoc
577 4269 640 4326 loco,
662 4275 690 4316 ut
711 4283 776 4330 supr.
799 4269 814 4318 i.
838 4285 876 4330 24.
943 4273 1013 4333 ³1²¹
1021 4275 1146 4335 persana]
1164 4272 1193 4321 et
1204 4271 1269 4332 sip.
1280 4263 1308 4314 ¹⁶·

387 4343 433 4375 oro
444 4345 464 4375 u
476 4345 519 4377 tce.
