2966 4778
341 174 403 234 144
723 165 836 231 ΤΙΤΙ
864 164 999 231 LIVII

181 322 215 374 U.
227 323 257 372 c.
273 321 328 385 536.
336 302 453 370 stibulo
462 303 567 368 euriae
577 300 802 389 profuderunt)
811 302 974 388 ingentem
984 300 1231 366 misericordiam
1243 301 1394 366 Pan-ibus

180 387 211 436 Α·
228 387 257 437 ⁰·
274 385 374 455 ²¹⁶·ac
384 389 504 477 populo
524 401 699 453 moverunt.
747 387 960 476 Consultique
976 388 1091 454 iterum
1107 411 1126 452 a
1140 387 1196 452 Μ’.
1210 387 1395 474 Pomponio

336 489 481 564 praetore
493 474 850 562 Patrescircumspectis
860 475 1007 539 omnibus
1021 475 1146 562 imperii
1158 475 1289 550 viribus,
1302 474 1394 538 fateri

337 563 449 639 coacti,
461 561 543 626 nihil
557 561 620 626 iam
634 561 818 648 longinquis
829 561 922 626 sociis
936 561 971 624 in
986 583 1019 626 se
1030 561 1179 648 praesidii
1196 584 1276 638 esse,
1288 560 1394 624 redire

337 650 479 726 domum,
492 648 621 735 fideque
633 647 674 711 ad
686 646 834 712 ultimum
843 647 981 734 expleta,
991 647 1156 712 consulere
1166 647 1295 711 sibimet
1311 647 1396 734 ipsos

338 736 373 800 in
393 735 552 821 reliquum
574 736 733 821 praesenti
754 735 881 798 fortuna
896 734 1062 798 iusserunt.
1109 732 1201 798 Haec
1222 748 1416 820 postquams

338 822 520 887 renuntiata
537 821 653 908 legatio
671 820 825 885 Petelinis
840 833 897 896 est,
914 833 1020 884 tantus
1035 841 1068 884 re
1093 833 1166 884 ente
1189 843 1318 884 maeror
1340 843 1396 907 pa·

337 931 457 996 vorque
472 921 617 972 senatum
633 929 743 972 eorum
758 907 852 994 cepit,
865 919 901 972 ut
915 929 987 993 pars
1001 843 1215 994 proliigiendi,
1225 930 1293 993 qua
1308 907 1396 993 quis-

338 1019 401 1082 que
455 1008 546 1071 osset,
574 1017 611 1058 ae
640 993 834 1058 deserendae
864 993 950 1056 urbis
979 1006 1123 1058 auctores
1151 1005 1278 1070 essent3
1297 1015 1395 1144 (ἕως,

338 1018 468 1169 quando
497 1080 614 1146 deserti
644 1103 664 1144 a
686 1079 845 1144 veteribus
870 1079 962 1143 sociis
991 1091 1106 1156 essent,
1129 1079 1296 1166 adiungen
1323 1081 1331 1094 “
1363 1103 1396 1142 se

338 1168 451 1233 ceteris
467 1167 609 1243 Bruttiis,
622 1189 658 1230 ac
669 1188 727 1254 per
736 1189 790 1230 eos
801 1164 941 1230 dedendi
954 1164 1137 1230 Hannibali.
1183 1165 1275 1230 Vicit
1286 1179 1396 1231 tamen

339 1277 377 1318 ea
391 1275 472 1341 pars,
489 1276 571 1340 quae
586 1252 666 1322 nibil
685 1253 800 1340 raptim
815 1275 876 1316 nec
894 1265 1012 1316 temere
1036 1252 1206 1339 agendum,
1222 1252 1397 1318 consulen-

339 1339 481 1428 dumque
508 1339 548 1404 de
574 1339 700 1426 integro
723 1339 855 1403 censuit
902 1338 953 1402 Re
977 1337 1082 1403 laxata
1104 1353 1231 1425 postero
1259 1339 1316 1404 die
1342 1361 1417 1426 pers

339 1427 495 1490 minorem
516 1425 760 1512 trepidationem
781 1436 954 1489 tenuerunt
976 1425 1153 1512 optimates
1169 1439 1216 1502 ut,
1231 1427 1398 1490 convectis

340 1513 487 1578 omnibus
502 1535 543 1577 cx
558 1513 650 1598 agris,
666 1511 777 1576 urbem
793 1533 829 1574 ac
845 1533 951 1576 muros
966 1511 1137 1576 firmarent.

384 1598 447 1663 Per
462 1598 548 1662 idem
562 1598 628 1662 fere
644 1611 769 1684 tempus
784 1597 894 1662 literae
914 1619 955 1662 ex
973 1596 1081 1662 Sicilia
1097 1596 1312 1685 Sardiniaque
1331 1598 1399 1663 Ro-

341 1707 426 1749 mam
441 1683 561 1748 allatae.
607 1683 734 1748 Priores
748 1706 788 1747 ex
807 1683 914 1749 Sicilia
933 1682 972 1748 T.
987 1683 1117 1749 Otacilii
1131 1685 1351 1771 propraetoris
1365 1687 1399 1748 in

341 1783 454 1836 senatu
468 1771 616 1835 recitatae
628 1783 719 1834 sunt:
745 1779 755 1808 ‘
766 1769 803 1834 P.
816 1769 948 1833 Furium
960 1781 1137 1856 praetorem
1152 1791 1227 1835 cum
1238 1770 1343 1836 classe
1358 1794 1398 1836 cx

342 1856 474 1922 ‘Africa
488 1856 678 1944 Lilybaeum
687 1855 828 1921 venisse:
852 1857 956 2006 ippum
971 1856 1108 1943 graviter
1121 1857 1263 1922 saucium
1280 1858 1317 1921 in
1333 1858 1399 1922 dis·

342 1944 495 2008 ‘crimine
511 1943 625 2007 ultimo
634 1942 717 2006 vitae
733 1965 809 2006 esse.
897 1943 999 2007 ilitiet
1010 1941 1173 2008 navalibus
1184 1943 1278 2008 sociis
1286 1967 1399 2031 neque

342 2029 568 2117 ‘stipendium
581 2052 621 2094 ne
646 2052 686 2093 ue
697 2029 894 2093 frumentum
908 2027 950 2092 ad
961 2028 1047 2093 diem
1062 2028 1149 2107 dari;
1172 2052 1291 2130 neque,
1306 2031 1398 2095 unde

342 2115 463 2194 ‘detur,
491 2139 568 2182 esse.
654 2137 812 2215 agnopere
837 2114 980 2192 suadere,
1005 2128 1162 2201 utquam
1190 2139 1334 2202 primum
1361 2140 1400 2181 ea

343 2203 547 2280 ‘mittantur;
571 2201 704 2288 sibique,
726 2223 753 2266 sl
775 2201 821 2265 ita
841 2201 995 2278 videatur,
1020 2223 1061 2266 ex
1084 2202 1174 2266 novis
1196 2203 1399 2289 praetoribus

343 2298 572 2354 ‘successorem
587 2288 736 2352 mittant'
780 2285 966 2373 Eademque
981 2287 1079 2352 ferme
1097 2288 1138 2353 de
1154 2288 1317 2376 stipendio
1332 2289 1400 2354 fiu-

342 2388 515 2462 mentoquc
527 2375 567 2440 ab
578 2375 619 2438 A.
633 2372 785 2439 Cornelio
797 2371 975 2438 Mammula
982 2387 1184 2461 propraetore
1195 2397 1237 2440 ex
1248 2374 1401 2440 Sardinia

342 2461 467 2562 scripta.
514 2459 717 2546 Responsum
737 2460 889 2546 utrisque,
909 2482 975 2524 non
995 2483 1073 2537 cmc,
1088 2461 1175 2526 unde
1195 2460 1398 2527 mitoeretur:

343 2548 484 2633 iussique
514 2546 576 2633 ipsi
605 2545 755 2611 classibus
779 2557 876 2632 atque
906 2547 1098 2612 exercitibus
1129 2547 1194 2612 suis
1219 2547 1399 2614 consulere.

186 2647 265 2724 aliero
275 2649 317 2697 ad·
344 2633 384 2699 T.
397 2631 753 2709 Otaciliuaadunicum
764 2631 938 2697 subsidium
948 2633 1058 2732 populi
1068 2633 1206 2698 Romani
1216 2633 1401 2700 Hieronem

186 2713 316 2762 WB&
344 2719 464 2820 legatos
485 2740 586 2804 quum
608 2719 751 2795 misisset,
767 2719 801 2782 in
823 2719 1027 2807 stipendium,
1043 2721 1156 2806 quanti
1245 2723 1294 2785 nti
1316 2745 1339 2786 o
1364 2745 1402 2786 ns

185 2791 278 2826 ¹¹¹⁸¹¹⁰²
344 2805 413 2882 furt,
430 2815 463 2869 et
477 2827 533 2869 sex
549 2804 706 2869 mensium
717 2804 913 2869 frumentum
928 2806 1060 2892 accepit
1107 2805 1215 2871 Corne
1227 2807 1259 2871 io
1270 2807 1306 2872 in

186 2906 320 2983 Triumrtri
345 2891 434 2958 dinis
447 2891 589 2956 civitates
599 2890 701 2956 sociae
717 2890 855 2978 benigne
870 2891 1082 2956 coutulenmt
1129 2889 1173 2956 Et
1182 2892 1306 2958 Romae
1317 2918 1403 2994 qno-

186 2987 309 3022 mensam.
345 3002 408 3066 que
445 2989 553 3064 ropter
565 2976 731 3065 penuriam
746 2978 869 3078 argenti
884 2977 1039 3043 triumviri
1059 2980 1216 3056 mensarii,
1231 2993 1422 3067 rogationer

304 3125 309 3134 ,
346 3064 394 3130 Μ.
408 3002 547 3130 tiinucii
571 3064 689 3130 tribuni
713 3064 823 3151 plebis,
850 3064 934 3143 faeti,
959 3064 997 3128 L.
1011 3064 1170 3130 Aemilius
1195 3065 1315 3153 Papus,
1345 3069 1402 3156 qui

345 3150 457 3217 consul
483 3173 658 3238 censorque
680 3150 791 3227 tuerat,
814 3163 849 3214 et
874 3150 922 3216 M.
941 3151 1060 3215 Atilius
1083 3151 1239 3238 Regulus,
1261 3153 1322 3240 qui
1354 3155 1403 3220 bis

345 3237 457 3304 consul
471 3237 583 3314 firerat,
599 3251 633 3302 et
648 3237 686 3302 L.
703 3235 885 3302 Scribonius
900 3236 993 3314 Libo,
1005 3238 1066 3390 qui
1083 3249 1153 3302 tum
1168 3239 1318 3304 tribunus
1310 3241 1403 3392 Cple·

345 3325 395 3389 bis
409 3339 484 3389 erat
531 3323 576 3388 Et
589 3323 750 3389 duumviri
770 3323 877 3401 creati,
895 3323 942 3388 M.
955 3336 989 3388 et
1036 3323 1161 3402 .Atilii‚
1177 3325 1294 3390 aedem
1345 3350 1403 3392 on·

346 3410 482 3487 cordiae,
505 3433 602 3497 quam
629 3409 668 3474 L.
685 3409 828 3474 Manlius
875 3422 979 3475 raetor
999 3423 1136 3488 voverat,
1159 3410 1402 3479 dedicavenmt.
1475 3443 1476 3468 r

348 3497 392 3562 Et
404 3511 466 3562 tres
477 3497 644 3584 pontifices
658 3496 765 3574 creati,
780 3495 822 3571 Q.
866 3497 993 3562 aecilius
1009 3495 1171 3575 Metellus,
1181 3510 1214 3562 et
1228 3497 1270 3573 Q.
1284 3499 1404 3566 Fabius

348 3583 520 3661 Maximus,
546 3597 579 3648 et
610 3581 651 3658 Q.
665 3581 795 3647 Fulvius
825 3581 966 3660 Flaccus,
992 3582 1027 3647 in
1056 3583 1161 3649 locum
1191 3584 1229 3648 P.
1243 3584 1404 3652 Scantinii

348 3670 516 3747 demortui,
532 3682 565 3734 et
585 3669 624 3734 L.
639 3668 771 3734 Aemilii
793 3668 898 3733 Paulli
920 3670 1067 3748 consulis,
1082 3684 1117 3734 ct
1139 3669 1180 3746 Q.
1193 3671 1283 3736 Aelii
1298 3673 1403 3751 Paeti,

349 3758 405 3843 qui
420 3755 602 3821 ceciderant
616 3777 725 3842 pugna
741 3754 913 3820 Cannensi.

382 3979 398 4027 8
414 3981 448 4027 In
463 3981 584 4042 reliquum
598 3982 723 4041 praesenti
735 3982 855 4041 sabana]
889 3983 978 4031 artiori
993 3998 1107 4033 annonae
1123 3983 1178 4034 infr.
1192 3983 1259 4034 xxvi.
1272 4000 1314 4036 το.
1327 4003 1406 4052 oppo-

350 4043 392 4092 Its
402 4042 510 4093 Gronov.
519 4045 561 4092 sed
570 4043 677 4093 Crevier.
699 4047 727 4092 ἐπ
736 4047 857 4108 reliquam
889 4046 963 4095 nitur.

351 4107 575 4156 omittendnmfide
588 4108 650 4170 plur.
663 4108 717 4157 edd.
730 4113 821 4157 censet.
928 4125 938 4158 r
963 4112 1096 4160 Triamoiri
1112 4114 1242 4172 mouerit]
1270 4112 1347 4178 Supr.
1366 4117 1403 4165 rii.

382 4187 398 4235 9
414 4173 451 4220 Re
461 4172 559 4232 lavata]
587 4172 687 4220 Reiam
699 4173 857 4234 magisexpe
891 4187 929 4223 or.
940 4177 1097 4238 quinqueviri
1107 4179 1224 4225 macaris·
1236 4179 1315 4227 creati
1326 4187 1405 4238 eram,

351 4233 411 4293 dita,
423 4250 485 4295 quae
496 4241 549 4283 arta
559 4240 584 4284 et
595 4242 697 4298 angrmtu
708 4236 793 4284 luerat.
822 4236 858 4285 si·
891 4238 933 4284 ubi
957 4243 982 4286 et
1008 4239 1131 4301 negotium
1153 4255 1238 4288 eorum
1261 4245 1403 4304 exponitur.

351 4297 443 4346 militer
464 4301 544 4349 laztor
565 4315 665 4349 anam
686 4315 751 4361 supr.
775 4300 798 4348 ii.
820 4311 857 4362 52.
891 4301 998 4350 Sraors.
