2966 4778
357 212 452 280 LIB.
477 211 606 280 XXIV.
641 213 752 281 CAP.
776 222 806 281 2.
1050 219 1110 285 177

54 348 233 498 5ppobarent
241 363 436 417 constantem
446 352 554 431 fidem,
567 377 663 441 quam
674 356 838 441 probatam
848 357 931 420 tueri
940 355 1108 434 auderent3
1121 375 1155 427 U.
1167 377 1197 427 c.
1213 389 1268 440 537·

109 435 150 500 ud
165 435 261 500 dubio
277 437 311 501 in
325 439 463 525 speciem
478 463 634 506 consensu
648 442 685 505 fit
696 441 737 506 ad
753 440 879 506 Poenos
893 441 1022 508 deditio.
1069 443 1106 508 L.
1119 443 1149 492 A.
1166 443 1202 516 c..
1212 455 1267 517 215·

73 521 164 586 Atilio
182 523 340 609 praesecto
361 525 519 612 praesidii,
541 529 661 615 quique
682 551 755 593 cum
775 551 814 593 eo
832 528 949 594 milites
970 529 1109 595 Romani
1116 507 1245 619 {affl

72 622 162 686 erant,
178 609 259 674 clam
275 610 307 674 in
366 625 449 676 rtum
465 611 619 692 deductis,
630 628 725 702 atque
737 615 892 702 impositis
903 617 937 679 in
952 639 1057 695 naves,
1073 630 1224 684 utnmreo.

73 693 225 782 Rhegium
240 696 320 762 deve
344 711 482 776 crentur,
500 699 714 766 Hamilcarem
735 701 926 789 Poenosque
941 725 980 767 ea
998 704 1110 768 condi-

72 781 159 858 tione,
177 796 214 848 ut
236 783 346 849 foedus
366 785 528 873 extemplo
550 788 659 875 aequis
675 786 799 874 legibus
818 789 918 866 fieret,
941 789 975 853 in
997 791 1109 854 urbem

72 885 261 956 acceperunt
309 869 410 937 Cuius
425 873 471 937 rei
490 895 589 960 prope
604 896 670 938 non
687 887 808 940 servata
822 875 901 940 fides
916 875 1032 940 deditis
1052 889 1108 953 est,

71 975 161 1039 quum
182 956 313 1022 Poenus
337 957 411 1024 dolo
437 958 601 1024 dimissum
629 960 811 1025 Romanum
836 961 1012 1039 incusaret3
1044 962 1110 1027 Lo-

71 1062 186 1107 crenses
199 1043 374 1131 profugisse
383 1045 486 1133 ipsum
499 1061 709 1111 causarentur.
755 1046 895 1114 Insecuti
910 1049 1006 1114 etiam
1018 1049 1109 1136 equi·

71 1143 113 1190 tes
135 1143 218 1207 sunt,
244 1130 271 1194 si
293 1153 357 1218 quo
378 1155 453 1198 casu
474 1133 509 1196 in
530 1133 612 1198 freto
634 1147 739 1198 aestus
760 1135 884 1211 morari,
909 1148 964 1200 aut
987 1135 1108 1200 deferre

70 1235 156 1279 nares
170 1216 205 1279 in
220 1230 336 1281 terram
351 1231 464 1304 posset.
510 1219 555 1285 Et
568 1242 622 1284 eos
636 1219 777 1306 quidem,
793 1243 873 1308 quos
884 1223 1107 1308 sequebantur,

70 1321 128 1364 non
141 1315 216 1367 sunt
227 1303 348 1390 adepti:
373 1304 476 1369 aliasa
491 1305 639 1372 Messana
650 1306 840 1372 traiicientes
851 1307 933 1372 freto
945 1307 1107 1395 Rhegium

70 1408 156 1452 naves
184 1405 427 1490 conspexerunt.
473 1391 595 1456 Milites
623 1406 715 1458 erant
744 1393 893 1471 Romani,
920 1416 940 1458 a
970 1393 1108 1460 Claudio

70 1487 204 1622 qraetore
235 1477 322 1542 missi
351 1477 392 1542 ad
418 1478 623 1543 obtinendam
647 1481 758 1544 urbem
783 1479 948 1567 praesidio.
995 1479 1107 1568 Itaque

99 1559 135 1625 he
158 1563 188 1630 io
203 1563 366 1651 extemplo
382 1566 559 1630 abscessum
576 1577 632 1630 est
679 1565 891 1631 Locrensibus
909 1567 997 1631 iussu
1017 1567 1243 1645 Han-Legata

69 1585 174 1714 cibalis
188 1649 264 1716 data
277 1674 350 1738 pax,
367 1660 422 1716 ‘ut
436 1651 527 1718 liberi
539 1651 603 1716 suis
613 1650 643 1716 le
667 1651 736 1716 'bus
751 1653 909 1717 viverent:
935 1654 1008 1717 urbs
1018 1645 1211 1739 pate·cietatis
1223 1649 1260 1697 ³¹¹·

50 1739 79 1794 6‘
86 1750 131 1798 ret
140 1735 269 1814 Poenis,
279 1738 629 1826 portusinpotestatem
691 1738 848 1803 crensium
857 1751 951 1803 essct:
975 1740 1107 1805 societas
1116 1710 1259 1826 ffffiffi

70 1826 121 1886 ‘eo
140 1822 207 1888 iure
229 1837 335 1901 staret,
354 1836 391 1890 ut
410 1825 538 1890 Poenus
554 1824 756 1901 Locrensem,
773 1823 1003 1912 Locrensisque
1026 1825 1161 1891 Poe-sea

71 1913 157 1972 ‘num
171 1932 251 1998 pace
267 1933 304 1974 ac
318 1911 401 1975 bello
416 1911 556 1976 iuvaret’

109 1993 159 2061 Sic
188 2019 208 2060 a
233 1995 314 2061 freto
338 1997 440 2062 Poeni
463 1996 595 2074 reducti,
618 1997 827 2062 frementibus
854 1996 997 2075 Bruttiis,
1021 1997 1110 2084 quod
1178 2005 1207 2064 2.

71 2077 226 2168 Rhegium
240 2105 277 2148 ac
292 2083 420 2161 Locros,
431 2106 510 2170 quas
524 2085 618 2148 urbes
626 2083 805 2170 direpturos
820 2105 853 2148 se
864 2083 1108 2163 destinaverant,

69 2163 194 2234 intactas
208 2168 419 2256 reliquissent
466 2168 579 2256 Itaque
598 2192 657 2257 per
675 2191 708 2234 se
724 2170 735 2233 i
758 2171 794 2247 si,
811 2170 995 2256 conscriptis
1010 2193 1110 2235 arma·
1120 2185 1211 2234 Bruttii

69 2252 165 2340 lisque
190 2256 367 2321 iuventutis
392 2278 466 2320 suae
492 2255 676 2343 quindecim
699 2193 847 2333 millibus,
870 2255 911 2320 ad
936 2255 1110 2321 Cmtonem
1119 2251 1262 2376 diffide

1078 2357 1111 2407 et
1263 2352 1270 2366 '

67 2441 272 2493 mannmarn:
296 2427 467 2515 plurimum
487 2450 683 2494 accessurum
705 2428 827 2515 opibus,
843 2451 870 2492 si
890 2451 924 2492 m
942 2449 997 2494 ora
1016 2429 1111 2494 maris

66 2513 170 2579 urbem
194 2527 293 2602 portu
315 2537 353 2580 ac
376 2515 542 2580 moenibus
564 2514 700 2580 validam
724 2514 909 2592 tenuissent,
935 2514 1108 2581 credentes

67 2596 112 2664 Ea
131 2625 210 2666 cura
228 2602 374 2688 angebat,
390 2601 478 2688 quod
499 2625 604 2689 neque
626 2623 693 2666 non
715 2623 870 2666 arcessere
893 2601 935 2666 ad
956 2602 1111 2668 auxilium

47 2683 186 2753 7Poenos
208 2688 283 2752 satis
299 2687 468 2765 audebant,
484 2687 620 2774 nequid
638 2709 704 2752 non
723 2709 782 2775 pro
801 2687 892 2753 sociis
907 2689 1007 2775 egisse
1022 2689 1111 2755 vide-

65 2787 189 2840 rentur:
220 2787 262 2851 et,
288 2775 315 2838 si
341 2774 469 2839 Poenus
494 2797 600 2838 mrsus
625 2773 725 2862 magis
750 2774 867 2839 arbiter
891 2776 987 2862 pacis,
1014 2799 1111 2863 quam

66 2859 186 2926 adiutor
208 2860 294 2938 belli,
309 2861 429 2938 lirisset,
448 2883 488 2925 ne
509 2860 542 2924 in
562 2860 740 2925 libertatem
757 2860 916 2938 Crotonis,
933 2862 1014 2927 sicut
1036 2875 1111 2927 ante

66 2943 249 3025 Locrorum,
265 2947 380 3012 frustra
393 2959 595 3034 pugnaretur.
636 2946 749 3046 ltaque
765 2948 921 3035 optimum
936 2948 1038 3012 visum
1052 2963 1109 3025 est,

66 3032 103 3096 ad
118 3033 335 3100 Hannibalem
355 3033 440 3097 mitti
458 3032 588 3119 legatos,
603 3055 771 3119 caverique
792 3033 831 3097 ab
847 3056 896 3110 eo,
911 3046 948 3097 ut
965 3049 1111 3121 receptus

68 3117 163 3186 Croto
179 3120 377 3186 Bruttiomm
393 3133 483 3184 esset.
519 3117 681 3182 Hannibal
696 3140 796 3205 quum
811 3119 1024 3206 praesentium
1039 3143 1109 3185 eam

66 3206 327 3271 consultationem
353 3229 419 3272 esse
449 3204 671 3292 respondisset,
701 3217 735 3268 et
764 3205 805 3268 ad
832 3203 1026 3270 Hannonem
1056 3229 1110 3270 eos

46 3291 230 3370 traiecisset,
257 3295 297 3358 ab
324 3291 485 3358 Hannone
513 3291 593 3356 nihil
619 3292 699 3355 certi
729 3289 876 3356 ablatum.
923 3291 994 3355 Nec
1024 3293 1110 3358 enim

66 3375 157 3466 diripi
172 3379 322 3446 volebant
341 3378 480 3444 nobilem
495 3391 591 3464 atque
606 3377 789 3464 opulentam
804 3378 934 3441 urbem:
958 3390 992 3442 et
1005 3400 1110 3465 spera-

66 3463 149 3543 bant,
164 3489 265 3553 quum
281 3465 426 3530 Bruttius
444 3477 651 3552 oppugnaret,
667 3464 793 3529 Poenos
812 3487 872 3528 nec
892 3465 1035 3551 probare,
1051 3489 1110 3530 nec

66 3549 169 3617 iuvare
190 3575 260 3618 eam
284 3552 553 3704 oppugnationem
577 3563 751 3700 appareret,
776 3573 815 3615 eo
838 3551 991 3616 maturius
1013 3551 1109 3617 adse

66 3637 251 3706 defecturos.
328 3652 439 3704 rotone
455 3660 514 3703 nec
531 3637 619 3702 consi
632 3659 696 3701 rum
719 3660 819 3702 unum
835 3637 919 3701 inter
933 3636 1109 3724 populares,

68 2340 314 2442 oppugnandum
335 2355 473 2429 pergunt
494 2342 550 2420 ire,
576 2341 731 2406 Graecam
753 2356 786 2406 et
809 2341 908 2443 ipsam
932 2342 1054 2419 urbem,

98 3863 112 3911 5
122 3851 256 3899 Prodotam
266 3852 343 3911 nort]
362 3850 495 3912 propalam
506 3849 571 3896 locri
603 3847 668 3894 diam
678 3848 794 3896 bobilam.

66 3927 95 3960 cx
107 3915 203 3962 emend.
213 3913 324 3963 Walchii
334 3911 426 3975 recepit
437 3913 544 3962 Bekker.
637 3923 650 3972 7
661 3913 720 3960 Non
728 3927 775 3973 pro
784 3913 866 3971 mila]
884 3912 932 3960 Pro
940 3911 1011 3961 sociis
1017 3912 1110 3975 qnippe

97 3975 113 4026 6
128 3980 162 4026 In
172 3985 313 4040 potestatem
326 3979 483 4027 Locrensium
496 3977 569 4035 mast]
603 3980 656 4023 tum
668 3976 767 4023 demum
779 3975 945 4034 autumarent,
956 3975 975 4024 si
990 3979 1068 4026 socios
1083 3977 1108 4025 in

67 4039 176 4090 Similem
189 4041 306 4104 loquendi
317 4042 419 4090 formam
430 4041 479 4088 iarn
491 4041 570 4088 obser·
603 4045 684 4100 partes
695 4055 751 4088 suas
761 4038 918 4088 vocavissent.

67 4106 175 4154 ravimus
185 4122 249 4169 supr.
260 4106 285 4155 ii.
300 4120 336 4167 14.
359 4105 400 4154 Sic
410 4121 450 4167 ap.
462 4105 514 4154 cie.
526 4119 570 4166 pro
638 4105 653 4151 8
674 4105 747 4152 Nihil
766 4105 826 4151 certi
846 4105 967 4164 oblatam]
998 4107 1109 4152 Allatam

67 4167 119 4230 lege
135 4169 205 4220 Man.
220 4183 258 4232 33.
277 4174 306 4218 r'n
321 4171 473 4232 praedonum
488 4170 570 4229 suites
602 4167 658 4216 edd.
677 4172 735 4215 anto
755 4167 806 4214 Iac.
826 4166 933 4216 Gronov.
959 4169 1058 4216 chic.
1077 4169 1108 4216 ud

63 4240 211 4292 persalutare.
243 4235 342 4283 Terent.
355 4233 456 4282 Ennii.
469 4247 491 4280 2.
505 4233 571 4280 videt
602 4231 655 4279 stt.
667 4231 716 4278 xvi.
731 4229 768 4279 16.
785 4230 833 4291 Ep.
844 4231 876 4278 ad
891 4231 977 4279 Plane.
988 4233 1109 4280 acorem

66 4311 103 4344 ms
113 4313 164 4346 erac
175 4301 202 4347 ia
214 4305 311 4348 tontum
321 4299 441 4348 bonorem.
463 4295 494 4346 cf.
505 4311 571 4358 supr.
603 4295 796 4344 liberalissimum
812 4294 963 4342 abstulimus.
978 4300 1003 4342 et
1014 4295 1065 4343 Cic.
1077 4296 1109 4342 ad

67 4359 126 4407 xxii.
142 4373 180 4421 25.
196 4365 337 4410 Ms'nucr'om
354 4377 430 4424 prope
448 4361 476 4408 r'a
494 4367 571 4410 amto-
605 4358 663 4406 Dir.
674 4358 707 4407 iv.
720 4372 757 4406 rr.

111 4443 184 4489 VOL.
201 4445 235 4488 Π.
914 4439 936 4479 N
