3002 4798
193 359 338 486 litat:

194 489 284 538 Vetat
298 489 349 538 lta·

194 553 261 601 liam.

200 1569 266 1620 Inbrl
278 1569 313 1619 si-

199 1635 286 1710 bylliui
297 1633 333 1682 in·

200 1705 285 1763 specta

357 215 399 280 70
738 207 850 276 ΤΙΤΙ
881 207 1018 275 LlVII

357 370 433 436 que,
447 347 546 434 magis
560 345 602 410 sd
615 357 765 412 eventum
780 346 928 424 secundo,
940 369 1037 433 quam
1050 345 1114 410 levi
1129 358 1185 409 aut
1197 343 1293 422 facili,
1308 345 1407 409 affec-

358 448 417 500 tus.
464 433 530 499 Ubi
560 433 633 498 satis
662 433 763 520 quieti
786 433 906 511 datum,
932 432 1050 520 praeda
1079 455 1116 496 ac
1143 454 1187 518 po
1209 431 1432 496 ulationibuss

358 453 1431 694 aqmqatattbdalmps

359 709 392 760 et
402 693 551 781 Pelignos
565 694 715 771 devastat,
727 715 873 802 cncaipue
885 693 989 794 Arpos
1004 705 1038 757 et
1046 691 1214 757 Luceriam
1225 691 1405 778 proximam

360 780 497 868 Apuliae
518 781 688 868 regionem.
741 779 802 845 Cn.
822 779 970 844 bervilrus
992 778 1111 855 consul,
1134 777 1256 842 levibus
1277 777 1407 864 proeliis

360 890 432 933 cum
450 865 551 932 Gallis
573 867 659 946 actia,
675 881 708 932 et
727 889 792 932 uno
814 867 932 954 oppido
955 867 962 880 ‘
1010 865 1086 930 obili
1107 878 1300 952 expugnato,
1318 877 1407 950 post·

360 955 506 1043 quamde
521 953 659 1042 collegae
675 953 896 1053 exercitamque
906 975 960 1018 cae
984 976 1002 1017 e
1017 953 1148 1030 audivit,
1159 951 1222 1016 iam
1237 951 1406 1016 moenibus

359 1042 478 1142 patriae
490 1053 643 1117 metuens,
653 1062 694 1105 ne
706 1041 829 1105 abesset
843 1062 877 1104 ιιι
885 1039 1066 1104 discrimine
1076 1051 1229 1115 extremo,
1241 1037 1284 1102 ad
1293 1037 1405 1102 urbem

360 1141 421 1192 iter
435 1127 582 1192 intendit.
630 1125 670 1202 Q.
684 1126 800 1191 Fabius
815 1125 977 1191 Maximus
988 1125 1122 1191 dictator
1136 1125 1260 1200 iterum,
1270 1146 1337 1211 quo
1351 1125 1431 1188 dieo

361 1213 575 1300 magistratum
598 1213 680 1290 iniit,
694 1229 805 1278 vocato
823 1225 944 1292 senatu,
960 1214 1000 1277 ab
1015 1213 1075 1278 diis
1098 1233 1195 1289 orsus,
1211 1233 1312 1298 quum
1328 1210 1405 1274 edo-

360 1300 477 1368 cuisset
485 1299 605 1376 Patres,
615 1298 686 1386 plus
700 1298 894 1388 negligentia
907 1299 1165 1364 caerimoniarum
1177 1297 1407 1384 arrapiciorum·

360 1409 434 1474 que,
468 1386 726 1453 uamtemeritate
735 1401 831 1488 atque
842 1387 975 1464 inscitia,
1029 1383 1235 1450 ecatumaO.
1247 1383 1405 1448 Flaminio

362 1411 490 1538 conside
505 1497 582 1552 esse,
597 1496 744 1560 quaeque
757 1473 882 1561 piacula
901 1474 965 1537 irae
1003 1495 1077 1538 eum
1097 1485 1210 1548 essent,
1226 1471 1311 1557 ipsos
1328 1470 1404 1534 deos

362 1559 572 1626 concidendos
587 1582 672 1637 esse3
695 1559 836 1646 pervicit,
852 1573 898 1637 ut,
915 1559 1003 1646 quod
1018 1582 1085 1624 non
1098 1558 1196 1623 ferme
1210 1557 1404 1632 decernitur,

362 1647 423 1710 nisi
466 1667 542 1710 uum
564 1659 664 1711 taetra
707 1646 829 1734 rodigia
849 1645 995 1711 nuntiata
1016 1658 1098 1724 sunt,
1118 1644 1288 1710 decemvin'
1309 1641 1406 1708 libros

365 1670 534 1820 Sibyllinos
548 1732 634 1824 adire
650 1669 841 1798 tulerenmr.
890 1732 967 1810 Qui,
982 1733 1132 1820 inspectis
1145 1730 1291 1796 fatalibus
1308 1730 1403 1806 libris,

362 1817 538 1884 retulerunt
560 1819 715 1896 Patribus,
739 1820 845 1907 ‘quod
867 1820 935 1884 eius
956 1819 1031 1884 belli
1058 1841 1153 1884 causa
1172 1830 1283 1883 votum
1307 1816 1427 1883 Marti?

363 1905 472 1982 ‘foret
489 1905 523 1970 id
537 1927 602 1970 non
617 1905 676 1970 rite
691 1905 819 1982 factum,
834 1905 875 1969 de
890 1906 1015 1993 integro
1029 1918 1125 1993 atque
1140 1904 1274 1991 amplius
1287 1903 1406 1968 facien·

363 2001 374 2032 ‘
382 1992 459 2056 dum
471 2015 554 2057 esse:
579 2005 612 2058 et
626 1990 695 2056 Iovi
710 1991 801 2058 ludos
815 2013 955 2079 magnos,
965 2006 998 2057 et
1012 1992 1106 2058 aedes
1115 1991 1235 2056 Veneri
1248 1990 1404 2078 Erycinae

363 2088 420 2143 ‘ac
443 2078 548 2144 Menti
563 2079 722 2144 vovendas
743 2101 820 2157 esse,
836 2093 869 2144 et
883 2078 1144 2166 supplicationem
1162 2077 1405 2142 lectisternium-

364 2175 447 2254 ‘que
463 2165 657 2244 habendum,
669 2179 702 2231 et
716 2188 771 2230 ver
784 2187 907 2230 sacrum
920 2165 1110 2241 vovendum,
1126 2165 1151 2228 si
1165 2163 1318 2230 bellatum
1356 2181 1427 2228 roa

364 2261 473 2340 ‘spere
497 2267 587 2331 esset,
614 2275 726 2339 resque
749 2253 875 2340 publica
899 2251 933 2315 in
957 2251 1079 2328 eodem,
1104 2273 1170 2339 quo
1190 2263 1263 2316 ante
1287 2187 1405 2315 belum

364 2340 502 2416 ‘firisset
529 2352 613 2404 statu
637 2339 876 2425 permansisset'
926 2336 1071 2415 Senatus,
1094 2338 1245 2426 quoniam
1272 2337 1406 2404 Fabium
1469 2399 1470 2414 p

362 2424 438 2490 belli
461 2448 537 2490 cura
562 2438 752 2512 occupatura
774 2437 865 2502 esset,
892 2423 939 2488 M.
954 2425 1128 2490 Aemilium
1151 2436 1339 2511 praetorem,
1365 2445 1405 2486 ex

363 2511 487 2600 collegii
502 2511 689 2598 pontificum
703 2511 868 2588 sententia,
883 2511 990 2576 omnia
1004 2535 1043 2576 ea
1056 2525 1093 2576 ut
1109 2523 1230 2576 mature
1246 2511 1335 2588 fiant,
1351 2533 1427 2584 cuo

292 2642 301 2658 .
364 2620 431 2662 rare
461 2597 558 2662 iubet.
604 2597 666 2662 His
694 2597 971 2662 senatusconsultis
996 2597 1152 2686 perfectu,
1182 2597 1221 2663 L.
1236 2597 1406 2664 Cornelius

364 2683 522 2748 Lentulus
532 2682 677 2772 pontifex
692 2683 857 2762 maximus,
869 2685 1052 2750 consulente
1068 2683 1201 2772 collegio
1215 2697 1404 2773 praetorum,

364 2771 507 2836 omnium
521 2771 658 2858 primurn
673 2769 825 2858 populum
840 2770 1070 2836 consulendum
1087 2771 1127 2836 de
1142 2793 1215 2836 vere
1229 2793 1317 2838 sacro
1333 2793 1407 2836 cen-

364 2871 428 2926 set:
453 2857 573 2922 iniussu
598 2856 709 2944 populi
731 2858 837 2923 voveri
862 2879 928 2924 non
953 2881 1053 2946 posse.
1099 2857 1243 2945 Rogatus
1267 2858 1303 2922 in
1328 2858 1405 2922 haec

397 3093 412 3138 4
431 3079 480 3128 Ubi
497 3081 558 3129 satir
574 3081 662 3144 qutefi]
685 3081 828 3139 Quiettaex
844 3095 868 3130 e-
901 3080 962 3141 rius,
978 3080 1002 3129 id
1020 3085 1104 3129 sotum
1121 3079 1196 3130 Marti
1217 3080 1309 3128 factum
1325 3077 1405 3128 uriae

364 3143 445 3192 mend.
460 3143 568 3193 Gronov.
581 3145 749 3208 reponendum
765 3147 868 3194 suadent
901 3146 982 3194 Cnsv.

365 3207 435 3260 Grev.
448 3213 473 3256 et
484 3207 590 3260 Bekker.
932 3211 947 3258 8
970 3212 1016 3260 Ver
1025 3210 1134 3270 sacrum]
1155 3210 1325 3272 Quaecunque
1337 3223 1405 3270 pror·

397 3274 740 3336 5Gaudentid1oe‚prosectaa]
755 3275 868 3324 Gauden-
900 3272 951 3320 imo
971 3289 1026 3322 rere
1048 3280 1107 3322 nata
1123 3278 1203 3324 essem
1221 3273 1346 3330 animalia,
1363 3271 1406 3319 diis

365 3337 429 3384 tibae
444 3351 488 3399 pro
503 3337 610 3386 ablativo
624 3339 736 3386 absoluto
748 3337 868 3400 accipien-
901 3352 968 3385 sacra
986 3343 1061 3386 erant
1103 3338 1188 3394 Quum
1207 3353 1264 3386 reru
1286 3337 1406 3386 crudelius

365 3401 424 3450 dum
441 3406 523 3449 censet
540 3403 630 3451 Stroth.
652 3403 694 3452 sed
715 3403 791 3450 Drak.
812 3417 868 3450 cum
901 3400 1022 3450 videretur
1037 3401 1148 3450 homines
1162 3402 1306 3459 interficere,
1320 3401 1405 3455 adulti,

363 3467 487 3528 profectus
502 3465 625 3528 iungebat,
640 3466 707 3527 quasi
724 3467 817 3514 dictum
833 3481 868 3513 es·
901 3465 943 3527 qui
960 3465 985 3513 in
1002 3481 1031 3514 eo
1043 3481 1098 3514 rere
1113 3464 1164 3514 nati
1178 3471 1267 3524 esseut,
1278 3465 1341 3513 fines
1355 3479 1404 3512 mu-

365 3533 402 3578 set
412 3545 466 3578 cum
474 3531 637 3592 gaudentibus
645 3531 776 3592 profectas.
901 3535 953 3577 tare
964 3531 1041 3578 coacti
1053 3536 1116 3580 sunt.
1140 3531 1170 3578 cf.
1179 3531 1244 3578 Serv.
1256 3529 1288 3577 ad
1298 3531 1360 3578 Aen.
1367 3529 1405 3576 rii.

396 3592 412 3642 6
428 3595 540 3642 Dictator
550 3593 650 3652 lterum]
671 3593 762 3641 Fuerat
770 3593 868 3654 quidem
904 3591 955 3656 796.
974 3595 1061 3642 Festus
1072 3611 1110 3643 rr.
1127 3596 1173 3644 Ver
1183 3595 1293 3643 Sacrum.
1310 3599 1334 3640 et
1351 3595 1405 3640 Mu·

364 3658 469 3706 dictator
479 3657 564 3720 paullo
574 3663 631 3705 ante
646 3657 692 3705 hoc
709 3657 801 3705 bellum
812 3673 869 3706 cum
900 3661 1006 3708 mertini.
1024 3659 1049 3707 N
1051 3658 1127 3709 iebhr.
1138 3659 1155 3707 i.
1167 3674 1191 3707 n.
1204 3659 1257 3707 ado

365 3723 395 3771 C.
413 3720 535 3769 Flaminio
553 3721 666 3782 magiam
685 3721 811 3782 equitum
829 3723 871 3770 sed
935 3737 950 3788 9
968 3725 1056 3772 Omnia
1067 3740 1096 3774 aa
1107 3730 1135 3772 at
1148 3723 1405 3784 matarefioutcara-

365 3785 397 3832 ob
408 3790 536 3831 occentum
553 3783 635 3831 soricis
651 3784 761 3832 auditum
776 3801 801 3834 se
819 3801 870 3834 mu·
903 3789 943 3848 rc]
965 3787 1023 3836 Non
1035 3786 1132 3836 iubetur
1141 3788 1178 3836 M.
1187 3786 1308 3836 Aemilius
1319 3803 1348 3835 ea
1358 3799 1405 3834 oru-
1427 3817 1432 3830 .

365 3863 423 3896 nere
438 3847 601 3906 abdiutverat,
617 3853 645 3895 ut
661 3847 775 3896 Valerius
790 3850 871 3898 Maxi-
904 3849 944 3898 nia
961 3866 1005 3914 per
1020 3867 1046 3900 ae
1061 3851 1115 3914 ipse
1132 3867 1254 3914 peragere,
1268 3851 1310 3900 aed
1326 3865 1406 3898 cauare

366 3927 421 3962 mus
432 3910 447 3960 i.
462 3925 482 3958 1.
493 3917 582 3960 narrat.
904 3921 932 3963 ut
944 3921 1039 3964 mature
1050 3913 1117 3964 fiant.
1152 3915 1240 3976 ltaque
1249 3915 1313 3964 nihil
1324 3930 1406 3976 repug-

401 3977 495 4038 7and
504 3977 870 4044 clustelliooasaootumMor·
903 3983 946 4026 nat
962 3979 1019 4027 huic
1037 3981 1100 4040 loco,
1117 3980 1181 4041 quod
1199 3979 1253 4028 infr.
1270 3979 1355 4027 xxxiii.
1369 3995 1405 4038 44

366 4041 477 4103 riserat]
505 4039 561 4087 Hoc
572 4039 649 4102 tangit
660 4041 745 4101 procul
757 4041 831 4089 dubio
842 4057 872 4090 ea
904 4043 934 4091 Α.
951 4043 1079 4093 camelius
1098 4043 1236 4093 Mammula
1254 4059 1295 4091 ver
1314 4057 1405 4091 sacrum

367 4112 431 4160 vota,
448 4119 511 4166 quae
530 4119 595 4166 supr.
613 4103 662 4152 xxi.
680 4103 719 4152 62.
736 4105 825 4154 dicitur
841 4107 870 4156 0.
904 4107 996 4156 vovisse
1006 4108 1101 4156 dicitur.
1135 4107 1176 4157 Sic
1187 4107 1276 4156 etinfr.
1289 4121 1326 4156 ιο.
1337 4108 1408 4154 aedas

366 4169 457 4218 Atilius
473 4173 569 4231 praetor
584 4167 705 4230 suscipere
718 4168 804 4226 iussus,
814 4169 833 4219 si
846 4170 871 4218 in
905 4169 995 4219 Veneri
1004 4171 1125 4234 Erycinae
1137 4178 1238 4222 vovetur
1247 4187 1263 4220 a
1271 4171 1349 4220 Fabio
1360 4169 1407 4218 die

366 4235 451 4283 decem
469 4249 546 4281 annos
564 4233 701 4294 respublica
719 4235 805 4282 eodem
825 4241 871 4283 ste·
904 4235 1157 4296 latore,Meuti‚aT.
1170 4235 1278 4286 Otacilio
1290 4240 1407 4298 praetore.

365 4298 434 4346 tisset
450 4303 523 4345 statu.
557 4295 597 4345 Ex
613 4297 660 4364 hoc
676 4298 732 4346 loco
748 4298 872 4356 dimimua
904 4299 985 4351 Gaas.

365 4363 432 4424 quod
448 4361 515 4425 prius
532 4363 657 4410 observare
674 4363 813 4424 neglexerat
831 4363 871 4412 Li·
