3002 4798
360 251 457 316 LIB.
481 250 596 316 XXII.
629 249 740 316 eAP.
768 255 816 316 14.
999 333 1003 340 ι
1070 253 1112 320 75

57 387 162 452 venit.
203 385 373 474 Ingentem
387 387 519 466 cladem,
535 389 641 476 fugam
657 347 764 454 umen
778 403 995 477 terroremque
1008 389 1110 468 latius,
1122 401 1156 452 U.
1168 402 1197 452 0.
1209 415 1265 466 535·

60 473 229 538 Numidae
254 475 405 540 fecerunt
457 474 529 540 Nec
559 489 665 540 tamen
691 475 717 540 is
742 479 851 554 terror,
880 498 980 563 quum
1006 469 1151 541 omniaA·
1169 469 1198 518 ⁰·
1211 479 1267 530 ²¹⁷·

34 559 149 625 6bello
170 561 350 648 flagrarent,
373 562 436 626 fide
458 563 558 626 socios
580 562 729 628 dimovit:
762 563 911 628 videlicet
933 563 1009 650 quia
1030 565 1113 628 insto

58 661 95 711 et
121 647 288 712 moderato
313 649 503 734 regebantur
532 649 574 713 im
618 650 682 724 rio;
721 673 781 714 nec
806 649 998 727 abnuebant,
1025 650 1112 737 quod

59 757 168 798 uuum
182 733 344 799 vinculum
359 734 436 799 fidei
450 749 507 812 est,
524 673 706 800 melibribus
720 759 839 824 parere.
884 795 888 804 .

109 820 160 886 Ut
175 845 248 886 vero
264 821 304 886 ad
319 820 515 887 Vultmnum
534 823 654 887 flumen
669 836 770 887 castra
783 836 858 887 sunt
871 823 982 910 posita,
998 846 1114 889 exure-
1177 827 1225 886 14.

58 909 222 994 baturque
249 909 486 974 amoenissimus
508 908 618 973 Italiae
641 932 724 996 ager,
745 909 837 974 villae
861 933 901 974 ue
924 911 1040 997 passim
1063 911 1113 974 in·

59 993 189 1059 cendiis
202 995 377 1072 fumabant,
392 1017 449 1083 per
468 996 543 1082 iuga
558 995 687 1060 Massici
708 995 824 1060 montis
839 933 942 1061 (labio
962 996 1109 1074 ducente,

59 1093 133 1146 tum
156 1103 257 1168 prope
279 1081 320 1146 de
342 1083 467 1169 integro
488 1082 601 1146 seditio
623 1105 762 1147 accensa.
811 1081 1008 1157 Quieverant
1024 1083 1110 1148 enim
1120 1093 1251 1169 &dunin

59 1189 121 1254 per
135 1190 255 1254 paucos
269 1168 355 1244 dies3
378 1169 462 1256 quia,
501 1191 578 1234 uum
598 1169 730 1234 celerius
745 1167 836 1234 solito
851 1169 982 1234 ductum
998 1193 1111 1256 agmen
1119 1165 1204 1271 {qaam
1216 1160 1261 1207 Fa

58 1255 185 1332 finisset,
207 1253 348 1320 festinari
370 1255 411 1321 ad
455 1192 661 1321 rdlribeudam
685 1255 942 1343 populationibus
973 1254 1112 1344 Campa-
1155 1259 1162 1272 '

59 1341 153 1405 niam
167 1341 375 1407 crediderant.
456 1357 557 1407 tuero
577 1342 612 1407 in
632 1355 774 1407 extrema
787 1343 862 1430 iuga
877 1342 1006 1407 Massici
1021 1365 1112 1408 mon-

59 1429 105 1492 tis
134 1441 267 1493 ventum
289 1441 346 1506 est,
368 1429 537 1516 hostesque
559 1431 617 1494 sub
641 1429 740 1494 oculis
769 1443 867 1507 erant,
890 1428 1016 1494 Falerni
1045 1431 1112 1517 agri

59 1514 252 1580 colonorum
276 1539 316 1581 ue
334 1515 499 1582 Sinuessae
511 1516 595 1582 tecta
606 1528 743 1592 urentes,
755 1538 816 1580 nec
831 1515 895 1580 ulla
909 1531 977 1582 erat
991 1518 1112 1581 mentio

60 1623 204 1689 pugnae,
236 1539 481 1690 ‘Spectatumne
510 1603 594 1680 huc‚'
622 1601 728 1690 inquit
756 1601 931 1681 Minucius,
959 1612 1016 1668 ‘ut
1043 1613 1224 1690 romatinum
1238 1629 1274 1664 se-

61 1688 253 1768 ‘fiuendam
276 1689 384 1767 oculis,
399 1689 555 1754 sociorum
576 1689 689 1756 caedes
711 1702 745 1754 et
765 1690 921 1768 incendia,
944 1679 1265 1792 venmmtgstw*

62 1774 170 1851 ‘Neo
193 1776 220 1840 si
241 1775 359 1840 nullius
386 1775 515 1841 alterius
544 1799 611 1854 nos,
634 1799 675 1842 ne
698 1777 815 1841 civium
837 1777 968 1864 quidem
997 1777 1112 1843 horum
1140 1759 1163 1794 ⁰'

61 1861 197 1950 ‘pudet
213 1885 293 1949 quos
314 1862 494 1927 Sinuessam
514 1862 641 1928 colonos
660 1877 764 1950 patres
784 1865 882 1930 nostri
897 1865 1059 1943 miserunt,
1076 1879 1113 1930 ut
1171 1859 1175 1874 ’

62 1949 125 2013 ‘ab
151 1948 292 2013 Samnite
314 1947 404 2013 hoste
427 1961 495 2013 tuta
516 1949 594 2015 haec
617 1973 671 2015 ora
692 1964 790 2016 esset:
842 1974 915 2015 uam
936 1973 1024 2016 nunc
1045 1974 1112 2016 non

62 2034 210 2100 ‘vicinus
227 2033 350 2100 Samnis
365 2035 438 2112 urit,
454 2035 510 2100 sed
525 2036 652 2101 Poenus
667 2036 798 2114 advena,
811 1973 850 2100 ab
865 2038 1014 2112 extremis
1028 2038 1112 2102 orbis

62 2131 240 2188 ‘terrarum
256 2123 407 2198 terminis,
423 2135 530 2187 nostra
543 2122 745 2188 cunctatione
760 2135 793 2188 et
807 2123 957 2200 socordia,
970 2125 1033 2187 iam
1047 2123 1111 2189 huc

62 2217 276 2297 ‘progressus
334 2209 484 2286 Tantum,
513 2209 589 2297 prol
625 2208 665 2273 de
707 2231 854 2274 neramus
881 2232 902 2273 a
930 2210 1111 2297 parentibus

62 2295 211 2372 ‘nustria
227 2308 273 2374 ut,
289 2309 413 2383 praeter
432 2319 527 2397 quam
548 2318 635 2360 oram
655 2233 705 2358 ili
716 2295 853 2360 Punicas
867 2296 974 2382 vagari
988 2295 1110 2374 classes,

62 2381 226 2448 ‘dedecus
245 2405 313 2448 esse
333 2383 457 2471 imperii
477 2383 525 2448 sui
545 2381 704 2460 duxerint,
720 2403 790 2446 eam
810 2405 868 2448 nos
883 2404 969 2447 nunc
980 2381 1111 2470 plenam

62 2469 225 2534 ‘hostium
241 2468 519 2557 Numidarumque
539 2493 575 2533 ac
596 2467 783 2534 Maurorum
798 2469 860 2533 iam
874 2468 990 2534 factam
1004 2468 1111 2536 videa-

62 2565 73 2594 ‘
83 2556 180 2620 mus?
226 2555 293 2630 Qui
308 2556 413 2633 modo,
431 2555 454 2620 S
539 2569 608 2620 tum
628 2555 804 2642 oppugnari
822 2556 1028 2643 indignando,
1044 2579 1108 2622 non

63 2642 232 2707 ‘homines
247 2653 379 2718 tannim,
395 2579 601 2706 sedflbliiiera
618 2654 652 2706 et
671 2641 755 2719 deos,
771 2643 940 2722 ciebamus,
957 2643 1111 2709 scanden-

63 2736 152 2793 ‘tem
167 2729 294 2792 moenia
314 2728 477 2793 Romanae
499 2728 640 2792 coloniae
662 2727 876 2794 Hannibalem
895 2730 974 2795 lenti
988 2743 1110 2817 specta·

62 2824 167 2879 ‘mua
213 2813 332 2878 Fumus
346 2837 387 2880 ex
402 2814 557 2879 incendiis
571 2813 715 2879 villarum
730 2837 939 2903 agrorumque
954 2817 989 2880 in
1002 2816 1109 2881 oculos

62 2909 182 2988 ‘atque
205 2923 260 2966 ora
280 2901 384 2978 venit3
422 2912 566 2988 strepunt
588 2923 678 2966 aures
707 2901 895 2968 clamoribus
917 2901 1109 3001 plorantium

62 2989 253 3065 ‘sociorum
269 2988 393 3075 saepius
414 3010 481 3066 nos,
497 3010 593 3074 qnam
612 2987 745 3052 deomm
766 2988 982 3053 invocantium
1004 3011 1107 3074 opem.

63 3073 158 3140 ‘Nos
171 3073 223 3138 hic
235 3097 384 3162 pecorum
394 3073 489 3139 modo
503 3097 561 3161 per
575 3075 708 3139 aestivos
719 3073 815 3139 saltus
830 3075 999 3160 deviasque
1015 3075 1109 3140 calles

62 3161 261 3226 ‘exercitum
287 3161 440 3238 ducimus,
467 3160 588 3226 confflti
617 3160 754 3226 nubibus
782 3161 940 3246 silvisque.
988 3159 1023 3226 Si
1047 3161 1109 3227 hoc

62 3246 184 3313 ‘modo
238 3247 391 3335 ragrando
414 3247 578 3312 cacumina
596 3247 755 3334 saltusque
779 3245 827 3310 M.
841 3245 953 3310 Furius
968 3247 1108 3334 recipere

62 3343 105 3399 ‘a
130 3331 162 3397 G
204 3356 230 3398 rs
251 3336 361 3399 urbem
384 3333 541 3410 voluisset,
557 3355 621 3421 quo
644 3334 696 3398 hic
717 3355 818 3397 novus
840 3331 1003 3410 Camillus,
1018 3333 1109 3398 nobis

62 3420 222 3485 ‘dictator
232 3419 345 3485 unicus
359 3421 394 3485 in
408 3420 501 3486 rebus
516 3421 635 3485 affectis
650 3419 818 3506 quaesitus,
831 3416 956 3482 Italiam
967 3421 1006 3484 ab
1019 3418 1111 3484 Hau-

61 3506 190 3573 ‘nibale
216 3529 400 3596 recuperare
425 3518 524 3594 parat,
553 3505 719 3570 Gallorum
748 3504 852 3569 Roma
876 3519 975 3570 esset:
1013 3528 1110 3593 quam

62 3603 205 3672 ‘vereor,
228 3617 280 3671 ne,
303 3595 348 3658 sic
370 3593 591 3659 cunctantibus
613 3593 713 3670 nobis,
737 3591 912 3656 Hannibali
934 3615 971 3656 ac
993 3590 1110 3657 Poenis

62 3682 179 3747 ‘toties
194 3682 385 3746 servaverint
399 3681 531 3745 maiores
545 3679 667 3755 nostri„
700 3678 764 3744 Sed
778 3679 836 3755 vir,
852 3701 887 3742 ac
902 3701 975 3743 vere
992 3677 1111 3743 Roma·

38 3777 156 3845 t‘nus,
173 3790 238 3854 quo
255 3767 316 3844 die,
333 3767 517 3833 dictatorem
540 3790 615 3831 eum
636 3788 677 3830 ex
699 3765 884 3830 auctoritate
901 3763 1032 3830 Patrum
1046 3765 1110 3831 ius'·

62 3863 74 3893 ‘
83 3877 187 3942 suque
225 3854 313 3942 opuli
332 3854 464 3932 dictum,
480 3852 578 3918 Veios
601 3852 729 3918 allatum
752 3866 809 3928 est,
825 3874 925 3938 quum
940 3865 1022 3917 esset
1037 3853 1111 3918 satis

62 3942 186 4006 ‘altum
201 3877 389 4019 ianiculum,
406 3940 460 4005 ubi
475 3939 588 4006 sedens
602 3938 963 4027 prospectaret‘hostem,
979 3938 1112 4004 descen·

62 4029 134 4094 ‘dit
155 4028 190 4093 in
212 4049 367 4116 aequum:
395 4040 490 4115 atque
512 4025 567 4091 illo
589 4027 657 4114 ipso
679 4025 730 4090 die
753 4024 859 4090 media
880 4026 914 4090 iu
936 4025 1024 4104 urbe,
1047 4049 1112 4112 qua

96 4213 113 4264 6
137 4215 251 4264 thelt‘cet
268 4215 327 4278 quia
349 4215 424 4274 iusto]
452 4212 490 4260 'In
509 4211 573 4260 hanc
605 4211 668 4259 inter
678 4211 830 4260 commissam
840 4211 947 4260 Camillo
958 4210 1112 4258 dictatoriam

61 4277 212 4328 sententiam
225 4279 280 4328 Pol.
290 4277 325 4326 iii.
336 4291 375 4340 90.
386 4276 489 4325 accedit.
606 4281 760 4338 potestatem,
770 4281 795 4324 et
806 4289 913 4338 pugnam
926 4276 1040 4322 adversus
1051 4273 1111 4322 Gal-

99 4343 405 4405 7Quodia...tlloipao
416 4342 468 4401 dis]
489 4339 574 4388 Exrei
606 4339 649 4388 los.
683 4339 731 4388 Sed
746 4339 902 4401 praeproperi
915 4337 1005 4400 ingenii
1016 4337 1110 4386 concio·

63 4407 170 4456 veritate
196 4405 290 4468 aliquot
311 4405 363 4454 dies
389 4404 575 4454 intercesoemnt
606 4408 676 4452 nator
695 4403 844 4452 celeritatem
862 4401 961 4452 Camilli
980 4416 1055 4463 supra
1073 4415 1112 4450 re-
