2878 4772
296 231 392 298 LIB.
417 231 581 300 XXVIIL
617 233 728 300 CAP.
752 241 804 300 31.
1006 237 1070 300 435

12 365 122 450 [gustis
143 364 294 452 panditur
315 389 412 432 mare.
460 366 577 445 Gades,
599 369 668 434 sine
689 368 873 447 certamine,
890 368 1069 456 proditione
1079 379 1114 430 U.
1126 379 1155 429 O.
1172 375 1227 441 546.

24 452 208 538 recipiendi,
224 451 308 518 ultro
328 454 384 540 qui
407 477 477 518 eam
499 477 568 519 rem
587 455 821 542 pollicerentur,
837 456 872 519 in
887 467 988 520 castra
1003 454 1071 520 Ro-
1078 445 1110 494 A.
1126 444 1156 494 ⁰·
1172 443 1227 492 ²⁰⁶·

25 559 117 602 mana
130 539 341 617 venientibus,
409 563 434 617 s,
446 540 529 605 sicut
542 553 615 606 ante
631 541 752 606 dictum
766 555 823 619 est,
835 543 946 606 fuerat
975 542 1070 607 Pate-

24 623 104 688 facta
118 624 319 712 immaturap
380 626 436 690 'tio
451 638 509 703 est,
522 626 765 714 comprehensos
787 650 828 693 ue
844 649 954 692 omnes
970 626 1070 714 Mago

26 709 200 775 Adherbali
221 711 360 798 praetori
376 710 606 800 Carthaginem
625 650 829 778 devehendos
849 713 953 778 tradit.
999 713 1070 777 Ad-

24 794 141 874 herbal,
151 797 322 862 coniuratis
337 798 372 862 in
386 798 651 898 quinqueremem
662 799 826 886 impositis,
836 800 1069 886 praemissaque

24 903 70 959 ea,
86 882 163 969 quia
184 883 311 961 tardior,
327 906 424 971 quam
446 885 592 962 triremis,
608 887 711 962 erati
790 907 863 950 cum
886 899 958 950 octo
980 885 1070 950 trire-

24 968 127 1034 mibus
153 969 279 1034 modico
304 969 470 1035 intervallo
495 971 661 1058 sequitur.¹
734 995 766 1035 m
791 971 908 1036 fretum
933 972 1071 1036 intrabat
1079 977 1226 1054 Adherbalis

25 1055 272 1142 quinqueremis,
299 1078 398 1143 quum
425 1055 564 1134 Laelius,
588 1069 622 1121 et
647 1057 715 1145 ipse
741 1059 775 1122 in
802 1057 1025 1145 quinqueremi
1051 1048 1103 1121 aet
1116 1043 1193 1119 [ΜΨ

24 1155 118 1226 portu
134 1139 292 1220 Carteiae,
308 1143 514 1229 sequentibus
536 1155 657 1231 septem
678 1144 867 1220 triremibus,
883 1157 1020 1220 evectus,
1036 1121 1162 1233 inffsini
1171 1122 1213 1218 ¹¹¹,

26 1227 240 1292 Adherbalem
252 1251 289 1293 ac
301 1229 442 1293 triremes
453 1229 623 1306 invehitur,
636 1230 899 1316 quinqueremem
914 1231 988 1295 satis
1003 1252 1071 1295 cre·

12 1313 103 1378 =dens
118 1313 305 1400 deprensam
325 1313 437 1402 rapido
456 1314 491 1378 in
505 1314 596 1392 freto,
612 1316 647 1379 in
662 1315 827 1381 adversum
848 1331 971 1382 aestum
991 1316 1071 1381 reci·

23 1399 146 1486 precari
161 1422 227 1464 non
241 1423 342 1488 posse.
387 1400 516 1466 Poenus
531 1401 565 1464 in
581 1423 615 1466 re
630 1402 735 1467 subita
748 1425 919 1490 parumper
932 1404 1072 1467 incertus
1135 1465 1139 1475 ,

24 1485 204 1572 trepidavit,
219 1500 327 1551 utrum
349 1487 613 1574 quinqueremem
636 1501 829 1574 sequeretur,
846 1511 887 1553 an
909 1489 943 1552 in
965 1488 1072 1553 hostes

22 1587 124 1636 rostra
138 1585 344 1638 converteret
390 1571 464 1660 Ipsa
478 1574 638 1638 cunctatio
652 1573 833 1639 facultatem
848 1574 1072 1639 detractandae

23 1681 150 1757 pugnae
165 1658 293 1723 ademit.
339 1657 408 1723 Iam
428 1659 515 1724 enirn
535 1660 594 1724 rub
613 1660 680 1724 ictu
695 1659 749 1724 teli
765 1673 865 1738 erant,
881 1673 914 1726 et
928 1661 1071 1747 undique

23 1745 183 1809 metabant
212 1745 325 1810 hostes
376 1745 495 1810 Aestus
524 1768 653 1833 quoque
687 1746 851 1822 arbitrium
885 1745 1072 1812 moderandi

23 1853 120 1895 naves
135 1830 303 1896 ademerat.
343 1829 461 1917 Neque
476 1845 544 1896 erat
557 1832 663 1896 navali
677 1854 786 1919 pugna
799 1833 926 1897 similis:
951 1833 1007 1919 qui
1030 1855 1071 1918 pe

23 1917 80 1982 ubi
101 1916 181 1980 nihil
200 1916 423 1994 voluntarium,
439 1916 518 1980 nihil
541 1918 616 1982 artis
637 1931 693 1982 aut
714 1917 836 1983 consilii
858 1931 949 1983 esset.
1029 1940 1072 1981 na

22 2017 139 2068 natura
152 2003 234 2080 freti,
248 2015 415 2090 aestusque
431 2003 527 2068 totius
542 2003 722 2068 certaminis
736 2016 859 2090 potens,
871 2005 945 2081 suis,
962 2002 1072 2067 alienis

22 2089 158 2154 navibus
171 2090 386 2176 nequicquam
400 2089 533 2176 remigio
547 2090 582 2152 in
597 2090 789 2154 contrarium
801 2089 969 2154 tendentes
983 2089 1072 2154 inve·

22 2174 132 2252 hebat,
147 2187 184 2240 ut
202 2175 221 2239 f
261 2175 379 2241 'entem
400 2198 514 2240 navem
534 2175 657 2239 videres
678 2187 762 2240 retro
781 2176 901 2241 vortice
921 2176 1073 2240 intortam

22 2261 196 2328 victoribus
213 2261 236 2325 il
249 2275 350 2338 atam3
374 2274 408 2327 et
422 2274 619 2348 sequentem,
630 2261 656 2326 ai
675 2262 709 2325 in
725 2263 916 2327 contrarium
938 2273 1073 2326 tractum

21 2347 187 2413 incidisset
207 2349 311 2426 maris,
325 2349 477 2435 fugientis
498 2347 594 2413 modo
614 2369 682 2414 sese
701 2363 905 2414 avertentem.
951 2346 1020 2412 Iam
1038 2349 1072 2411 in

22 2436 94 2522 ipsa
113 2457 221 2522 pugna
239 2435 329 2511 haec,
345 2457 445 2521 quum
465 2433 580 2499 infesto
600 2447 700 2498 rostro
719 2447 843 2522 peteret
862 2435 1001 2500 hostium
1016 2456 1073 2497 na-

21 2544 108 2598 vem,
133 2521 265 2608 obliqua
292 2520 361 2608 ipsa
389 2521 488 2586 ictum
514 2520 642 2586 alterius
671 2522 763 2585 rostri
793 2521 984 2609 accipiebatr
1008 2519 1072 2596 illa,

22 2629 127 2693 quum
149 2619 324 2672 transversa
345 2606 534 2672 obiiceretur
555 2606 648 2686 hosti,
663 2620 796 2694 repente
810 2608 927 2673 intorta
947 2608 981 2672 in
1001 2629 1074 2694 pro-

21 2716 94 2760 ram
120 2692 399 2780 circumagebatur.
448 2693 559 2768 Quum
584 2694 669 2758 inter
694 2695 846 2772 triremes,
872 2694 1000 2760 fortuna
1024 2716 1074 2758 re-

21 2791 133 2867 gente,
149 2801 265 2867 anceps
279 2779 436 2866 proelium
451 2780 645 2857 misceretur,
661 2780 900 2868 quinqueremis
916 2781 1073 2855 Romans,

21 2890 82 2931 seu
153 2865 252 2930 ndere
282 2865 432 2943 tenacior,
462 2887 519 2931 seu
547 2866 691 2953 pluribus
720 2889 880 2932 remorum
909 2865 1079 2930 ordinibus

20 2889 245 3017 scinddhtibus
255 2951 398 3029 vortices,
432 2974 509 3016 uum
520 2953 642 3017 facilius
656 2966 828 3038 regeretur,
838 2951 917 3015 duas
931 2952 1075 3014 triremes

21 3037 209 3138 suppressit,
225 3038 319 3102 unius
338 2975 479 3124 praeista
495 3039 618 3124 impetu
635 3036 741 3100 lateris
758 3037 886 3101 alterius
900 3057 1004 3100 remos
1019 3035 1075 3099 de·

20 3137 134 3190 tersit:
158 3138 352 3211 ceterasque,
374 3146 454 3210 quas
475 3122 608 3208 indepta
629 3133 721 3198 esset,
743 3121 921 3198 mulcasset,
944 3121 979 3185 ni
1001 3142 1075 3184 cum

20 3211 157 3312 reiiquis
177 3211 320 3297 quinque
340 3211 474 3275 navibus
489 3207 655 3273 Adherbal
668 3207 746 3273 velis
763 3208 797 3274 in
813 3207 955 3274 Africam
975 3219 1076 3271 trans-

20 3309 210 3460 mlffidm,
222 3382 322 3447 victor
338 3379 500 3448 Carteiam
514 3392 668 3458 revectus,
684 3380 809 3458 auditis,
825 3402 907 3469 quae
923 3392 994 3446 acta
1009 3379 1076 3444 Ga-
1133 3383 1184 3444 31.

20 3469 122 3534 dibus
141 3481 241 3545 erant,
256 3468 444 3555 patefactam
464 3467 687 3554 proditionem,
703 3467 947 3553 coniuratosque
967 3466 1076 3530 missos
1085 3463 1221 3540 Laeliuset

23 3553 269 3642 Carthaginem,
350 3576 382 3617 m
408 3552 450 3617 ad
474 3553 600 3618 irritum
625 3552 795 3630 redactam,
820 3553 1075 3703 &venissent
1085 3529 1228 3642 ffiffiad

20 3641 150 3706 nuntiis
164 3641 206 3706 ad
221 3639 259 3706 L.
311 3639 431 3706 arcium
452 3639 564 3717 missis,
579 3639 682 3704 nisisi
702 3649 803 3704 terere
900 3660 935 3703 ra
952 3651 1076 3725 tempus
1084 3656 1235 3720 Scipionem.

61 3879 73 3913 r
93 3863 236 3913 Prodttr'oar
250 3863 398 3926 reotptnrdt]
416 3863 468 3912 Per
482 3876 537 3924 pro
571 3855 751 3922 quinqueremis
771 3857 844 3906 urrisu
866 3855 990 3905 hostilium
1010 3855 1076 3906 trire

18 3931 153 3987 drama,
161 3927 227 3988 quod
239 3925 351 3989 Sigonius
362 3931 455 3975 veteres
465 3925 540 3973 libros
571 3925 658 3980 mium,
679 3924 739 3972 dum
760 3921 872 3984 proxima
892 3921 961 3970 illam
983 3921 1078 3984 impetu

20 4007 89 4056 praa
103 4005 130 4040 se
143 3992 206 4040 ferre
223 3995 335 4050 testatur,
348 3988 457 4056 reposuit
472 3989 536 4037 Bek-
570 3985 905 4050 praetervehitumontragit,
915 3989 1036 4047 quotquot
1046 3985 1078 4033 ab

19 4057 81 4106 ker.
570 4051 615 4100 illo
626 4053 702 4100 latere
713 4051 828 4109 habebat,
838 4064 925 4098 remos.
943 4047 1059 4098 Gronov.

59 4135 75 4167 c
89 4121 123 4168 In
133 4120 262 4169 adversam
273 4125 365 4169 aenam
376 4117 537 4179 reciprocari]
604 4133 619 4175 4
635 4117 693 4163 Nat
710 4116 731 4162 ri
750 4115 839 4174 terere]
859 4113 954 4162 Vocem
969 4113 990 4159 rt
1007 4110 1078 4158 omit-

20 4183 180 4245 Gircumagi
189 4189 214 4232 et
225 4189 288 4230 retro
298 4183 415 4231 sdvsrm
425 4179 539 4228 contrarii
571 4183 629 4227 tunt
642 4177 719 4240 aliqui
736 4177 805 4236 editi,
814 4177 858 4226 aad
872 4188 1009 4248 perperam,
1020 4187 1078 4232 quo-

19 4245 113 4298 aestds
128 4246 177 4294 vim
192 4245 285 4295 auxilio
300 4245 336 4294 ire
351 4243 490 4294 triremibus
502 4257 539 4291 so-
571 4242 639 4290 uiam
656 4241 753 4303 caepim
770 4239 902 4303 particulas
918 4239 967 4285 aas
983 4252 1005 4308 ⁸!
1022 4248 1079 4281 oon-

19 4311 81 4362 ciia
99 4309 182 4360 cmv.
572 4305 668 4354 iunctas
693 4320 710 4352 s
727 4304 762 4351 ud
788 4307 899 4351 amram
926 4299 1020 4346 ardena.
1047 4297 1079 4344 ct.

64 4389 80 4435 3
101 4372 415 4438 Untmpraetatcimpstu]
427 4371 541 4420 Romana
573 4384 641 4432 supr.
650 4367 682 4416 vi.
694 4319 734 4415 ad.
751 4365 818 4414 mi.
830 4378 906 4488 ,am
