2878 4772
319 243 415 311 LIB.
441 243 587 312 XXVII.
620 245 732 314 CAP.
756 251 808 314 46.
1029 252 1093 316 393

89 380 188 459 Nero,
203 394 371 470 postquam
392 382 456 448 iam
476 395 601 448 tantum
622 384 779 449 intervalli
799 384 839 451 ab
859 383 949 450 hoste
965 385 1092 462 fecerat,
1104 399 1139 450 υ.
1150 399 1180 450 0.
1196 413 1251 463 545·

38 481 82 532 ut
102 469 210 556 detegi
228 469 396 534 consilium
418 471 493 534 satis
514 481 620 534 tutum
642 483 734 550 esset,
750 473 859 559 paucis
878 471 996 538 milites
1016 464 1134 537 allo-³*
1151 465 1182 515 ⁰·
1197 477 1253 527 ²0⁷·

40 555 163 641 quitur.
192 554 319 642 .Negat
345 555 462 621 ‘ullius
485 555 653 622 consilium
676 558 874 646 imperatoris
897 560 933 622 in
954 558 1093 646 speciem
1150 532 1235 626 45'..

42 641 227 719 ‘audacius
246 664 280 706 re
300 642 370 728 ipsa
389 643 488 708 tutius
506 643 613 720 firisse,
632 665 728 731 quarn
750 667 851 710 suum.
898 644 954 709 Ad
975 657 1093 710 certam
1103 614 1246 728 &poam-

41 735 123 794 ‘eos
136 751 169 794 se
184 728 347 793 victoriam
362 729 489 794 ducere.
537 728 667 830 Quippe
681 731 724 794 ad
738 731 827 817 quod
839 730 959 796 bellurn
974 730 1096 818 collega
1103 747 1151 794 tur.

41 823 134 880 ‘non
148 826 232 892 aute,
248 837 345 902 quarn
365 813 406 879 ad
427 815 603 880 satietatem
621 817 720 903 ipsius
733 817 879 903 peditum
893 827 989 904 atque
1005 818 1096 906 equi-

42 910 139 966 ‘tum
153 900 246 965 datae
261 902 302 966 ab
316 912 430 966 senatu
443 901 553 988 copiae
567 901 702 966 firissent
716 903 850 967 maiores
864 903 1097 969 instructiores·

43 996 144 1088 ‘qne,
160 1009 258 1074 quam
277 987 304 1052 si
324 986 473 1053 adversus
493 988 598 1074 ipsum
613 985 830 1053 Hannibalern
851 988 921 1067 iret,
937 990 1097 1076 profectus

44 1082 120 1151 ‘s1t,
146 1095 185 1138 eo
209 1074 304 1160 ipsos,
331 1086 615 1160 quantumcunque
640 1073 755 1139 virirun
781 1086 980 1139 momentum
1005 1076 1098 1141 addi-

10 1159 185 1236 3‘derint‚
200 1181 269 1224 rem
284 1181 413 1224 omnem
428 1159 642 1226 inclinaturos.
687 1159 848 1226 Auditum
866 1159 962 1226 modo
979 1162 1015 1226 in
1029 1163 1097 1228 acie

45 1245 169 1333 ⁶(nam‚
184 1267 227 1310 ne
249 1259 322 1311 ante
345 1245 517 1323 audiretur,
534 1245 683 1310 daturum
703 1245 848 1334 operam)
867 1245 1001 1312 alterum
1021 1269 1098 1313 con-

45 1341 58 1372 ‘
69 1332 172 1396 sulem
193 1343 226 1396 et
247 1331 383 1398 alterum
405 1333 580 1398 exercitum
602 1331 776 1410 advenisse,
795 1331 883 1398 haud
903 1333 1034 1399 dubiam
1050 1335 1098 1400 vi·

46 1418 202 1483 ‘storiam
227 1417 394 1484 facturum.
440 1417 570 1483 Famam
599 1417 719 1483 bellum
748 1419 915 1497 conficere,
941 1431 975 1484 et
1025 1441 1099 1486 arva

46 1513 234 1569 ‘momenta
247 1505 282 1569 in
296 1527 385 1592 spem
406 1517 591 1592 metumque
609 1503 773 1592 impellere
787 1505 919 1571 animos.
968 1441 1097 1572 Glbriae

47 1591 202 1677 ‘quidem
222 1611 264 1656 ex
286 1613 321 1656 re
347 1592 428 1656 bene
451 1603 541 1678 gesta
558 1603 667 1678 partae
688 1591 826 1656 fructum
871 1613 948 1679 rope
969 1613 1096 1656 omnem

47 1679 155 1763 ‘ipsos
169 1675 296 1742 laturos.
344 1677 484 1764 Semper,
501 1678 589 1765 quod
597 1688 801 1792 postremum
863 1679 982 1744 iactum
996 1679 1047 1756 sit,
1062 1679 1098 1742 id

47 1773 140 1828 ‘rem
159 1775 259 1828 totam
273 1763 375 1828 videri
396 1764 533 1828 traxisse.
582 1762 723 1829 Cernere
738 1764 833 1851 ipsos,
852 1787 917 1853 quo
931 1785 1097 1842 concursu,

47 1858 137 1936 ‘qua
157 1849 375 1926 admiratione,
422 1872 464 1914 uo
485 1849 591 1913 favore
617 1850 784 1915 hominum
810 1851 872 1915 iter
895 1871 989 1915 snum
1014 1849 1099 1915 cele-

48 1936 179 2002 bretur.’
235 1934 289 2013 Et,
315 1934 391 1999 here
425 1957 453 2012 e,
473 1957 532 2021 per
557 1935 712 2001 instructa
733 1937 842 2001 omnia
865 1936 1028 2001 ordinibus
1050 1937 1099 2000 vi·

46 2044 156 2087 rorum
187 2021 355 2086 mulierum
379 2043 429 2098 ue,
454 2021 598 2108 undique
624 2043 665 2086 ex
694 2022 777 2108 agris
802 2021 984 2100 effusorum,
1014 2022 1099 2086 inter

46 2122 125 2173 vota
143 2119 177 2172 et
194 2129 305 2194 preces
324 2118 357 2172 et
404 2107 483 2172 udes
501 2107 610 2172 ibant:
634 2107 705 2172 illos
721 2107 878 2195 praesidia
895 2106 1098 2194 reipublicae,

46 2193 193 2260 vindices
212 2194 299 2258 urbis
317 2193 440 2258 Rornae
460 2193 651 2280 imperiique
671 2193 891 2281 appellabant:
915 2195 951 2257 in
972 2193 1099 2258 illorum

46 2281 146 2346 armis
156 2279 340 2366 dextrisque
355 2301 444 2344 suam
458 2278 658 2365 liberumque
669 2301 798 2344 suorum
810 2279 944 2344 salutem
955 2301 992 2345 ac
1003 2279 1099 2344 liber·

48 2379 148 2432 tatem
170 2388 204 2430 re
263 2366 339 2432 itam
360 2387 435 2431 esse.
482 2365 571 2431 Deos
591 2387 701 2430 omnes
721 2366 860 2453 deasque
877 2367 1097 2454 precabantur,

46 2465 89 2517 ut
111 2451 172 2516 illis
192 2389 332 2518 [dulgtum
351 2451 421 2530 iter,
441 2451 583 2540 felixque
605 2474 723 2540 pugna,
744 2465 867 2517 matura
890 2473 931 2517 ex
955 2453 1099 2518 hostibus

17 2539 182 2614 4victoria
199 2552 299 2603 esset:
323 2537 613 2626 damnarenturque
634 2539 696 2626 ipsi
708 2549 863 2617 votomm‚
880 2561 962 2640 quae
982 2559 1040 2626 pro
1060 2539 1099 2603 iis

47 2625 270 2711 suscepissent
316 2623 373 2701 Ut,
389 2623 660 2712 quemadmodum
680 2647 767 2690 nuno
785 2624 910 2690 sollicitr
926 2647 1099 2713 proseque-

46 2723 161 2776 rentur
181 2733 245 2800 eos,
273 2711 319 2775 ita
332 2733 461 2860 Iplaucos
486 2723 559 2812 post
579 2710 649 2776 dies
675 2710 751 2777 laeti
777 2712 943 2778 ovantibus
968 2711 1100 2778 victoria

47 2797 177 2862 obviam
193 2797 285 2862 irent
372 2797 470 2862 vitare
490 2798 567 2862 inde
587 2820 646 2885 pro
665 2797 859 2886 aequisque,
875 2811 909 2864 et
927 2800 1051 2876 offerre,
1066 2811 1101 2862 et

46 2883 181 2970 fatigare
196 2883 351 2983 precibus,
367 2896 413 2961 ut,
425 2905 508 2970 quae
523 2883 534 2948 i
572 2884 599 2948 is
613 2884 828 2984 iumentisque
844 2887 914 2949 usui
929 2896 1044 2960 essent,
1059 2885 1099 2948 ab

47 2991 85 3034 se
106 2969 303 3056 potissimum
323 2981 492 3034 sumerent
569 2970 685 3056 enigne
705 2989 814 3034 omnia
832 2968 992 3033 cumulata
1012 2967 1097 3032 dare.

48 3053 215 3120 Modestia
234 3068 353 3120 certare
374 3055 500 3132 milites,
516 3077 557 3118 ne
573 3054 652 3140 quid
673 3053 757 3118 ultra
776 3076 868 3118 usum
887 3053 1100 3119 necessarium

19 3153 234 3220 5sumerent:
258 3139 339 3205 nibil
358 3141 483 3217 morari,
499 3162 560 3204 nec
580 3141 620 3205 ab
634 3139 733 3227 signis
752 3138 900 3204 absistere
920 3140 1028 3204 cibum
1048 3161 1100 3204 ca-

75 3228 196 3292 ientes:
220 3226 307 3292 diem
322 3249 359 3291 ac
376 3238 504 3291 noctem
523 3225 590 3290 irer
615 3225 678 3304 vix,
718 3225 783 3290 uod
802 3226 877 3290 satis
896 3225 938 3289 ad
957 3224 1099 3289 naturale

47 3251 245 3379 desiderium
267 3335 434 3400 corporum
455 3323 546 3390 esset,
568 3312 669 3398 quieti
688 3249 773 3376 dare.
820 3310 864 3375 Et
884 3310 926 3375 ad
946 3309 1101 3398 collegam

47 3401 215 3488 praemissi
228 3412 329 3476 erant,
366 3399 398 3462 ui
413 3398 599 3463 nuntiarent
610 3397 792 3476 adventum,
803 3409 1101 3484 percunctarentur-

48 3509 127 3586 que,
142 3485 225 3551 clam
245 3508 286 3550 an
305 3423 421 3586 palam,
440 3481 581 3548 interdiu
600 3507 642 3549 an
661 3496 769 3560 noctu,
785 3484 892 3548 venire
912 3505 979 3548 sese
995 3483 1100 3561 vellet,

50 3572 169 3636 iisdem
197 3595 239 3636 an
268 3572 337 3636 aliis
366 3570 529 3636 considere
561 3571 677 3636 castris.
724 3571 830 3635 Nocte
862 3569 944 3634 clam
976 3569 1101 3656 ingredi

49 3657 168 3723 melius
182 3658 285 3722 visum
300 3667 357 3722 est.

20 3751 37 3802 6
97 3745 232 3810 Tessera
257 3766 316 3831 per
338 3757 439 3809 castra
462 3745 501 3810 ab
524 3744 617 3809 Livio
641 3745 769 3810 consule
791 3742 866 3808 data
887 3755 964 3822 erat,
987 3755 1024 3808 ut
1045 3743 1101 3808 tri-
1200 3783 1209 3808 .

85 3954 100 4000 3
117 3941 238 3987 Auditum
256 3941 323 3988 modo
339 3941 367 3986 a'a
383 3940 448 3998 acie]
467 3937 561 3986 Eadem
595 3939 662 3988 xxiv.
677 3950 712 3999 ιγ.

49 4003 129 4066 plane
140 4003 218 4051 forma
229 4001 353 4061 orationis,
363 4015 438 4064 quarn
449 4015 514 4063 supr.
524 4011 562 4064 37.
627 4001 642 4051 6
658 4003 757 4052 Tarsa-ra
765 4016 812 4063 par
822 4001 915 4059 castra]
936 4002 1048 4051 Tartarus
1058 4003 1101 4050 du·

49 4065 213 4129 exposuimus
224 4066 249 4114 in
262 4080 322 4114 voce
333 4067 482 4114 annuarum.
596 4066 673 4128 plicas
683 4071 760 4114 erant.
792 4065 891 4112 Alteras
902 4069 971 4113 amnt
981 4065 1049 4126 signa
1059 4079 1101 4112 no·

85 4149 101 4190 4
118 4133 354 4192 Damraarcnturquo
374 4129 422 4192 ipsi
440 4129 561 4188 ootmm]
596 4130 686 4178 ctumis
708 4127 817 4178 excubiis
837 4127 903 4188 data,
920 4130 1012 4176 alterae
1033 4131 1102 4175 erant

49 4209 84 4244 sc.
99 4193 222 4242 Votorum
237 4198 363 4256 compotes
379 4193 473 4250 fierent,
483 4191 518 4240 ita
534 4197 562 4239 ut
595 4193 683 4255 quibus
694 4193 826 4256 imperator
841 4191 960 4240 militibus
970 4191 1102 4246 indicabat,

50 4259 88 4316 id,
99 4257 364 4319 quoddiisvovisscut,
375 4256 511 4319 persolvere
522 4256 562 4303 de
596 4257 654 4318 quid
676 4257 728 4304 ilari
750 4257 835 4305 vellet.
870 4256 910 4304 Dc
931 4252 1103 4316 posterioribus

50 4324 149 4371 borant.
597 4319 636 4369 hic
647 4320 734 4383 agitur.
752 4321 839 4369 Dara.

87 4397 101 4448 5
120 4388 174 4438 Nee
184 4389 215 4436 ab
225 4388 302 4450 ripula
312 4387 438 4446 absistere]
456 4383 563 4446 ciSupr.
