2866 4770
375 245 439 308 468
759 235 873 304 ΤΙΤΙ
903 235 1034 303 LIVII

223 387 258 437 U.
270 387 300 437 0.
316 398 370 450 ³47·
379 373 531 463 oppidani
553 373 648 438 domo
670 372 820 438 Pleminii
843 371 933 438 miles
953 374 971 438 f
1011 373 1090 450 ens,
1112 369 1354 458 sequentibusque

223 453 254 502 Α·
270 453 300 502 ⁰·
317 466 450 527 ²⁰⁵'rum
473 473 548 538 eret,
565 461 675 526 obvius
691 461 772 525 forte
790 459 900 546 Sergio
915 473 948 524 et
963 395 1109 524 ibitieno
1131 457 1250 522 tribunis
1266 454 1353 518 militen

379 548 448 613 fuit
496 545 560 611 Cui
575 569 676 633 quum
690 547 777 611 iussu
792 546 989 610 tribunorum
1004 545 1186 631 ademptum
1206 540 1354 629 poculunee

379 647 437 710 set,
460 633 598 733 iurgium
624 632 699 696 inde
726 645 760 696 et
784 630 911 708 clamor,
934 654 1042 718 pugna
1065 643 1219 716 postremo
1238 641 1290 692 orta
1306 627 1354 688 inter

380 719 530 784 Pleminn
554 717 679 795 milites,
704 718 985 803 tribunorumque3
1009 729 1046 781 ut
1067 717 1133 782 ruis
1154 716 1270 802 quisque
1285 732 1353 798 oppu-

379 819 477 870 tnnus
494 805 674 882 advenerat,
691 803 895 868 multitudine
917 803 1009 867 simul
1032 825 1068 866 ac
1091 801 1227 867 tumultu
1244 814 1353 863 nements

380 891 469 956 Victi
490 890 641 955 Pleminii
666 890 782 955 milites
804 912 903 976 quum
929 889 969 952 ad
991 888 1195 964 Pleminium,
1217 903 1354 950 morena

379 977 511 1042 vulnera
532 989 733 1053 ostentantes,
749 998 814 1039 non
832 977 900 1039 sine
914 975 1139 1040 vociferatione
1162 988 1248 1060 atque
1264 970 1355 1064 indietis

381 1065 467 1128 tione
483 1062 722 1138 concurrissent,
738 1063 852 1148 probra
866 1061 901 1124 in
915 1084 987 1125 eum
1007 1061 1110 1147 ipsum
1128 1061 1234 1125 iactata
1251 1058 1277 1120 in
1292 1057 1354 1139 iupa·

380 1149 572 1224 referentem
600 1170 749 1212 accensus
771 1149 817 1210 ira
837 1147 933 1212 domo
954 1169 1021 1210 sese
1044 1147 1210 1234 proripuit,
1230 1157 1354 1223 vocemque

381 1236 524 1300 tribunos
541 1234 665 1311 nudari,
680 1257 716 1298 ac
731 1234 833 1320 virgas
848 1232 991 1319 expediri
1006 1233 1104 1298 iubet.
1152 1232 1235 1296 Dum
1247 1225 1357 1316 spotms

380 1320 420 1385 iis
445 1320 679 1408 (repugnabant
705 1319 801 1396 enim,
828 1318 1026 1404 militemque
1050 1318 1267 1405 implorabant)
1283 1329 1357 1396 cupa

382 1407 503 1484 teritur,
519 1419 651 1494 repente
666 1405 791 1481 milites,
803 1405 922 1469 feroces
936 1405 1056 1468 recenti
1069 1405 1210 1480 victoria,
1221 1425 1256 1466 ex
1267 1397 1357 1464 onuba

381 1492 466 1569 locis,
490 1492 578 1557 velut
602 1490 750 1556 adversus
772 1491 876 1556 hostes
901 1491 942 1555 ad
966 1513 1052 1554 arma
1075 1489 1288 1554 conclamamn
1306 1497 1357 1548 eset

381 1590 616 1642 concurrerunt.
664 1577 716 1654 Et,
732 1599 832 1664 quum
846 1575 962 1641 violata
982 1577 1043 1640 iam
1060 1577 1159 1662 virgis
1176 1595 1288 1661 corpore
1303 1569 1359 1632 nbu-

379 1685 493 1727 nomm
509 1662 670 1740 vidissent,
687 1677 756 1728 tum
770 1686 845 1728 vero
862 1663 896 1726 in
919 1662 1020 1726 multo
1041 1663 1284 1748 impotentiorem
1299 1653 1358 1720 ubils

379 1749 499 1814 rabiem
525 1749 658 1826 accensi,
682 1751 750 1814 sine
772 1762 926 1835 respectu,
949 1770 1015 1812 non
1040 1749 1211 1813 maiestatis
1233 1737 1359 1818 modesti

380 1835 476 1900 etiam
502 1835 717 1912 humanitatis,
741 1836 774 1900 in
799 1835 939 1922 legatum
963 1834 1130 1920 impetum,
1153 1833 1296 1899 lictoribus
1311 1825 1359 1913 prio·

223 1933 360 2010 Pleminius
380 1921 547 2009 indignum
563 1923 597 1986 in
615 1921 746 1986 modum
761 1921 915 1999 mulcatis,
930 1920 1068 1985 faciunt:
1093 1934 1163 1985 tum
1179 1922 1279 2006 ipsum,
1290 1911 1360 1978 abui

222 1999 344 2111 {mltoe'
380 2007 592 2095 interceptum
614 2021 648 2072 et
669 2007 835 2084 seclusum,
851 2006 1008 2072 hostiliter
1029 2006 1179 2084 lacerant,
1195 2019 1226 2071 et
1243 2023 1318 2090 prope
1331 2018 1360 2060 ὃ·

222 2077 372 2188 ffipigfi,
380 2117 542 2181 sanguem,
558 2115 635 2158 naso
650 2095 840 2181 auribusque
855 2092 1016 2170 mutilatis,
1032 2091 1112 2157 relin
1138 2105 1226 2158 nunt.
1258 2083 1361 2154 Histe-

221 2189 361 2240 absolvitur.
379 2203 488 2245 sanam
503 2181 665 2256 nuntiatis,
680 2179 796 2268 Scipio,
811 2193 883 2266 poet
896 2201 1012 2279 pancos
1026 2178 1094 2243 dies
1196 2201 1228 2244 os
1241 2173 1323 2240 bereri
1332 2167 1370 2231 ab

379 2281 499 2344 vectus,
515 2289 615 2353 quum
630 2289 756 2330 causam
768 2265 917 2330 Pleminii
931 2278 964 2330 et
979 2265 1181 2330 tribunorum
1195 2263 1315 2330 audisset
1321 2255 1361 2320 Pl·

379 2353 479 2418 minio
501 2375 586 2417 noxa
607 2352 749 2430 liberato,
764 2352 938 2438 relictoque
958 2352 993 2418 in
1008 2351 1153 2416 eiusdem
1175 2352 1233 2416 loci
1250 2341 1360 2448 praesidis

380 2439 514 2503 tribunis
536 2437 679 2504 sontibus
700 2438 856 2515 iudicatis,
872 2452 906 2503 et
926 2438 960 2501 in
982 2437 1108 2502 vinculo
1129 2439 1279 2510 coniectis,
1290 2427 1361 2496 utile

378 2545 463 2588 mam
478 2525 519 2590 ad
534 2537 678 2590 senatum
700 2525 910 2600 mitterentur,
926 2523 1106 2589 Messanam
1122 2547 1143 2588 a
1181 2547 1220 2588 ue
1236 2520 1296 2586 inde
1309 2516 1362 2606 Syr?

222 2620 343 2695 Tribunos
379 2631 468 2674 cusas
489 2611 592 2676 rediit.
639 2610 814 2675 Pleminius
836 2611 994 2697 impotens
1015 2610 1090 2688 irae,
1105 2538 1362 2711 neglecnmabte

221 2684 351 2796 fflffllssm
378 2696 474 2781 pione
504 2709 538 2760 et
566 2697 661 2761 nimis
689 2697 802 2761 leviter
830 2697 925 2760 latam
955 2719 1043 2760 suam
1071 2697 1221 2761 iniuriam
1242 2711 1315 2764 ratus,
1331 2697 1372 2748 ssis?

312 2785 318 2798 '
379 2804 573 2868 quemquam
588 2784 753 2848 aestimare
768 2782 865 2846 alium
880 2805 950 2846 eam
973 2782 1061 2847 litem
1077 2805 1180 2869 pome,
1195 2781 1252 2845 nisi
1265 2777 1307 2865 qui
1317 2787 1362 2868 att

378 2869 506 2932 citatem
521 2868 590 2932 cius
604 2868 755 2956 patiendo
766 2869 921 2946 sensisset,
931 2868 1074 2932 tribunos
1085 2869 1203 2934 attrahi
1213 2867 1250 2932 ad
1261 2889 1288 2930 se
1299 2863 1362 2924 itffllss

378 2953 593 3041 laceratosque
609 2954 764 3031 omnibus,
780 2976 862 3040 quae
884 2955 951 3041 pati
969 2977 1083 3041 corpus
1098 2953 1201 3019 ullum
1221 2963 1362 3040 potestat

377 3040 480 3127 pliciis
503 3041 677 3106 interfecit:
707 3063 767 3104 nec
793 3040 922 3106 satiatus
944 3041 1087 3105 vivorum
1110 3063 1227 3141 poene,
1249 3029 1363 3119 inseptlffi‘

378 3127 519 3213 proiecit.
563 3126 667 3192 Simili
681 3125 868 3191 erudelitate
883 3127 964 3190 etin
979 3126 1189 3191 Locrensium
1203 3122 1330 3213 principes
1339 3129 1363 3174 es

378 3233 463 3290 usus,
479 3236 559 3299 quos
581 3212 623 3277 ad
644 3212 884 3300 conquerendas
905 3212 1035 3276 iniurias
1049 3212 1089 3276 ad
1104 3211 1142 3276 P.
1157 3213 1365 3299 Scipionenpr

377 3297 476 3362 sectos
497 3299 635 3364 audivit:
660 3311 702 3376 et,
722 3321 803 3385 quae
826 3311 919 3364 antea
980 3321 997 3362 r
1017 3297 1185 3363 libidinem
1207 3312 1290 3382 atque
1307 3305 1365 3378 aar?

377 3383 453 3448 tiam
468 3384 561 3449 foeda
575 3407 669 3449 exem
692 3383 778 3453 lain
799 3385 899 3449 socios
920 3407 938 3448 e
964 3383 1072 3463 'ders-t,
1088 3396 1166 3448 tunc
1189 3385 1228 3449 ab
1245 3385 1285 3447 ira
1301 3371 1365 3441 muli*

375 3471 471 3571 plicis
489 3470 602 3536 edere:
627 3407 775 3535 initimiae
798 3483 893 3556 atque
916 3470 1053 3535 invidiae
1075 3492 1141 3535 non
1164 3470 1224 3536 sibi
1244 3451 1365 3537 rnodttffd

376 3571 472 3622 etism
487 3557 678 3644 imperatori,
695 3579 771 3622 esse.
1039 3603 1043 3614 .

268 3649 316 3711 10.
418 3643 487 3708 Iam
504 3644 704 3708 comitiorum
718 3645 888 3730 appetebat
902 3656 1036 3730 tempus,
1048 3665 1149 3744 quum
1163 3643 1201 3708 P.
1212 3637 1313 3708 Licinii
1323 3649 1367 3720 na

217 3731 306 3808 lisinii
316 3750 357 3783 0¹·
374 3729 450 3796 sulis
479 3729 588 3796 literae
605 3729 743 3794 Romam
758 3728 879 3808 allatae,
896 3729 958 3794 ‘Se
973 3743 1212 3817 exerc1tumqne
1227 3747 1304 3792 suum
1315 3733 1377 3810 gaft

214 3802 346 3911 {waf-
375 3817 507 3882 ‘morbo
533 3816 690 3882 affectari:
721 3837 781 3880 nec
807 3815 874 3880 sisti
894 3815 1044 3903 potuisse,
1066 3817 1102 3880 ni
1127 3816 1239 3881 eadem
1262 3813 1300 3876 sis
1317 3799 1367 3869 mtl

214 3925 300 3976 fectus.

406 4045 546 4105 4Heaeri]
577 4043 677 4096 Graece
704 4043 793 4106 ἑξήρης,
818 4059 882 4106 quae
946 4043 1059 4094 toruos
1069 4045 1149 4094 norbo
1160 4029 1367 4107 &arms-ll*

373 4124 416 4158 sex
427 4121 549 4157 remorum
560 4108 685 4156 ordinibus
695 4113 812 4170 ageretur.
914 4109 1121 4170 quemadmodum
1138 4109 1205 4172 apud
1221 4107 1321 4154 Plautum
1334 4093 1361 4141 l*

406 4173 655 4234 5Neoouamq1mm
677 4174 817 4231 moure]
846 4187 880 4221 sc.
913 4166 1366 4236 chiaiitr.aam,qettupe⁷⁶f

374 4234 484 4283 Pretium
496 4233 634 4293 decernere,
642 4249 691 4296 quo
701 4239 744 4283 aut
755 4233 881 4296 piaculum
913 4252 959 4296 me,
1048 4239 1206 4299 ,amimam
1222 4226 1366 4288 m‘ffffi'

372 4312 452 4405 noxtae
467 4295 610 4356 solveretur,
623 4304 667 4345 aut
682 4299 880 4348 domnamant·
913 4307 974 4350 tuor.
1015 4313 1072 4348 aar.

372 4372 463 4406 renur.
