2878 4772
325 236 421 305 LIB.
445 233 610 304 XXVIII.
644 237 755 306 cAP.
779 245 832 308 45.
1034 247 1099 310 463

24 381 156 442 5‘meas
170 395 219 440 res
233 387 337 463 gestas
351 375 385 440 in
402 373 561 464 Hispania
576 375 719 456 elevavit,
731 378 822 443 sicet
835 399 896 466 ego
906 390 1016 444 contra
1051 378 1099 444 lo·
1109 389 1142 442 υ.
1154 393 1183 441 c.
1200 404 1256 454 547.

52 467 62 498 ‘
70 459 145 525 riam
160 461 229 526 eius
242 461 383 540 eludere,
399 475 433 527 et
448 485 551 527 meam
565 463 669 530 verbis
683 463 835 530 extollere
854 464 959 530 velim.
1040 456 1137 531 οιι-Ᾱ·
1153 456 1184 507 ⁰·
1200 471 1256 520 ²0⁵·

22 553 151 611 6‘trum
165 547 289 626 faciam,
305 547 415 613 Patres
430 549 620 636 conscripti:
644 564 678 614 et
692 549 719 615 si
733 550 822 616 nulla
837 550 899 616 alia
912 573 956 630 re,
971 551 1098 618 modes

47 640 61 679 n‘
71 633 113 698 tia
125 646 211 699 certe
227 647 260 699 et
281 633 489 721 temperando
509 633 637 722 linguae
652 635 836 703 adolescens
856 659 965 702 senem
979 637 1094 704 vicero.

50 717 119 784 ‘Ita
139 731 172 784 et
194 719 269 798 rixi,
294 733 328 784 et
353 741 404 784 res
428 720 520 807 gessi,
548 735 585 786 ut
607 721 721 786 tacitus
749 745 789 788 ca
811 745 831 787 o
855 723 862 738 '
889 723 972 801 ione,
998 747 1096 811 quam

50 815 170 870 ‘vestra
178 819 293 922 ,sponte
308 820 496 894 conceptam
509 807 623 872 animis
637 808 805 887 haberetis,
870 809 911 874 ile
926 819 1096 876 contentus

49 901 175 956 ‘essem

91 977 201 1042 Minus
222 979 332 1064 aequis
353 978 467 1045 animis
486 979 613 1044 auditus
633 991 682 1044 est
704 979 820 1068 Scipio,
836 981 913 1068 quia
931 980 1094 1133 cuffiam
1195 1033 1202 1050 .

46 1065 163 1142 eratsi
185 1064 272 1150 apud
285 1078 429 1130 senatum
449 1087 515 1130 non
536 1065 731 1144 obtinuisset,
748 1079 784 1132 ut
803 1067 966 1154 provincia
1047 1069 1096 1134 'oa

47 1150 106 1215 sibi
125 1150 358 1229 decerneretur,
376 1149 417 1215 ad
474 1149 585 1239 pulum
606 1153 768 1240 extemplo
788 1153 934 1218 laturum.
980 1153 1094 1255 Itaque

50 1235 92 1310 Q„
106 1235 243 1314 Fulvius,
259 1237 316 1326 qui
330 1173 569 1325 mnmlbmter
583 1251 617 1304 et
636 1261 748 1304 censor
764 1239 877 1318 fuerat,
892 1239 1095 1328 postulante

46 1322 185 1401 consule,
201 1336 238 1387 ut
256 1323 360 1410 pdam
380 1323 415 1387 in
430 1336 544 1389 senatu
563 1323 694 1403 diceret,
711 1326 971 1413 ‘permitteretne
991 1327 1095 1392 Patri-

19 1409 134 1486 7‘bus,
154 1421 192 1474 ut
212 1407 254 1474 dc
273 1409 442 1498 provinciis
463 1410 698 1476 decernerent?
720 1423 804 1476 statu
879 1435 920 1477 ne
938 1435 977 1478 eo
999 1427 1093 1492 esset,

48 1503 58 1535 ⁶
67 1494 153 1580 quod
167 1495 373 1574 censuissent,
388 1517 430 1560 an
445 1495 486 1560 ad
503 1496 659 1584 populum
676 1433 967 1574 annaslwbuum
987 1497 1094 1586 Scipio

137 1581 268 1659 udisset,
290 1604 334 1660 se,
361 1581 449 1668 quod
472 1605 490 1647 e
517 1583 679 1670 republica
703 1596 795 1662 esset,
817 1583 972 1649 facturum
984 1607 994 1662 ;
1025 1599 1093 1650 tum

46 1667 74 1732 F
107 1668 185 1746 vius,
213 1667 310 1734 ‘Non
333 1690 393 1755 ego
416 1667 553 1756 ignams,
577 1669 657 1756 quid
774 1693 888 1736 nsurus
915 1671 1093 1736 facturusve

15 1760 58 1814 8‘
67 1775 160 1832 emes,
175 1754 326 1842 quaesivi,
342 1754 461 1841 quippe
476 1777 577 1842 quum
591 1778 666 1844 prae
686 1769 719 1822 te
745 1779 823 1835 eras,
839 1770 962 1822 tentare
983 1757 1093 1845 magis,

46 1849 164 1928 ‘quam
178 1839 342 1906 consulere
357 1853 511 1918 senatum,
528 1854 571 1919 et,
586 1842 620 1905 ni
634 1842 831 1929 provinciam
846 1843 914 1922 tibi,
927 1865 1024 1930 quam
1037 1866 1095 1907 ro-

46 1927 172 2005 ‘ltrcria
187 1926 349 2026 extemplo
363 1925 580 2004 decernamus,
595 1940 735 2014 paratam
755 1928 950 2016 rogationem
966 1928 1091 1994 habeas

46 2012 179 2100 ‘Itaque
193 2035 214 2077 a
226 2013 325 2089 robrs,
341 2012 460 2098 tribuni
479 2013 590 2100 plebis,
605 2013 750 2100 postulo‚'
764 2014 879 2100 inquit,
896 2021 907 2054 ‘
915 2027 952 2078 ut
965 2027 1093 2079 senten·

46 2099 143 2164 ‘tiam
158 2099 237 2163 mihi
248 2099 321 2164 ideo
336 2119 401 2164 non
412 2098 542 2178 dicenti,
555 2099 652 2186 quod,
664 2099 723 2164 etsi
738 2099 771 2163 in
787 2121 890 2165 meam
902 2101 1093 2166 sententiam

45 2193 56 2224 ‘
66 2185 257 2262 discedatur,
275 2207 342 2250 non
360 2185 401 2250 sit
420 2197 524 2250 ratum
544 2184 709 2250 habiturus
726 2185 847 2263 consul,
867 2186 987 2251 auxilio
1006 2186 1094 2250 sitia'

44 2270 126 2336 Inde
150 2271 312 2336 altercatio
338 2284 416 2349 orta,
440 2293 541 2359 quum
565 2271 675 2336 consul
700 2282 840 2358 negaret,
864 2293 1004 2358 aequum
1025 2293 1093 2337 esse

11 2357 188 2424 9tribnnos
211 2357 418 2436 intercedere,
438 2380 503 2444 quo
521 2357 628 2422 minue
646 2381 704 2422 suo
722 2357 776 2458 qu'
818 2381 858 2424 ue
878 2356 949 2423 loco
968 2371 1094 2424 senator

42 2457 172 2532 rogatus
190 2445 381 2510 sententiam
402 2444 531 2509 diceret.
577 2443 714 2509 Tribuni
735 2458 780 2508 tta
822 2457 1018 2522 ecreverunt,
1037 2443 1093 2509 ‘Si

44 2530 175 2596 ‘consul
194 2530 319 2595 senatui
340 2529 380 2594 de
422 2529 570 2594 rovinciis
589 2529 754 2616 permittit,
770 2531 845 2594 stari
867 2553 916 2608 eo,
937 2530 1026 2618 quod
1045 2552 1094 2596 se-

45 2625 158 2682 ‘natus
179 2617 348 2695 censuerit,
371 2553 492 2703 pllloet3
520 2637 580 2681 nee
601 2615 642 2680 de
665 2639 704 2680 ea
724 2637 758 2681 re
780 2616 855 2681 ferri
875 2616 917 2682 ad
939 2615 1094 2705 populum

45 2703 243 2790 ‘patiemurz
267 2703 294 2767 si
309 2724 374 2767 non
389 2701 553 2788 permittit,
569 2703 626 2789 qui
641 2701 681 2767 de
696 2725 736 2768 ea
749 2726 783 2768 re
798 2703 989 2770 sententiam
1003 2725 1094 2769 recu·

44 2789 146 2854 ‘sabit
160 2788 275 2866 dicere,
291 2787 411 2853 auxilio
430 2788 568 2852 erimua’
613 2787 737 2853 Consul
751 2789 836 2854 diem
853 2790 895 2855 ad
908 2790 1094 2877 colloquen-

42 2875 123 2940 dum
145 2897 219 2940 oum
243 2873 364 2962 collega
385 2875 486 2961 petiit
531 2873 664 2940 Postero
686 2875 739 2940 die
760 2875 949 2962 permissum
970 2875 1094 2940 senatui

39 2974 101 3027 est
148 2960 334 3026 ProvInciae
356 2960 401 3024 ita
419 2960 582 3025 decretae:
606 2959 697 3024 alteri
716 2961 839 3025 consuli
859 2959 967 3025 Sicilia
988 2975 1022 3026 et
1039 2961 1128 3026 tri-s
1139 2975 1169 3025 c,
1180 2977 1212 3050 da

65 3048 133 3113 'nta
161 3059 310 3112 rostratae
339 3067 445 3122 naves,
472 3067 552 3132 quas
582 3044 622 3109 0.
638 3044 789 3110 Servilius
817 3047 979 3132 superiore
1009 3039 1241 3111 mnoprovinuia

38 3071 221 3200 babuisse:
245 3133 508 3220 permissumque,
524 3143 561 3194 ut
574 3131 609 3194 in
630 3130 783 3210 Africam,
799 3131 826 3195 si
846 3130 880 3195 id
899 3131 1096 3218 erepublica

39 3243 112 3285 esse
127 3233 280 3298 censeret,
296 3219 471 3284 traiiceret:
495 3217 586 3282 alteri
602 3215 721 3281 Bruttii
737 3230 770 3282 et
783 3216 902 3282 bellum
914 3239 989 3282 cum
1003 3215 1096 3281 Han·

12 3332 23 3366 ι
41 3305 161 3384 nibale,
176 3329 249 3372 oum
270 3328 310 3371 eo
324 3305 479 3382 exercitu,
495 3325 592 3391 quem
615 3302 653 3367 L.
667 3302 831 3382 Veturius,
847 3315 903 3370 aut
924 3304 966 3379 Ω.
981 3303 1095 3369 Caeci-

75 3497 91 3546 5
107 3485 300 3547 Etapoeontra]
317 3482 468 3532 Econtraria
476 3489 556 3545 perte,
586 3488 685 3530 mutor
695 3481 840 3530 auctoritate
854 3482 924 3530 codd.
936 3479 1044 3542 plurium
1058 3495 1094 3529 re·

41 3547 161 3597 vicium.
587 3546 654 3608 legat
668 3545 776 3595 Gronov.
789 3561 862 3608 quem
876 3549 1002 3594 auctorem
1016 3543 1094 3606 seqni-

75 3609 146 3660 6132
164 3613 186 3661 ri
205 3613 276 3660 nullo
294 3613 345 3660 alia
362 3613 402 3670 re]
430 3612 488 3661 Ulla
503 3609 555 3658 alia
588 3613 628 3657 tur
638 3608 745 3659 Bekker.
757 3624 833 3671 quum
847 3608 873 3656 in
888 3613 1001 3657 renatum
1015 3607 1095 3657 venie·

37 3675 186 3725 emendavit
216 3675 324 3725 Gronov.
351 3681 377 3724 et
408 3677 554 3736 receperunt
585 3673 646 3721 bant
656 3675 748 3736 plures,
758 3673 889 3734 pluresque
901 3672 1047 3721 sententiam
1059 3671 1094 3720 di·

37 3741 117 3790 Cret.
135 3745 162 3790 et
178 3739 286 3790 Balrker.
305 3744 333 3787 ut
352 3754 415 3801 quae
434 3737 509 3788 lectio
527 3737 553 3786 in
586 3737 684 3796 cebant,
712 3750 786 3798 quam
814 3743 944 3786 senatores.
981 3737 1012 3786 cl.
1039 3735 1094 3790 infr.

37 3803 169 3868 plerisque
193 3817 245 3852 rtsa.
270 3808 358 3852 exsta.
399 3804 479 3852 Nulla
502 3816 554 3849 mo·
586 3801 670 3850 xxxvi.
682 3814 704 3861 3.
738 3803 788 3859 Qut
802 3807 925 3850 ammom
939 3808 1027 3861 ment,
1041 3803 1094 3864 pui-

36 3867 157 3917 destioria
167 3867 267 3930 quidam
279 3873 304 3916 at
315 3871 412 3915 tantum
424 3881 472 3914 aon
484 3880 553 3928 rpem
586 3867 677 3929 brqu
698 3867 727 3913 in
744 3871 833 3915 amata
851 3866 996 3914 mamam
1014 3866 1095 3916 dicere

36 3931 239 3982 obiicientisest.
586 3931 675 3980 liceret.
701 3928 969 3980 tarnatensem.
994 3929 1094 3979 aocl-

76 3997 274 4058 7Staturaaque
291 4011 319 4046 eo
336 3995 410 4053 uret]
435 3993 466 4042 cl.
482 3991 553 4054 Supr.
586 3993 730 4042 liuaiii.18.

35 4058 156 4109 xxvii6.
192 4061 226 4109 Ut
241 4076 277 4118 eo,
292 4060 357 4122 qaod
370 4065 455 4120 patrea
470 4071 555 4106 ceneto
622 4071 632 4106 1
652 4059 729 4116 Ωιιεω
744 4059 774 4106 L.
791 4059 915 4116 Voturiae,
931 4065 976 4106 cat
994 4061 1022 4116 Q.
1035 4059 1094 4107 Cae

35 4127 130 4183 duent,
140 4127 256 4174 matur.
588 4122 672 4181 eilias]
690 4121 786 4184 Supple
797 4137 828 4170 ex
840 4121 1042 4196 praecedentibus
1051 4123 1093 4169 lta·

73 4189 218 4238 flTentare
234 4188 325 4250 napis]
345 4187 450 4236 Tentare
466 4191 489 4234 te
506 4199 555 4232 mo·
588 4185 693 4234 mbae:
720 4183 766 4234 nisi
788 4187 860 4234 malta
880 4185 928 4234 hoc
947 4184 1047 4234 verbum
1070 4183 1094 4232 in

32 4255 79 4315 μὴ
95 4251 191 4313 recepit
207 4251 314 4300 Bellen
329 4250 371 4298 sed
389 4247 486 4298 codices
500 4248 555 4309 plu·
588 4253 731 4297 contextum
747 4249 887 4309 admittere,
901 4253 1000 4297 audere
1017 4247 1096 4310 Regio

36 4315 99 4366 rimi
111 4330 248 4378 pronomen
259 4315 378 4377 igrrorant.
588 4311 680 4362 codice.
697 4313 779 4363 Cart.

74 4395 92 4440 o
109 4379 446 4443 Saoqat'eatoelccoaenator]
462 4376 555 4426 Vocem
