3002 4798
205 338 240 388 U.
252 339 281 388 0.
342 375 349 390 .

204 405 234 454 Α·
253 349 349 467 diii.
393 416 520 494 uminis,
539 429 702 504 castraque
725 416 760 480 in
781 417 850 504 ripa
870 417 981 504 posita
1027 414 1150 502 Itaque,
1169 427 1206 480 ut
1227 414 1425 502 improvidos

368 197 411 257 80
754 190 867 258 ΤΙΤΙ
894 191 1032 258 LIVII

369 330 558 479 praemissae
589 328 776 407 retrdemnt,
805 329 937 396 classem
972 328 1128 395 Punicam
1162 341 1245 392 stare
1275 327 1311 390 in
1342 329 1425 392 ostio

369 504 577 654 ffiutosque
592 503 740 654 pinilqerso
754 503 1105 654 simugcffuqqutlerrore
1126 501 1333 652 pppriffiteiqet,
1350 503 1443 601 sub-s

371 612 644 764 aalide,
663 603 770 754 dil}
784 605 900 763 {tlt
920 692 954 741 n
972 600 1108 764 ,tut
1122 601 1425 828 elssmpffiffi

1369 783 1424 825 nm

306 800 312 808 ·
370 763 519 828 adversus
533 763 671 828 latrones
686 778 826 828 utuntur.
862 762 944 828 Inde
959 764 1072 850 primo,
1087 776 1264 848 conspectis

178 2334 184 2346 '
205 2333 297 2384 Classis
308 2333 357 2382 Pu·

205 2399 261 2446 nica
271 2397 297 2445 in
307 2400 345 2446 su-

205 2477 261 2524 gam
274 2477 347 2512 versa.

371 851 513 927 navibus,
528 851 639 916 datum
659 851 785 938 signum
802 849 994 914 Hasdrubali
1009 861 1075 926 est3
1099 847 1318 934 tumultusque
1333 848 1424 934 priua

370 937 405 1002 in
428 948 510 1001 terra
531 950 565 1002 et
585 937 703 1015 cestria,
720 959 817 1025 quam
838 937 880 1001 ad
901 959 987 1001 mare
1010 935 1105 1002 etad
1127 957 1232 1012 naves,
1251 947 1301 1000 est
1322 949 1423 1009 ornis,

370 1023 514 1089 nondum
537 1037 592 1088 ant
612 1024 707 1112 pulsu
728 1045 888 1088 remorum
910 1022 1106 1110 strepituque
1129 1021 1190 1086 alio
1212 1020 1344 1086 nautico
1366 1044 1425 1084 ex·

370 1110 490 1188 audito,
513 1124 569 1175 aut
590 1111 804 1211 aperientibus
826 1109 956 1210 classem
1001 1108 1228 1208 romontoriisa
1246 1129 1350 1193 quum
1373 1131 1425 1172 re·

370 1197 1006 1371 tlttqttessttttttlttt,
1018 1194 1424 1368 nrblttttit'tt

370 1382 436 1434 tem
458 1384 513 1435 aut
531 1370 685 1458 proelium
707 1393 747 1434 eo
769 1370 822 1434 dic
841 1383 1070 1456 exspectantes,
1086 1367 1300 1434 conscendere
1322 1391 1424 1434 nares

369 1479 504 1608 propiare
519 1471 615 1606 atque
635 1479 722 1522 arma
741 1456 978 1607 capereHinbet:
1002 1455 1132 1606 classepir
1154 1454 1332 1555 Romamn
1356 1455 1422 1554 iam

369 1557 934 1717 piuanl'iffunliitird‘iiinniiii
949 1555 1122 1694 ffliimi
1128 1563 1420 1692 {diffid-

369 1717 520 1816 varioque
536 1717 643 1782 omnia
658 1717 796 1781 tumultu
816 1729 971 1804 strepunt,
986 1715 1151 1780 ruentibus
1166 1715 1201 1778 in
1215 1735 1311 1778 neves
1323 1713 1422 1778 umul

370 1803 542 1890 remigibus
563 1802 789 1890 militibusque,
804 1803 995 1890 fugientium
1015 1801 1148 1888 magiae
1163 1813 1255 1878 terra,
1270 1823 1371 1887 quam
1386 1801 1421 1864 in

369 1911 510 1977 pugnam
531 1890 677 1954 euntium
699 1890 804 1955 modo.
858 1889 1004 1954 Vixdum
1025 1909 1135 1953 omnes
1156 1887 1419 1965 conscenderant,

370 1999 470 2062 quum
492 1977 555 2055 alii,
579 1975 723 2042 resolutis
752 1977 825 2054 oris,
847 1977 882 2040 in
904 1997 1032 2040 ancoras
1054 1974 1249 2040 evehuntiu:
1288 1973 1353 2051 alii,
1378 1988 1444 2040 net

370 2063 449 2149 quid
464 2076 580 2142 teneat,
597 2063 754 2129 ancoralia
767 2062 929 2127 incidunt:
954 2061 1131 2149 raptimque
1147 2060 1254 2124 omnia
1267 2083 1418 2148 praepro-

368 2171 444 2236 pere
462 2151 596 2238 agenda
611 2151 749 2214 militum
771 2161 922 2236 apparatu
944 2149 1073 2212 naudca
1094 2147 1268 2212 ministeria
1281 2147 1419 2234 impedi·

369 2250 476 2316 untur,
493 2237 714 2326 trepidatione,
725 2249 892 2300 nautarum
915 2257 1027 2322 capere
1049 2247 1083 2299 et
1102 2246 1210 2321 aptare
1226 2256 1313 2298 arma
1327 2234 1420 2298 miles

368 2325 562 2412 prohibebar.
609 2323 654 2388 Et
672 2325 736 2388 iam
752 2323 917 2388 Romanus
937 2344 1003 2387 non
1021 2343 1062 2409 sp
1085 2321 1295 2408 ropinquabat
1310 2320 1418 2398 modo,

369 2411 425 2475 sed
440 2411 600 2474 direxerat
614 2411 710 2474 etiam
725 2409 759 2472 in
773 2431 914 2497 pugnam
929 2431 1044 2472 naves·
1061 2343 1174 2494 itaque
1189 2429 1255 2473 non
1269 2407 1310 2472 ab
1325 2407 1418 2472 hoste

368 2509 402 2563 et
416 2497 536 2584 proelio
553 2496 653 2583 magis
673 2495 785 2572 Poeni,
801 2517 898 2582 quam
913 2507 1037 2559 suomet
1056 2493 1116 2580 ipsi
1133 2492 1272 2558 tumultu
1287 2494 1416 2570 barbati,

369 2595 491 2649 tentata
504 2583 609 2647 verius
623 2603 739 2669 pugna,
756 2603 853 2682 quam
867 2581 955 2658 inita,
971 2581 1005 2644 in
1019 2581 1127 2667 fugam
1143 2593 1325 2644 averterunt
1338 2579 1419 2646 elas-

368 2691 444 2734 sem.
484 2669 528 2733 Et
541 2691 642 2756 quum
655 2669 779 2734 adversi
793 2667 894 2732 amun
909 2689 943 2732 os
957 2667 1022 2732 lato
1036 2666 1162 2754 agmine
1178 2689 1214 2732 ac
1229 2679 1294 2730 tam
1309 2666 1419 2732 miultis

368 2756 463 2820 simul
477 2755 678 2820 venientibus
692 2754 779 2819 baud
798 2777 873 2819 sane
894 2753 1040 2819 intrabile
1055 2765 1146 2830 esset,
1161 2753 1197 2818 in
1211 2753 1286 2818 litus
1299 2754 1419 2840 passim

368 2865 465 2908 naves
487 2855 639 2931 egerunt:
669 2854 766 2929 atque
779 2841 843 2910 ,alii
863 2841 962 2919 vadis,
985 2840 1039 2905 alii
1060 2841 1144 2905 sicco
1165 2839 1256 2906 litore
1277 2842 1418 2941 excepti,

369 2931 484 3016 partim
513 2928 635 3006 armati,
662 2929 777 3016 partim
802 2928 947 3004 inermes,
975 2927 1016 2992 ad
1045 2927 1231 2992 instructam
1259 2947 1317 3013 per
1342 2926 1419 2992 ntus

368 3017 470 3082 aciem
491 3039 621 3082 suorum
648 3015 823 3103 perfirgere.
883 3013 977 3078 Duae
999 3026 1107 3078 nmen
1127 3013 1231 3100 primo
1258 3035 1419 3078 concursu

301 3148 309 3163 .
369 3117 478 3191 captae
493 3116 585 3169 erant
598 3101 739 3167 Punicae
754 3125 859 3180 naves,
876 3112 1025 3188 quattuor
1039 3122 1231 3187 suppressae.
1265 3099 1418 3177 Romani,

369 3213 552 3279 quanquam
581 3204 665 3256 terra
693 3188 832 3253 hostium
865 3200 941 3265 erat,
971 3200 1187 3273 armatamque
1217 3184 1320 3252 aciem
1349 3199 1419 3252 toto

367 3291 564 3365 praetentam
587 3277 623 3341 in
643 3275 734 3342 litore
756 3275 938 3351 cernebant,
961 3273 1048 3339 haud
1073 3285 1259 3342 cunctanter
1280 3273 1418 3339 insecuti

368 3365 525 3454 trepidam
539 3364 679 3429 hostium
694 3362 834 3438 classem,
850 3383 946 3425 naves
960 3382 1081 3437 omnes,
1120 3383 1179 3424 uae
1195 3381 1260 3424 non
1276 3372 1333 3424 aut
1346 3383 1420 3447 per-

367 3451 526 3539 fregerant
539 3473 646 3540 proras
666 3449 757 3514 litore
772 3448 877 3525 illisas,
893 3460 948 3512 ant
968 3447 1088 3511 carinas
1097 3383 1240 3511 (dxeram
1253 3445 1353 3522 vadis,
1369 3469 1441 3520 re-7

367 3537 478 3626 ligatas
492 3538 652 3625 puppibus
665 3535 701 3599 in
716 3535 815 3599 altum
833 3546 1015 3600 extraxere:
1040 3533 1080 3597 ad
1096 3533 1239 3619 quinque
1255 3545 1289 3597 et
1303 3532 1420 3620 viginti

367 3647 464 3690 naves
479 3647 520 3689 ex
535 3623 637 3724 quadr
677 3622 745 3686 inta
759 3643 880 3708 cepere.
1490 3651 1491 3658 κ

411 3711 529 3798 Neque
544 3709 578 3774 1d
589 3708 664 3796 pulc
687 3707 838 3772 errimnm
852 3707 920 3771 eius
934 3705 1083 3772 victoriae
1098 3705 1169 3783 fuit,
1181 3705 1238 3770 sed
1250 3705 1340 3792 qnod
1355 3727 1420 3771 una

400 3915 449 3976 50
470 3913 627 3974 raowrrore]
641 3913 728 3975 Offnco
738 3911 877 3961 emendarit
909 3912 975 3960 unda
992 3912 1105 3962 radatis
1123 3913 1181 3970 aria,
1202 3911 1308 3959 necdum
1331 3911 1422 3958 ieratis

369 3979 444 4028 Walc
461 3979 506 4028 ins.
534 3977 618 4040 Vulgo
628 3977 707 4040 effuso
717 3977 813 4039 legitur.
909 3975 1029 4035 anchoris,
1044 3990 1120 4024 nares
1139 3976 1163 4022 in
1183 3975 1303 4023 anchmns
1318 3983 1420 4024 arenae

400 4041 553 4093 asemon
568 4043 630 4102 oria]
660 4043 724 4091 Orac
740 4039 876 4088 retinacula
907 4038 1419 4101 sintethostiuminrpetuspuppibuaex-

368 4107 531 4170 erantqnibus
539 4105 630 4218 puppis
639 4105 714 4168 littori
722 4104 876 4168 alligabatur,
909 4103 1025 4166 cipersnt

366 4174 578 4222 acclamantem
605 4184 702 4231 eprora
712 4170 798 4218 missae
810 4173 873 4216 sunt
940 4169 1140 4229 7Relipatnapu
1176 4168 1243 4226 idua]
1260 4165 1420 4230 cfiTlrncyd.

369 4235 437 4284 Hinc
455 4251 530 4285 naves
548 4235 692 4296 plerumque
711 4232 805 4296 duplici
824 4231 874 4280 vin·
907 4229 923 4280 i.
938 4245 976 4292 50.
993 4232 1048 4280 Pol.
1064 4231 1097 4279 iii.
1146 4267 1152 4279 .
1183 4233 1358 4292 Qriadrnptnta
1376 4247 1420 4294 pro

369 4300 424 4348 culo
435 4301 589 4359 tenebantur,
600 4297 634 4346 ita
647 4303 675 4346 ut
689 4297 780 4360 puppis
795 4297 821 4344 in
837 4296 876 4343 lit·
910 4297 1012 4356 ἑήρὺιθα
1023 4295 1162 4344 emendavit
1172 4294 1293 4357 Sigonius.

368 4369 408 4412 tus
427 4379 493 4413 tersa
509 4363 549 4424 sit,
565 4377 636 4424 prora
652 4363 731 4410 altum
748 4365 877 4424 spectaret,
