2874 4772
347 201 445 268 LIB.
469 200 598 268 XXVI.
628 201 736 268 GAP.
760 209 812 270 30.
1043 209 1106 271 315

1 345 48 411 7‘
58 337 165 402 velut
193 335 269 402 dedi
298 357 402 402 noxae
432 335 581 400 inimico!
634 333 706 400 Hae
738 333 918 400 Siculomm
946 334 1107 422 querelae,
1118 353 1153 404 U.
1163 353 1194 406 c.
1210 347 1269 416 542.

34 425 170 490 domos
184 422 321 510 primum
337 421 492 487 nobilium
507 419 718 499 circumlatae,
734 421 974 508 celebrataeque
989 443 1108 486 sermo-
1118 419 1148 468 A.
1165 417 1196 467 ⁰·
1211 429 1267 464 ²¹⁰·

35 511 161 587 nibus,
202 530 259 574 uos
278 508 394 610 partim
413 507 629 573 misericordia
650 507 838 584 Siculorum,
855 509 970 594 partim
988 508 1110 573 invidia

37 595 172 662 Marce
198 595 206 612 '
222 595 389 672 exortabat,
404 594 441 660 in
454 605 600 660 senatum
615 595 711 658 etiam
725 606 948 680 pervenerunt.
993 594 1110 660 Postu·
1119 607 1249 656 truantur

37 682 159 748 latum
170 681 382 747 aconsulibua
393 693 451 758 est,
460 693 498 745 ut
509 679 549 745 de
558 679 776 780 permutandis
784 680 954 766 provinciis
965 692 1110 745 senatum
1119 669 1267 734 provinciae.

39 766 271 834 consulerent.
317 766 500 844 Marcellus,
525 774 573 830 ‘sr
597 767 661 830 iam
685 765 788 830 auditi
810 766 850 831 ab
875 779 989 831 aenatu
1012 765 1110 832 Siculi

43 863 195 932 ‘efflent
222 853 315 918 aliam
338 853 470 919 forsitan
494 852 633 917 futuram
662 852 758 916 titisse
788 852 979 918 sententiam
1002 853 1113 930 suam}

42 939 178 1006 dicere.
225 937 355 1016 ‘Nune
373 961 415 1004 ne
433 939 505 1026 quis
523 938 635 1004 timore
654 937 772 1002 frenari
791 961 846 1002 eos
868 938 975 1004 dicere
995 952 1111 1024 posset,

45 1035 59 1065 ‘
99 1049 148 1092 uo
163 1025 269 1090 ιιιίιιιιε
283 1025 325 1090 de
345 1047 384 1090 eo
397 1023 497 1090 libere
512 1035 696 1111 querantur,
711 1024 746 1088 in
760 1024 851 1090 cuius
865 1037 1021 1110 potestate
1036 1047 1112 1090 mox

46 1049 183 1177 ‘ditari
196 1111 269 1189 sint,
285 1111 311 1176 si
326 1109 465 1198 collegae
479 1109 561 1175 nihil
581 1110 714 1187 intersit,
730 1123 852 1175 mutere
869 1132 903 1175 se
918 1111 1113 1199 provinciam

14 1207 231 1286 s‘paratum
259 1219 336 1262 esse.
383 1197 559 1284 Deprecari
588 1209 716 1260 senatus
744 1196 975 1285 praeiudicium
985 1221 995 1274 3
1025 1219 1112 1274 narn,

51 1291 185 1370 ‘quum
199 1297 289 1348 extra
302 1297 419 1348 sortem
434 1282 573 1384 collegae
593 1283 757 1369 optionem
771 1281 841 1348 dari
855 1283 1036 1371 provinciae
1050 1283 1114 1347 ini-

18 1396 39 1446 9
52 1379 184 1457 ‘quum
198 1370 304 1447 fuerit,
320 1381 442 1456 quanto
460 1391 613 1434 maiorem
633 1369 792 1447 iniuriam,
807 1369 872 1434 imo
887 1368 1113 1434 contumeliam

54 1464 165 1534 ‘esse,
179 1469 297 1521 sortem
316 1478 406 1520 suam
421 1455 551 1520 adeum
566 1453 762 1520 uansferril'
784 1453 835 1520 Ita
848 1469 985 1533 senens,
1001 1477 1112 1542 quum,

83 1542 144 1608 uid
158 1541 307 1629 placeret,
317 1542 417 1692 magis
432 1541 629 1619 ostendisset,
640 1563 737 1628 quam
752 1540 920 1619 decresset,
932 1541 1111 1606 dimittitur.

104 1628 180 1693 teri
268 1650 413 1692 consuas
427 1628 619 1714 permutatio
632 1626 876 1714 provinciarum,
891 1628 1034 1714 rapiente
1049 1628 1114 1693 fata

58 1713 177 1780 Marce
201 1736 257 1778 um
278 1713 320 1778 ad
343 1711 567 1790 Hannibalem,
587 1713 671 1778 faeta
692 1726 757 1778 este
780 1725 826 1792 ut,
847 1735 888 1779 ex
908 1737 974 1802 quo
992 1714 1115 1800 primus

59 1800 214 1866 adversae
229 1821 355 1886 pugnae
369 1799 502 1886 gloriam
516 1811 654 1886 ceperat,
669 1799 704 1863 in
714 1799 783 1863 eius
796 1799 925 1865 laudem
938 1813 1115 1886 postremus

60 1886 287 1952 Romanorum
308 1886 543 1972 imperatorum,
565 1885 723 1972 prosperis
744 1897 814 1950 tum
833 1885 971 1950 maxime
993 1883 1115 1950 bellicis

61 1973 171 2050 rebus,
187 1971 323 2036 caderet

110 2057 304 2123 Permutatis
331 2057 512 2144 provinciis,
544 2055 653 2133 Siculi,
682 2054 717 2120 in
751 2067 897 2120 senatum
930 2054 1114 2133 introducti,
1172 2057 1223 2118 30.

63 2143 170 2209 multa
183 2143 223 2209 de
239 2142 391 2210 Hieronis
402 2144 486 2244 regis
499 2141 567 2242 fide
574 2154 730 2228 perpetua
743 2163 818 2229 erga
826 2141 980 2229 populum
996 2140 1117 2206 Roma·
1125 2139 1264 2214 Siculorum

1125 2204 1203 2253 oratio
1213 2218 1239 2252 ιιι

35 2255 50 2292 1
63 2251 147 2294 num
161 2229 258 2295 rerba
270 2229 424 2308 fecerunt,
440 2252 474 2292 in
546 2240 622 2292 tram
637 2227 794 2314 publicem
811 2239 998 2306 avertentes,
1015 2227 1232 2318 ιΗίε-Μωωει,

67 2324 260 2466 {ilidii
276 2327 445 2479 tritt
457 2312 1187 2488 ,tttttttttlt0tltttttr

69 2424 319 2564 ‘llannibalem
335 2487 452 2552 invisos
466 2487 561 2552 fuisse
576 2486 645 2551 sibi.
692 2485 745 2552 Ob
760 2508 831 2551 eam
847 2509 974 2552 causam
989 2500 1022 2552 et
1036 2485 1118 2552 Hie·

68 2581 260 2724 t-‘err
275 2574 700 2725 tr...
721 2595 820 2724 ur
838 2573 1118 2725 ernest

70 2671 964 2832 ‘ssireginetcauridlffisdmordmyiuvenulmpodomffldonem
983 2681 1119 2822 laetari}

71 2840 82 2871 ‘
93 2853 184 2918 quos,
196 2829 343 2896 Marcelli
355 2852 443 2896 mora
456 2831 633 2910 destitutos,
646 2831 722 2918 quia
732 2831 774 2896 ad
783 2833 982 2918 praedictum
994 2843 1119 2920 tempus

72 2916 269 2984 ‘exercitum
292 2917 334 2982 ad
364 2916 533 3004 Syracusas
556 2939 623 2982 non
652 2916 850 2995 admovisset,
876 2917 996 2982 indicio
1025 2917 1118 2996 lacto,

72 3013 206 3069 ‘omnes
223 3004 263 3104 alr
278 3003 420 3104 tyranms
434 3002 624 3103 interfectos
670 3000 753 3066 Eam
767 3025 896 3104 quoque
915 3002 1120 3153 Hippocratis

73 3099 189 3176 ‘atque
201 3088 282 3176 Eprc
305 3089 354 3154 drs
363 3087 564 3177 tyrannidem
573 3087 763 3152 Marcellum
779 3101 942 3165 excitasse,
1002 3102 1121 3154 ontmrs

74 3175 263 3242 ‘crudeliter
277 3113 417 3262 direptis
456 3172 634 3262 Nunquam
644 3173 762 3238 deinde
776 3174 936 3261 principes
952 3173 1122 3263 Syracusa·

75 3272 208 3328 ‘nomm
221 3261 338 3327 desisse
353 3261 395 3326 ad
414 3260 604 3326 Marcellum
625 3260 766 3337 nansire,
781 3259 998 3349 pollicerique,
1014 3283 1047 3326 se
1068 3281 1122 3326 ur·

76 3349 178 3426 ‘bem,
190 3370 290 3436 quum
299 3346 405 3426 vellet,
417 3347 447 3413 ei
463 3347 641 3412 tradituros.
690 3345 755 3411 Sed
766 3369 839 3411 eum
851 3347 954 3435 primo
969 3348 1000 3412 vi
1010 3369 1122 3434 capere

77 3433 260 3500 ‘maluisses
284 3433 370 3513 dein,
386 3456 486 3522 quum
500 3433 535 3498 id
554 3455 660 3521 neque
675 3445 768 3512 terra,
783 3455 890 3521 neque
911 3434 1000 3511 mari,
1016 3433 1124 3499 omnia

117 3651 129 3702 7
147 3640 211 3689 Dedi
231 3640 323 3699 meas]
358 3637 498 3688 Discrimen
520 3635 585 3686 inter
616 3637 726 3685 haaeres
739 3635 777 3685 sui
791 3637 867 3700 ipsius
878 3635 1124 3699 iudicioetcollegae

79 3705 174 3755 natm
185 3707 210 3751 et
220 3718 309 3754 msam
318 3702 477 3764 Oudendorp.
485 3702 517 3751 ad
525 3701 584 3751 Sue·
616 3699 778 3763 permittatur.

80 3776 131 3818 tou.
144 3767 240 3816 Οιιιιιιι.
258 3767 297 3816 8ι.
315 3765 352 3814 ita
368 3765 502 3826 eonstimit,
519 3764 583 3814 scili·
648 3767 811 3828 plaudam,
821 3767 869 3814 tm
882 3765 1064 3825 ommatium]
1081 3766 1124 3814 In·

81 3837 122 3882 cet
131 3832 225 3881 mem
238 3845 292 3880 vere
302 3829 583 3890 adieetirum,rubintel-
615 3829 684 3878 turta
703 3833 740 3878 ast
755 3829 781 3877 id
798 3829 863 3890 quod
881 3828 909 3876 tlt
926 3835 1010 3876 contra
1025 3828 1072 3888 ius,
1087 3831 1125 3878 tn·

81 3899 145 3946 lecto
160 3897 257 3958 capon
273 3895 312 3943 vel
327 3910 387 3954 rara,
401 3908 498 3955 semper
514 3893 584 3956 rigni-
612 3895 718 3955 jurum
734 3895 879 3944 mustella
889 3893 991 3942 denotat
1001 3895 1126 3956 probrum,

84 3961 154 4010 ficare
171 3957 279 4020 erdpem,
296 3957 419 4017 iniuriam,
438 3962 583 4019 peccatum:
617 3957 716 4020 affront.
733 3957 814 4007 Cur.

83 4037 167 4073 noem
186 4023 275 4096 eulpae
294 4036 409 4084 poenam,
424 4021 491 4070 unde
507 4037 586 4072 mas
653 4035 664 4069 r
682 4024 832 4084 Ingratum
840 4023 964 4085 ριιόἱίιιιιιι
975 4022 1124 4081 sverm]

85 4089 149 4146 dare,
168 4091 193 4134 et
213 4085 272 4134 hine
290 4085 392 4147 quodvis
413 4084 586 4136 detrimentum
612 4084 766 4150 *ldagentea
776 4091 805 4134 ut
815 4099 860 4148 pro
870 4087 964 4136 meritis
974 4085 1090 4134 Hieronis
1101 4083 1126 4131 in

86 4165 116 4200 sc
125 4149 246 4198 ᾱιιιιιιιιιιιι.
268 4149 299 4200 ct‘.
311 4149 444 4198 amman
457 4149 547 4212 opusc.
561 4161 587 4211 p.
619 4149 740 4212 poputum
752 4151 894 4198 Romanum
908 4149 986 4213 gratia
998 4148 1043 4196 toti
1055 4148 1126 4208 syra-

89 4212 342 4338 “traua
359 4275 590 4326 ramni...
621 4227 765 4325 trust
786 4213 880 4264 “lm
902 4213 1015 4262 Μ
1036 4209 1128 4260 *⁵¹¹⁰*

89 4347 138 4390 tum
154 4339 322 4404 interponatur
334 4339 441 4402 ιιιιιιῆι,
451 4355 500 4404 quo
510 4339 591 4390 minus
