2878 4772
346 199 445 299 'ma
470 233 634 301 xxvm
668 233 778 302 car.
803 241 833 301 c.
1050 241 1116 304 409

63 364 307 444 Machanidam,
323 367 406 434 fama
425 369 582 435 adventus
600 371 650 434 sui
671 371 824 448 territum,
843 369 994 457 refugisse
1014 371 1116 436 Lace·
1125 385 1160 436 U.
1170 386 1201 438 c.
1217 395 1273 450 545.

63 451 267 530 daemonem,
283 455 335 518 Ae
359 455 426 518 'um
447 477 481 520 se
503 455 544 519 ad
563 456 733 520 concilium
748 456 952 521 Achaeorum
974 449 1155 544 recepit&
1171 451 1202 501 ⁰·
1217 463 1273 514 ²0⁷·

63 538 163 602 simul
187 539 318 604 classem
336 477 506 617 ilunicam,
534 554 570 606 ut
594 543 673 605 mari
721 564 826 641 uoque
853 542 975 629 aliquid
999 557 1113 630 posset,

32 651 47 684 1
63 625 210 702 accitam,
226 626 271 690 ibi
285 639 371 690 ratus
385 649 419 690 se
434 628 647 692 inventurum.
692 564 807 690 faucis
821 641 895 692 ante
911 628 1024 694 diebus
1038 630 1114 694 inde

66 710 177 775 Oxeas
206 713 396 777 traiecerant
423 713 545 777 Poeni:
580 713 656 776 inde
685 726 794 798 portus
824 714 1030 779 Acarnanum
1058 738 1115 801 pe·

63 798 192 874 tierent,
217 820 319 884 quum
344 799 383 863 ab
408 797 495 864 Oreo
518 798 694 886 profectum
717 797 863 862 Attalum
888 798 1114 886 Romanosque

63 882 238 961 audissent,
259 885 351 948 veriti
374 907 416 948 ne
440 885 481 949 ad
504 907 537 949 se
561 885 669 962 iretur,
690 897 723 948 et
746 885 829 948 intra
851 884 974 950 Rhium
992 885 1114 973 (fauces

63 991 123 1032 eae
139 983 213 1034 sunt
230 969 392 1035 Corinthii
406 969 508 1056 sinus)
523 994 543 1035 o
565 971 786 1058 primerentur.

110 1053 279 1143 Philippus
294 1057 453 1122 maerebat
473 993 603 1143 quiddm
623 1070 656 1121 et
675 1057 859 1143 angebatur,
875 1079 975 1145 quum
989 1058 1032 1122 ad
1046 1079 1113 1122 om·
1180 1061 1210 1121 8.

61 1139 121 1204 nia
134 1141 201 1228 ipse
215 1143 332 1229 raptim
346 1144 430 1220 isset,
446 1143 526 1207 nulli
542 1154 648 1207 tamen
667 1165 701 1207 se
723 1143 770 1206 rei
791 1144 826 1206 in
846 1155 988 1230 tempore
1004 1167 1114 1210 occur-

61 1227 152 1304 risse,
178 1239 213 1292 ct
237 1229 414 1315 rapientem
440 1229 546 1294 omnia
571 1251 612 1293 ex
637 1228 737 1294 oculis
765 1228 894 1294 elusisse
920 1229 1112 1294 celeritatem

60 1335 155 1402 stram
176 1312 344 1378 fortunam
391 1315 431 1379 In
453 1313 586 1380 concilio
610 1329 727 1392 autem,
752 1314 952 1380 dissimulans
975 1317 1233 1406 aegritu-Philippi

59 1398 185 1476 dinem,
208 1399 291 1464 elato
317 1401 423 1464 animo
447 1401 610 1466 disseruit:
635 1412 766 1465 testatus
792 1401 868 1465 deos
894 1402 1111 1501 hominesque,
1121 1399 1235 1469 onnon

63 1493 73 1523 ‘
85 1507 121 1548 se
145 1484 234 1549 nullo
256 1486 337 1564 loco,
361 1509 422 1551 nec
447 1502 588 1574 tempore
615 1487 761 1564 defuisse,
783 1487 872 1573 quin,
895 1487 950 1550 ubi
974 1487 1112 1552 hostium
1121 1457 1231 1570 {⁰2²3}ss

62 1579 175 1635 ‘arma
188 1573 455 1658 concrepuissent,
470 1595 519 1650 eo,
535 1586 654 1659 quanta
668 1574 807 1638 maxima
821 1585 927 1659 posset
940 1573 1111 1652 celeritate,
1120 1599 1183 1636 rum.

62 1665 72 1694 ‘
85 1656 250 1722 tenderet:
274 1658 332 1722 sed
345 1660 400 1722 vix
414 1658 568 1724 rationem
583 1658 657 1724 iniri
671 1681 772 1746 posse,
788 1671 896 1724 utrum
912 1659 952 1724 ab
966 1682 999 1724 se
1015 1659 1114 1725 auda-

61 1743 164 1820 ‘cius,
190 1765 232 1808 an
256 1743 400 1831 higecius
425 1746 464 1810 ab
493 1745 635 1810 hostibus
662 1758 790 1832 geratur
818 1744 946 1810 bellum.
994 1745 1047 1811 Sic
1072 1747 1112 1812 ab

61 1827 220 1916 ‘Opunte
237 1829 394 1906 Attalum,
414 1830 460 1895 sic
482 1829 656 1918 Sulpicium
679 1853 699 1894 a
722 1829 887 1908 Chalcide,
910 1832 956 1895 sic
977 1831 1016 1896 iis
1036 1832 1113 1918 ipsis

60 1914 198 1979 ‘diebus
216 1915 444 1980 Machanidam
467 1939 485 1980 e
509 1917 654 1980 manibus
675 1917 739 1980 suis
761 1916 911 2015 elapsum.
959 1916 1025 1981 Sed
1046 1939 1112 1981 non

61 2009 212 2087 ‘semper
235 2000 361 2068 felicem
386 2023 455 2067 csse
478 2002 602 2088 lugam:
626 2024 686 2068 nec
709 2024 767 2089 pro
790 2001 911 2066 difficili
934 2001 969 2066 id
993 2000 1112 2067 bellum

60 2096 72 2126 ‘
82 2085 279 2164 habendum,
295 2088 329 2152 in
345 2111 419 2174 quo,
435 2089 461 2152 si
480 2087 575 2151 modo
595 2109 779 2173 congressus
800 2108 874 2151 cum
894 2087 1037 2152 hostibus
1058 2088 1110 2166 sis,

60 2171 206 2237 ‘viceris
254 2173 352 2248 Quod
378 2175 515 2262 primum
544 2185 634 2249 esset,
659 2171 889 2237 confessionem
914 2195 948 2238 se
970 2173 1111 2240 hostium

60 2258 212 2336 ‘habere,
238 2281 439 2346 nequaquam
466 2281 556 2347 pares
582 2280 648 2323 esse
675 2258 751 2323 sibi:
779 2258 867 2323 brevi
892 2271 925 2323 et
947 2259 1111 2324 victoriam

60 2355 72 2386 ‘
83 2343 171 2408 haud
187 2345 316 2410 dubiam
335 2346 527 2422 habiturum,
544 2367 603 2410 nec
625 2344 755 2409 meliore
777 2358 896 2410 eventu
916 2367 970 2410 eos
992 2369 1109 2425 secum,

60 2441 182 2517 ‘quam
211 2453 277 2518 spe,
307 2432 522 2519 pugnaturos'
566 2430 659 2496 Laeti
762 2453 795 2495 m
824 2431 901 2496 socii
929 2432 1108 2498 audiemnt.

60 2517 221 2582 Reddidit
239 2517 315 2582 inde
332 2517 471 2584 Achaeis
492 2517 651 2582 Heraeam
671 2530 703 2582 et
752 2516 929 2616 riphpliam.
975 2517 1111 2605 Aliphe-

24 2631 45 2664 α
59 2625 130 2668 ram
145 2616 252 2668 autem
268 2604 512 2691 Megalopolitis,
528 2603 616 2691 quod
636 2625 765 2669 suorum
784 2603 880 2668 fuisse
901 2604 1015 2668 finium
1036 2605 1110 2669 satis

85 2690 247 2767 robabant,
274 2691 419 2755 restituit
466 2689 557 2768 Inde,
582 2691 714 2755 navibus
737 2690 874 2776 acceptis
897 2691 937 2756 ab
961 2691 1109 2768 Achaeis,
1118 2710 1240 2761 classis

60 2713 171 2862 lerant
193 2791 301 2840 autem
324 2788 387 2842 tres
432 2775 626 2841 usdriremes
645 2789 679 2841 et
699 2776 835 2841 biremes
850 2776 998 2862 totidem)
1013 2775 1242 2850 Antimachum

59 2882 170 2962 cpi-am
197 2863 328 2926 traiecit.
374 2799 456 2927 Iride
479 2862 762 2949 quinqueremibus
784 2885 818 2926 se
842 2875 916 2939 tem,
941 2875 975 2926 et
997 2863 1110 2928 lembis
1119 2839 1252 2889 “mm‘'

57 2947 176 3033 viginti
210 2947 354 3034 amplius,
408 2971 474 3026 uos,
503 2962 541 3012 ut
575 2947 762 3034 adiungeret
829 2961 876 3011 art
941 2948 948 2962 ⁸
974 2948 1110 3013 iensium

59 3033 162 3109 classi,
178 3035 306 3098 miserat
319 3035 354 3097 in
371 2972 576 3099 (iorinthium
596 3034 711 3109 sinum,
726 3032 885 3118 profectus
957 3031 1110 3119 Erythras

60 3119 262 3196 Aetolorum,
275 3142 356 3206 quae
371 3141 470 3207 prope
487 3117 658 3206 Eupalium
673 3130 757 3194 sunt,
770 3117 1009 3183 exscensionem
1023 3119 1107 3183 fecit.

61 3205 163 3270 Haud
184 3205 296 3270 fefellit
311 3206 460 3270 Aetolos:
485 3228 570 3282 nam,
586 3205 754 3268 hominum
775 3207 863 3290 quod
884 3216 939 3268 aut
959 3205 995 3267 in
1016 3205 1108 3291 agris,

58 3304 118 3356 aut
144 3291 178 3355 in
203 3292 391 3378 propinquis
420 3290 555 3356 castellis
580 3290 768 3355 Potidaniae
795 3301 891 3376 atque
918 3290 1108 3377 Apolloniae

59 3377 132 3454 fuit,
148 3377 181 3441 in
196 3377 288 3442 silvas
305 3391 493 3464 montesque
508 3377 633 3464 refugit
679 3375 810 3454 Pecora,
827 3398 908 3463 quae
924 3377 1008 3440 inter
1021 3378 1108 3441 festi-

58 3463 222 3528 nationem
237 3463 322 3552 abigi
339 3464 538 3551 nequierant,
553 3475 628 3528 sunt
646 3462 714 3527 dire
739 3475 771 3527 ta
791 3475 825 3527 et
847 3461 882 3525 in
904 3485 1000 3527 naves
1021 3485 1108 3526 com·

59 3549 159 3637 pulsa.
208 3547 295 3615 Cum
314 3549 363 3613 his
383 3560 551 3636 ceteraque
568 3547 695 3636 pracda,
746 3548 808 3612 icia
821 3561 964 3634 praetore
981 3548 1108 3613 Achae-

57 3657 151 3700 orum
168 3636 308 3722 Aegium
330 3636 434 3713 misso,
456 3658 556 3723 quum
578 3635 769 3701 Corinthum
788 3634 930 3734 petisset,
945 3633 1108 3721 pedestres

57 3720 137 3786 inde
152 3723 259 3809 copias
273 3743 331 3808 per
345 3722 512 3787 Boeotiam
531 3735 616 3787 terra
634 3721 708 3785 duci
723 3720 821 3785 iussit
867 3719 950 3808 Ipse,
966 3720 1006 3785 ab
1022 3721 1109 3787 Cen·

57 3807 163 3873 chreis
183 3821 310 3894 praeter
328 3821 443 3873 terram
459 3808 600 3874 Atticam
620 3829 716 3895 super
732 3806 868 3872 Sunium
881 3807 1042 3895 navigans,
1058 3809 1109 3873 in-

94 3977 186 4024 :Inde
213 3977 306 4037 Orsua]
341 3975 382 4024 lta
410 3975 566 4024 Drakenbor
597 3975 793 4088 ffiamlgata
808 3975 914 4025 lectione
928 3976 988 4036 abit,
998 3977 1106 4040 reposuit

57 4038 139 4097 chius,
150 4039 315 4088 coniecturam
328 4038 445 4088 Crevierii
461 4045 567 4099 secutus,
657 4040 706 4088 lter.

56 4103 192 4165 legendum
203 4104 290 4151 suadet
301 4118 345 4165 pro
357 4102 449 4165 vulgari
461 4105 490 4151 in
500 4104 565 4152 Pho·
630 4105 732 4162 aand
761 4119 862 4152 mam
888 4105 971 4165 saissa
997 4105 1104 4166 fialam]

54 4182 121 4218 cecc.
161 4169 241 4216 Oxeas
262 4182 294 4215 ex
317 4167 499 4215 Echinadamm
521 4182 565 4214 nu·
599 4167 693 4216 Vocem
711 4169 775 4230 qaod
793 4168 918 4218 Gmnorio
937 4167 1059 4229 displicet,
1078 4171 1106 4213 ut

54 4245 127 4280 mem
141 4231 233 4279 insides
243 4231 318 4278 fuisse
332 4235 417 4279 anctm
431 4235 468 4278 est
479 4229 566 4279 Strabo
598 4231 638 4278 cui
654 4245 787 4292 pronomen
805 4247 857 4280 esse
876 4232 993 4288 rideatur,
1004 4229 1046 4277 sed
1058 4229 1105 4277 Pa

54 4294 110 4345 viii.
128 4309 152 4356 p.
170 4305 225 4356 ³5¹·
260 4295 354 4344 Verum
376 4297 405 4343 t'a
422 4295 567 4344 Echinadas
597 4294 737 4342 risoniuset
748 4293 881 4343 Douiatius
892 4293 1037 4356 particulam
1048 4307 1105 4342 cau·

53 4374 89 4410 ex
108 4357 279 4410 emendatione
295 4357 497 4421 Gmnoriiquae
513 4359 566 4410 loa·
595 4359 738 4414 mameae
749 4358 842 4410 volunt.
