2888 4768
347 245 443 312 LIB.
468 245 579 312 XXV.
614 246 725 313 CAP.
749 251 779 311 3.
1022 253 1087 314 233

52 381 209 468 superioris
224 382 299 446 anni
314 382 454 460 consule,
467 381 546 448 alter
560 381 701 448 aFulvio
715 381 906 449 Centumalo
918 385 1084 472 acciperet.
1096 394 1131 444 U.
1142 395 1172 445 c.
1187 406 1243 456 540·

52 467 237 546 Praetorum,
255 467 356 534 Fulvii
372 467 485 548 Flacci,
501 491 583 556 quae
599 469 753 534 Luceriae
768 471 827 535 sub
841 470 981 536 Aemilio
995 495 1086 560 prae-
1094 459 1126 509 Δ·
1142 459 1172 509 ⁰·
1187 473 1243 508 ²¹²·

51 567 128 631 tore;
155 554 296 621 Neronis
321 554 459 634 Claudii,
486 579 568 644 quae
593 557 628 620 in
651 556 771 622 Piceno
793 557 852 622 sub
876 557 915 623 C.
933 557 1086 626 Terentio

49 640 181 718 hument,
193 642 335 730 legiones
345 657 468 707 essent:
490 665 527 708 su
549 641 746 730 plamantum
761 643 794 707 in
806 667 858 709 eas
867 645 1001 732 quisquc
1010 649 1087 712 scri·

49 726 130 792 beret
151 727 221 793 sibi.
268 728 314 794 M.
331 728 426 794 Iunio
449 729 483 794 in
509 665 630 794 thasos
652 729 792 816 legiones
814 732 952 796 urbanae
974 733 1087 819 prioris

50 814 118 877 anni
145 814 248 881 datae.
305 815 355 880 Ti.
382 815 568 904 Sempronio
599 814 744 880 Graccho
772 829 806 881 et
839 817 876 882 P.
900 817 1085 906 Sempronio

29 898 204 968 9Tuditano
228 903 397 989 imperium
418 903 662 990 provinciaeque
684 903 807 967 Lucani
829 918 863 968 et
886 903 992 970 Gallia
1012 929 1087 970 curn

49 987 107 1050 suis
130 989 323 1054 exercitibus
370 1003 549 1077 rorogatae:
580 989 659 1054 item
682 989 719 1053 P.
736 989 886 1068 Lentulo,
909 1013 973 1076 qua
996 1007 1087 1058 vetris

68 1075 204 1140 rovincia
224 1076 260 1140 in
281 1012 389 1141 Sicilia
405 1089 505 1153 esset3
530 1075 577 1140 M.
596 1075 748 1140 Marcello
774 1075 955 1164 Syracusae,
971 1093 1004 1142 et
1046 1102 1088 1144 ua

82 1160 194 1226 ieronis
216 1185 350 1250 regnum
369 1163 496 1228 fuisset:
521 1162 560 1227 T.
575 1161 712 1228 Otacilio
732 1162 852 1228 classis:
880 1101 1085 1230 Graeculi
1150 1199 1152 1204 v

31 1243 187 1313 1Valerio:
223 1248 368 1314 Sardinia
392 1248 432 1324 Q.
451 1249 564 1314 Mucio
587 1248 773 1327 Scaevolam
804 1249 978 1338 Hispaniae
1001 1252 1037 1317 P.
1054 1265 1087 1318 et

51 1329 106 1397 Cn
119 1333 287 1401 Corneliis
332 1336 389 1401 Ad
400 1349 520 1401 veteres
534 1337 689 1402 exercitus
700 1335 782 1402 duae
798 1339 935 1402 urbanae
947 1339 1088 1440 legiones
1097 1364 1134 1412 23·
1145 1347 1245 1412 legioni-

49 1421 258 1487 aconsulibus
275 1423 419 1510 scriptae,
435 1445 620 1510 summaque
635 1423 731 1488 trium
751 1438 784 1488 et
797 1425 909 1512 viginti
925 1424 1086 1513 legionum
1094 1415 1244 1528 ughellum

49 1527 176 1574 eoanno
191 1510 306 1575 effecta
320 1523 376 1575 est.
1094 1495 1111 1543 ⁸
1190 1513 1198 1528 “

88 1592 258 1660 Delectum
278 1595 442 1662 consulum
461 1596 508 1661 M.
520 1597 676 1662 Postumii
693 1598 721 1662 P
799 1597 863 1664 nsis
881 1621 954 1664 cnm
971 1622 1004 1664 m
1068 1624 1088 1667 ο

49 1699 139 1766 prope
159 1696 252 1748 motu
270 1705 375 1748 rerum
390 1683 507 1748 factum
527 1684 680 1771 impediit.
721 1621 918 1751 bibliensis
938 1699 1005 1752 erat
1053 1711 1089 1752 o-

48 1767 185 1846 stumius,
195 1771 253 1858 qui
264 1770 371 1836 multis
381 1771 472 1834 annis
483 1792 591 1857 parem
602 1771 711 1836 fraude
723 1773 831 1836 avariti
874 1797 914 1838 ue
925 1773 1088 1839 neminem

48 1850 221 1922 incivitate
244 1857 406 1935 habuerat,
427 1871 551 1945 praeter
573 1855 611 1920 T.
625 1795 1086 1945 Pomponiumffll'eientanum,

49 1959 149 2022 quem,
164 1943 371 2031 populantem
386 1956 503 2008 temere
519 1966 609 2032 agros
623 1944 658 2007 in
675 1943 823 2022 Lucanis,
838 1945 936 2011 ductu
953 1945 1089 2011 Hanno-

49 2024 94 2088 nis
106 2028 209 2112 priore
226 2053 311 2095 anno
325 2044 474 2117 ceperant
491 2029 775 2117 Carthaginienses.
821 2029 878 2109 Hi,
894 2031 969 2118 quia
983 2032 1087 2119 publi·
1097 2046 1217 2122 Postumii

50 2131 117 2175 cum
130 2116 308 2201 periculum
324 2131 391 2182 erat
401 2140 421 2181 a
431 2117 461 2180 vi
476 2115 669 2202 tempestatis
683 2116 718 2179 in
732 2116 779 2193 iis,
792 2140 873 2204 quae
888 2132 1088 2205 portarentur
1095 2111 1220 2173 putabant

50 2197 87 2260 ad
104 2203 272 2280 exercitus,
290 2216 324 2268 et
344 2203 489 2268 ementiti
508 2215 599 2267 erant
615 2201 692 2266 falsa
713 2203 882 2291 naufragia,
898 2219 932 2270 et
951 2227 989 2269 ea
1009 2177 1167 2292 ipsam

51 2303 125 2366 quae
144 2311 218 2355 vera
238 2289 505 2366 rentmtiaverant,
519 2287 629 2353 fraude
649 2288 788 2376 ipsorum
806 2290 889 2355 facta
905 2305 1005 2368 erant,
1021 2315 1087 2357 non

50 2391 126 2436 casu.
171 2373 210 2440 In
234 2389 357 2441 veteres
376 2398 565 2463 quassasque
588 2398 683 2440 naves
703 2376 812 2463 paucis
833 2389 866 2442 et
886 2377 974 2466 parvi
994 2379 1088 2465 pretii

51 2457 137 2522 rebus
158 2461 323 2550 impositis,
346 2485 447 2551 quum
468 2462 648 2527 mersissent
666 2485 719 2527 eas
740 2462 775 2526 in
796 2462 868 2541 alto,
891 2465 1032 2552 exceptis
1054 2467 1087 2530 in

51 2562 243 2633 praeparatas
257 2549 387 2637 scaphas
402 2550 515 2626 nautis,
531 2548 721 2636 multiplices
735 2548 829 2614 fuisse
844 2573 964 2616 merces
978 2575 1088 2618 emen-

51 2627 210 2700 tiebantur.
259 2636 308 2700 Ea
317 2637 401 2702 fraus
410 2635 550 2701 indicata
564 2635 612 2700 M.
626 2635 727 2701 Atilio
738 2637 876 2725 praetori
889 2638 991 2725 priore
1004 2662 1088 2705 anno

50 2713 154 2798 fuerat,
169 2745 207 2788 ac
223 2745 281 2810 per
295 2745 369 2787 eum
382 2723 424 2789 ad
435 2736 578 2788 senatum
593 2722 705 2801 delata,
721 2746 781 2788 nec
797 2737 903 2789 tamen
917 2723 982 2790 ullo
998 2749 1088 2792 sena·

50 2810 241 2873 tusconsulto
260 2822 385 2876 notata:
409 2810 485 2896 quia
506 2810 615 2874 Patres
635 2809 779 2875 ordinem
798 2810 1039 2898 publicanorum
1053 2813 1088 2877 in

50 2887 100 2953 tali
113 2907 257 2984 tempore
277 2897 432 2962 offensum
454 2895 613 2961 nolebant.
658 2895 800 2984 Populus
820 2899 955 2962 severior
968 2898 1087 2964 vindex

49 2971 160 3046 fraudis
174 2994 265 3060 erat3
288 2983 479 3070 excitatique
500 2982 630 3046 tandem
649 2981 714 3046 duo
729 2982 849 3048 tribuni
866 2983 968 3072 plebis
985 2984 1038 3072 Sp.
1055 2998 1089 3050 et

49 3057 85 3124 L
99 3063 241 3145 Carvilii,
255 3092 356 3156 quum
375 3091 442 3134 rem
461 3068 593 3132 invisam
612 3067 825 3170 infamemque
838 3085 1014 3150 cernerent,
1029 3071 1090 3136 du·

30 3164 172 3219 2centum
186 3155 324 3220 millium
339 3155 418 3219 aeris
433 3153 564 3218 multam
579 3153 626 3218 M.
640 3154 804 3220 Postumro
818 3155 976 3221 (luerunt.
1024 3156 1088 3223 Cui
1097 3173 1239 3226 Mutamei

52 3241 214 3306 certandae
226 3265 326 3330 quum
339 3241 407 3306 dies
421 3239 608 3317 advenisset,
619 3239 853 3328 conciliumque
865 3255 929 3306 tam
940 3243 1088 3332 frequens
1096 3237 1239 3290 dicuntmo

52 3319 146 3405 plebis
160 3327 295 3407 adesset,
312 3343 347 3392 ut
361 3326 598 3392 multitudinem
613 3349 687 3391 area
702 3325 854 3426 Capitolii
868 3328 922 3392 vix
941 3343 1069 3417 caperet
1078 3355 1087 3409 ;
1097 3301 1139 3353 Tr.
1151 3304 1191 3354 Pl.

51 3427 190 3492 perorata
201 3437 303 3494 causa,
313 3435 384 3502 spes
399 3435 463 3478 una
469 3413 635 3478 videbatur
645 3435 722 3490 esse,
735 3436 760 3478 si
775 3412 813 3478 C.
828 3413 975 3481 Servilius
988 3415 1090 3483 Casca

53 3495 192 3596 tn'hunus
207 3501 317 3588 plebis,
329 3499 385 3589 qui
400 3500 596 3600 propinquus
607 3512 822 3586 cognatusque
837 3500 1000 3568 Postumio
1011 3518 1088 3582 erat,

52 3599 143 3728 gnus,
157 3609 255 3675 quam
273 3587 315 3653 ad
331 3587 513 3674 suffragium
527 3586 627 3652 tribus
644 3600 840 3665 vocarentur,
855 3590 1088 3689 intercessisset.

83 3674 197 3740 estibus
219 3674 310 3753 datis,
332 3674 451 3739 tribuni
472 3672 626 3762 populum
647 3687 901 3752 summoverunt3
925 3675 1089 3764 stellaque

84 3946 252 4007 oEtttallla]
271 3961 303 3995 sc.
314 3945 448 4008 cisalpina.
477 3945 507 3994 In
519 3945 553 3994 al-
585 3943 796 4008 esmtimpen'um
808 3947 892 3996 datum
903 3946 983 3998 fixisse.
1000 3947 1071 4000 Dua.

54 4005 128 4056 leram
145 4012 253 4060 nondum
274 4010 379 4060 Romani
400 4010 554 4059 transcende
618 4011 845 4071 rOuloartaadoel
858 4010 1015 4074 Magistratus
1025 4016 1087 4062 mul-

55 4075 113 4120 rant„
130 4073 208 4125 Cant.
584 4079 637 4122 tare
646 4075 787 4137 qnempiam
799 4091 847 4124 non
858 4081 962 4137 poterat,
972 4077 1015 4125 sed
1026 4079 1087 4124 mul·

68 4193 73 4204 ἱ
89 4147 97 4179 1
115 4137 264 4202 Hispaniae]
287 4153 320 4187 sc.
331 4137 435 4188 citerior
451 4143 476 4186 et
491 4138 552 4186 ulte·
584 4143 635 4187 tam
647 4139 810 4200 pronuntiare,
821 4155 895 4202 quam
909 4140 997 4188 deinde
1010 4155 1088 4202 popu-

56 4206 107 4245 nor.
131 4201 555 4265 AtCn.Scipio‚tauqusmlegatus
585 4203 624 4250 lus
634 4202 789 4262 satiabere,
799 4209 842 4252 aut
853 4204 993 4253 remitteret.
1020 4203 1088 4252 Illud

57 4257 139 4330 tants
154 4267 243 4316 bellum
260 4267 285 4316 in
302 4266 425 4329 Hispania
440 4273 552 4328 gesserat,
585 4271 636 4314 erat
652 4267 752 4315 multam
767 4268 855 4327 dicere,
865 4267 912 4316 hoc
926 4268 1026 4315 maltam
1038 4283 1088 4317 oer-

58 4323 100 4369 ntsi
111 4326 192 4379 Livius
208 4347 340 4380 memorare
352 4330 463 4379 'omiserit
481 4347 496 4379 a
510 4347 552 4392 po
585 4337 645 4378 tare.
662 4331 692 4378 cf.
701 4330 753 4380 cte.
765 4331 796 4380 de
808 4331 880 4394 Legg.
892 4331 926 4382 iii.
939 4345 961 4394 3.
979 4329 1088 4395 Philipp.

59 4388 115 4443 rulo
133 4399 199 4445 extra
216 4395 333 4454 ordinem,
350 4410 425 4457 quum
446 4395 553 4458 privatus
585 4393 617 4442 xi.
630 4395 652 4443 8.
669 4395 754 4444 Sicos.
