2888 4768
356 172 451 239 LIB.
476 172 586 238 XXV.
621 175 732 242 CAP.
759 182 808 242 ll.
1041 179 1103 240 243

47 318 203 373 osuocessu
212 321 370 374 meseeret
384 309 525 388 audacia,
562 309 709 398 luteaque
725 327 758 377 et
771 311 897 400 longius
901 309 1017 462 pulsos
1031 333 1102 398 per-
1113 323 1146 374 U.
1159 326 1187 374 c.
1204 341 1258 388 5⁴0-

66 409 274 481 sequerentur.
320 396 404 461 Tum
420 397 510 484 signo
525 333 600 462 disto
619 399 719 463 coorti
738 398 880 486 undique
929 398 1003 462 oeni
1016 411 1101 476 sunt,
1111 389 1141 438 Α·
1158 391 1187 438 ⁰·
1204 405 1258 440 ²¹²·

65 503 137 566 quos
157 482 326 548 instructos
347 483 389 548 ad
410 483 471 548 hoo
494 482 657 549 Hannibal
676 498 841 563 tenuerat3
865 507 925 550 neo
947 484 1100 550 sustinere

64 566 209 654 impetum
234 569 382 646 Romani,
405 569 462 635 sed
483 570 523 635 ab
549 571 648 636 effusa
669 571 744 660 suga
765 572 826 638 loci
851 571 1013 659 angustiae
1036 594 1099 648 eos,

63 653 273 742 impeditaque
294 655 356 722 alia
377 679 472 743 opere
494 656 557 721 iam
579 669 702 746 coepto,
725 659 786 724 alia
807 671 959 746 apparatu
984 658 1099 745 operis,

63 741 268 807 morabantur.
312 742 446 807 Plurimi
472 743 639 808 infossam
664 746 769 833 praeci
793 745 919 822 itavere,
942 745 1099 831 occisique

62 841 129 892 suut
164 827 250 894 lures
274 829 309 894 in
322 829 407 916 l'uga,
423 852 518 916 quam
538 831 572 894 in
594 852 710 918 pugna
796 832 837 897 de
857 844 890 896 et
910 853 989 919 opus
1011 830 1099 895 nullo

61 850 243 1011 prohibente
267 916 336 980 lieri
358 931 515 1004 coeptum.
561 916 657 982 Fossa
672 917 784 1004 ingens
806 917 911 994 ducta,
931 931 964 984 et
982 915 1099 982 vallum

60 1013 137 1065 rnna
149 1024 220 1066 eam
236 1003 385 1090 erigitur:
409 1003 598 1090 modicoque
610 1016 681 1091 post
690 1004 855 1070 intervallo
867 1026 991 1068 murum
1003 1004 1099 1068 etiam

60 1086 164 1152 eadem
178 1111 213 1154 re
238 1089 311 1155 ‘oue
325 1089 441 1155 addere
462 1103 561 1177 parat,
577 1103 615 1154 ut
627 1089 677 1155 vel
698 1091 766 1156 sine
786 1090 943 1179 praesidio
964 1090 1045 1155 tueri
1065 1113 1098 1155 se

60 1171 202 1240 adversus
213 1112 378 1242 §ouranos
386 1190 522 1265 possent
567 1175 711 1265 Reliquit
723 1191 828 1242 tamen
840 1177 999 1242 modicum
1009 1199 1099 1264 prae·

59 1258 178 1340 sidium,
194 1276 231 1327 ut
251 1263 345 1328 simul
360 1263 395 1328 in
411 1263 555 1328 faciendo
573 1286 664 1328 muro
683 1263 861 1330 adiuvaret:
885 1264 963 1351 ipse,
977 1264 1099 1352 profec-

60 1357 105 1409 tus
118 1369 190 1413 cum
206 1349 321 1415 ceteris
334 1349 442 1437 copiis,
458 1350 500 1414 ad
513 1348 682 1415 Galaesum
697 1351 816 1416 flumen
827 1352 985 1452 (quinque
1000 1348 1100 1415 millia

59 1431 95 1495 ab
113 1435 189 1500 urbe
209 1436 314 1522 abest)
332 1436 439 1523 posuit
456 1450 564 1501 castra
611 1436 662 1502 Ex
682 1437 720 1502 iis
740 1439 859 1502 stativis
880 1459 1037 1526 regressus
1057 1437 1098 1501 ad

59 1516 288 1606 inspiciendum
303 1544 392 1610 opus,
405 1522 492 1610 quod
506 1523 702 1610 aliquantum
717 1525 866 1611 opinione
882 1525 950 1590 eius
964 1523 1098 1589 celerius

59 1621 201 1686 creverat,
226 1631 317 1710 spem
343 1609 437 1697 cepit,
461 1609 555 1674 etiam
581 1633 684 1676 arcem
710 1610 885 1699 expugnari
908 1634 1007 1698 posse.
1054 1609 1233 1674 EtHannrbal

41 1704 102 1758 rest
115 1716 180 1759 non
194 1694 375 1774 altrtudine,
391 1709 428 1761 ut
441 1708 554 1773 cetera,
571 1708 647 1774 tuta,
663 1697 719 1762 sed
740 1697 809 1764 loco
828 1698 924 1786 plano
938 1698 1048 1785 posita,
1065 1703 1239 1800 et⁸ffl⁰mt⁰l

58 1777 94 1840 ab
107 1781 183 1845 urbe
198 1804 292 1847 muro
307 1794 430 1847 tantum
445 1805 482 1847 ac
497 1783 577 1847 fossa
591 1783 696 1848 divisa.
734 1784 844 1860 Quum
859 1785 922 1850 iam
936 1768 1205 1848 machina-pum

60 1863 175 1932 tionum
195 1869 286 1934 omni
308 1891 424 1956 genere
445 1881 478 1934 et
501 1869 647 1956 operibus
670 1884 914 1970 oppugnaretur,
929 1871 1059 1935 missum
1079 1893 1099 1934 a

60 1946 245 2041 Metaponto
262 1955 453 2043 praesidium
470 1954 622 2021 Romanis
636 1956 712 2020 fecrt
730 1957 882 2033 animum,
899 1970 934 2020 ut
948 1970 1041 2021 nocte
1056 1979 1097 2021 ex

59 2033 222 2123 improviso
238 2064 335 2129 opera
348 2041 487 2106 hostium
501 2042 695 2106 invaderent,
731 2041 807 2106 Alia
820 2042 1021 2120 disiecerunt,
1036 2040 1098 2107 alis

59 2119 120 2207 igni
133 2141 363 2216 corruperuntr
385 2129 474 2215 isque
489 2127 562 2192 finis
577 2127 751 2194 Hannibali
764 2129 825 2194 fuit
838 2151 877 2193 ea
890 2141 978 2215 parte
993 2151 1097 2194 arcem

59 2227 77 2270 ο
118 2214 270 2300 ugnandi.
316 2213 456 2300 Reliqua
474 2227 541 2279 erat
561 2214 596 2278 in
618 2215 781 2280 obsidione
799 2238 880 2302 spes,
896 2238 955 2280 nec
972 2238 1011 2280 ea
1024 2216 1098 2280 satis
1181 2237 1184 2246 ’

59 2314 75 2356 e
107 2319 173 2376 cax,
189 2301 267 2387 quia
281 2323 384 2364 arcem
400 2314 554 2378 tenentes,
593 2323 651 2366 uae
671 2301 705 2366 in
724 2302 911 2389 paeninsula
923 2303 1025 2390 posita
1038 2302 1098 2366 im·

59 2381 154 2450 minet
166 2386 312 2452 saucibus
325 2401 443 2475 portus,
459 2409 545 2453 mare
560 2385 584 2452 li
624 2411 693 2452 rum
708 2388 883 2455 habebant:
901 2390 975 2455 urbs
989 2403 1098 2455 contra

60 2467 181 2538 exclusa
199 2473 365 2538 maritimis
385 2475 619 2551 commeatibus,
634 2475 826 2563 propiusque
846 2477 986 2564 inopiam
1008 2489 1098 2541 erant

59 2552 245 2638 obsidentes,
275 2582 370 2647 quam
400 2562 524 2627 obsessi
575 2560 747 2640 Hannibal,
774 2563 953 2628 convocatis
981 2563 1097 2649 princi-

59 2639 146 2723 pibus
176 2645 432 2726 Tarentinorum,
463 2671 572 2712 omues
601 2662 781 2749 praesentes
810 2649 1011 2714 difficultates
1040 2671 1097 2714 ex·

59 2731 177 2810 posuit:
204 2743 332 2821 ‘neque
347 2734 426 2799 amis
446 2745 510 2799 tam
531 2749 671 2801 munrtae
687 2735 917 2824 expugnandae
932 2736 1014 2802 viam
1030 2758 1097 2801 cer-

61 2817 162 2896 ‘uere,
184 2842 292 2908 neque
315 2820 349 2884 in
373 2820 535 2886 obsidione
558 2823 729 2923 quicquam
754 2823 870 2888 habere
895 2822 972 2910 spei,
995 2821 1097 2886 donec
1191 2895 1194 2904 1

60 2904 154 2969 ‘mari
173 2907 338 2994 potiantur
355 2907 470 2972 hostes.
518 2907 616 2984 Quod
635 2931 661 2974 sr
681 2931 776 2974 naves
795 2909 867 2986 sint,
882 2909 997 2995 quibus
1011 2931 1098 2974 com·

62 2991 199 3059 ‘meatus
220 2993 329 3058 invehi
373 2993 548 3070 robibeant,
566 3006 672 3058 extem
694 2993 726 3058 lo
747 3007 802 3058 aut
823 2997 1027 3071 abscessuros,
1043 3009 1099 3059 aut

61 3072 241 3145 ‘dedituros
276 3101 309 3144 se
345 3016 470 3144 bostes’
524 3017 787 3144 Assentiebautur
822 3080 1008 3157 Tarentini3
1045 3103 1098 3146 ce-

60 3169 158 3228 terum
187 3167 228 3245 ei,
256 3165 312 3253 qui
341 3163 507 3230 consilium
536 3165 670 3244 afferret,
693 3189 712 3231 ο
753 3189 786 3231 m
809 3188 938 3253 quoque
964 3167 998 3230 in
1027 3189 1097 3232 eam

61 3265 123 3310 rem
147 3252 341 3318 afferendam
367 3273 443 3329 esse,
470 3251 648 3316 censebant
703 3188 860 3318 ,Pssunicffl
888 3252 974 3318 enim
1002 3275 1098 3318 naves

62 3339 119 3398 ‘ex
157 3337 266 3404 Sicilia
297 3338 412 3404 accitas
443 3337 477 3404 id
512 3360 602 3426 pome
635 3339 757 3405 ficere:
798 3362 877 3417 suas,
911 3362 992 3426 quae
1027 3341 1099 3405 sinu

63 3421 194 3510 ‘exiguo
218 3425 304 3490 intus
326 3424 464 3490 inclusae
488 3437 603 3504 essent,
621 3449 720 3512 quum
742 3425 876 3492 claustra
896 3439 1005 3513 portus
1026 3426 1099 3491 bos-

63 3505 120 3572 ‘tis
142 3510 282 3590 haberet,
307 3535 439 3599 ecquem
467 3511 509 3577 ad
533 3511 664 3577 modum
689 3511 765 3578 inde
788 3513 822 3578 in
847 3535 866 3577 a
907 3527 991 3576 rtum
1013 3535 1098 3578 mare

65 3597 247 3664 ‘evasurasl
297 3598 461 3677 Evadentss
489 3599 595 3687 inquit
624 3597 794 3664 Hannibal.
849 3607 860 3637 ‘
910 3598 986 3677 ulta,
1016 3621 1098 3687 quae

64 3679 235 3770 ‘impedita
256 3699 369 3751 natura
392 3697 477 3764 sunt,
499 3685 630 3752 consilio
654 3685 875 3775 expediuntur.
921 3685 1043 3751 Urbem
1064 3686 1098 3751 in

65 3771 192 3859 ‘campo
207 3773 297 3837 sitam
312 3771 452 3838 habetis:
477 3771 588 3860 planae
609 3787 641 3838 et
660 3774 734 3839 satis
752 3773 834 3838 latae
848 3773 918 3840 viae
937 3785 1048 3860 patent
1064 3774 1099 3838 in

43 3858 190 3926 8‘omnes
208 3871 320 3948 partes.
365 3857 437 3937 Via,
453 3883 534 3946 quae
556 3860 591 3923 in
610 3872 736 3947 portum
755 3883 813 3948 per
831 3860 968 3926 mediant
988 3863 1099 3926 urbem

95 4068 293 4143 6P1omqmt
308 4079 402 4140 onam
412 4079 496 4141 pulsor
509 4093 564 4140 per·
632 4088 644 4138 7
666 4079 699 4126 Ut
719 4085 808 4138 cetera,
824 4079 891 4139 tata]
919 4095 952 4128 sc.
969 4081 1002 4130 Ut
1021 4087 1101 4128 cetero

66 4145 230 4204 wamma]
251 4142 380 4204 Maiorque
391 4157 505 4192 numerus
516 4143 565 4190 Ro
598 4156 661 4204 pars,
672 4157 735 4203 quae
751 4158 766 4190 a
781 4142 841 4191 mari
854 4149 907 4192 erat
918 4149 942 4191 et
957 4157 1019 4204 quae
1033 4157 1100 4204 prse-

67 4205 188 4254 mancrum
201 4213 403 4269 prosequerentur
412 4206 496 4268 pulsos
506 4206 567 4255 Pos-
599 4204 657 4254 altis
667 4205 767 4268 rupibus
777 4211 846 4269 septa
856 4212 900 4256 ast.
919 4206 1006 4255 Duru.

68 4270 118 4318 ¹¹0³,
132 4271 156 4314 at
172 4269 266 4333 longius
283 4271 316 4320 ab
331 4285 387 4319 arce
405 4275 566 4320 excurrerent.
631 4269 647 4318 8
668 4271 722 4328 Via,
732 4285 794 4334 quas
808 4273 836 4318 ὄπ
849 4271 959 4332 pmtum]
978 4271 1011 4318 In
1019 4276 1102 4332 porta,

68 4319 146 4375 Cluu'-
601 4339 627 4382 ut
644 4334 725 4396 plures
737 4347 787 4382 uss.
798 4334 898 4392 habent,
914 4333 1021 4396 reposuit
1037 4333 1102 4382 Bek-

875 4401 930 4460 1³2
