3002 4798
413 208 510 275 LIB.
531 207 628 274 XXL
661 207 772 274 CAP.
793 213 841 275 19.
1115 211 1153 276 17

103 349 116 380 ‘
144 342 251 408 ublieo
277 343 408 408 oonsilio
433 345 532 410 ictum
558 359 614 410 est
677 344 711 410 Si
737 367 792 409 vos
818 365 884 408 non
909 356 1022 408 tenent
1049 356 1195 408 vestran.
1207 356 1237 407 ο.
1249 370 1303 418 ⁵34

103 365 261 506 ‘beders
276 429 338 494 nisi
360 453 402 494 ex
423 431 610 497 auctoritate
632 444 689 496 aut
708 431 795 495 iussu
811 443 914 494 vestro
929 429 1009 505 icta3
1033 452 1074 494 ne
1094 452 1152 495 nos
1161 422 1191 469 Α·
1208 422 1238 471 ⁰·
1250 421 1305 470 ²¹⁸·

102 513 254 601 ‘quidem
278 513 486 581 Hasdrubalis
507 516 627 594 foedus,
644 517 732 604 quod
753 515 845 581 nobis
866 515 973 580 insciis
989 515 1055 593 icit,
1072 515 1152 580 obli·

101 607 197 686 ‘gare
217 601 330 686 potuit.
376 601 516 668 Proinde
536 603 674 668 omittite
697 602 830 689 Sagunti
851 615 946 689 atque
962 601 1047 666 Iberi
1062 623 1151 667 men-

101 685 244 749 ‘tionem
277 686 391 763 facere,
428 702 470 764 et,
523 689 588 753 uod
621 689 677 753 diu
711 689 845 776 parturit
880 688 1004 752 animus
1037 700 1150 766 vester,

75 771 296 858 6‘aliquando
312 773 438 872 pariat’
551 796 583 838 m
607 773 781 850 Romanus,
805 773 877 837 sinu
899 796 940 837 ex
962 787 1036 860 toga
1057 773 1149 851 facto,
1160 783 1261 858 bellum
1272 782 1307 830 ia-

101 856 208 934 ‘Hie'
229 856 346 944 inquit,
371 860 478 924 ‘vobis
499 859 617 925 bellum
640 873 673 925 et
694 881 805 948 pacem
870 873 1006 935 rtamus3
1044 872 1152 924 utrum
1160 849 1252 896 neunt

100 951 112 982 ‘
144 942 235 1021 lacet,
251 944 387 1009 sumite.'
433 943 500 1009 Sub
522 945 605 1010 hanc
626 967 737 1010 vocem
759 881 974 1009 bandominus
994 945 1151 1022 ferociter,

100 1039 111 1067 ‘
200 1041 345 1106 tutrum
360 1029 787 1107 vellet,'snoclamatun1est
821 1028 865 1095 Et
879 1053 980 1118 quum
994 1031 1021 1094 is
1034 1031 1152 1095 iterum

98 1115 174 1180 sinn
194 1115 447 1182 effuso‘bellum
467 1117 557 1181 dare’
572 1117 712 1194 dixisset,
730 1117 891 1204 ‘accipere
911 1117 959 1180 se'
974 1137 1085 1181 omnes
1102 1139 1154 1181 re-

98 1200 310 1316 spondeant,
345 1211 406 1280 ‘et,
441 1202 557 1289 quibus
595 1203 776 1290 acciperent
810 1203 933 1280 animis,
967 1201 1080 1268 iisdem
1118 1225 1152 1267 se

99 1297 111 1326 ‘
142 1299 273 1352 esturoe.

75 1391 90 1441 7
119 1309 239 1437 gHaeo
256 1372 378 1438 directa
390 1374 610 1461 percunctatio
624 1397 661 1440 ao
683 1373 883 1438 denuntiatio
898 1374 974 1440 belli
997 1375 1096 1461 magis
1111 1397 1152 1439 ex
1217 1375 1265 1435 19.

98 1459 257 1544 dignitate
272 1458 382 1545 populi
407 1459 545 1525 Romani
564 1461 631 1524 visa
650 1472 708 1538 est,
724 1481 821 1547 quarn
842 1459 883 1524 de
903 1460 1068 1524 foederum
1083 1461 1151 1525 iure
1161 1455 1316 1519 Disceptatio

97 1544 205 1608 verbis
218 1543 405 1631 disceptare,
422 1568 522 1633 quum
536 1557 620 1624 ante,
636 1559 706 1610 tum
723 1546 861 1610 maxime
879 1544 1022 1632 Sagunto
1036 1546 1150 1611 excisa.
1161 1521 1192 1569 ‘¹⁰
1202 1521 1283 1569 s⁰⁰d⁶

99 1629 199 1706 Nem,
222 1629 249 1693 si
270 1630 439 1695 verborum
465 1632 702 1719 disceptationis
723 1654 774 1696 res
795 1645 893 1696 esset:
933 1632 1012 1718 quid
1040 1631 1153 1697 foedus

98 1715 313 1780 Hasdrubalis
327 1739 401 1782 cum
417 1716 539 1783 Lutatii
549 1717 653 1805 priore
668 1717 806 1794 foedere,
819 1717 907 1804 quod
921 1731 1079 1782 mutatum
1094 1732 1151 1796 est,

97 1800 351 1889 comparandum
371 1805 461 1868 erat?
483 1825 581 1889 quum
597 1804 631 1866 in
647 1802 769 1867 Lutatii
788 1803 916 1868 foedere
931 1803 1046 1868 diserte
1061 1803 1153 1868 addi-

99 1902 172 1953 tum
195 1901 287 1966 esset,
312 1889 375 1952 ‘ita
396 1889 431 1952 id
452 1901 556 1954 ratum
578 1889 654 1966 fore,
677 1889 704 1953 si
725 1912 768 1976 po
791 1888 863 1954 ulus
884 1889 1089 1954 censuisset?
1117 1890 1153 1953 in

99 1973 313 2040 Hasdrubalis
326 1974 454 2040 foedere
470 1997 529 2040 nec
544 1988 715 2062 exceptum
731 1911 793 2039 taisi
811 1975 984 2062 quicquam
997 1974 1103 2052 iirerit,
1119 1987 1153 2040 et

98 2073 150 2126 tot
163 2082 321 2124 annornm
342 2059 470 2126 silentio
491 2061 538 2125 ita
558 2060 630 2126 vivo
652 2083 691 2125 eo
713 2061 953 2146 comprobatum
975 2061 1016 2124 sit
1029 2060 1151 2137 foedus,

98 2159 194 2211 utne
210 2159 336 2211 mortuo
351 2147 483 2232 quidem
499 2159 626 2212 auctore
642 2145 1014 2232 quicquani‘mutaretur.
1040 2145 1153 2220 Quan-

74 2235 210 2332 aqualn,
226 2232 285 2296 etsi
300 2233 404 2319 priore
419 2231 546 2298 foedere
558 2243 703 2307 staretur,
715 2232 790 2295 satis
801 2243 930 2294 cautum
945 2242 1013 2294 erat
1030 2229 1153 2330 Sagun·

100 2318 188 2395 tanis,
213 2317 307 2382 sociis
332 2331 539 2404 utrorumque
571 2317 730 2404 exceptis:
769 2337 844 2380 narn
875 2337 981 2402 neque
1008 2315 1153 2381 additum

98 2415 179 2481 erat,
204 2403 271 2480 ‘iis,
318 2404 351 2466 ui
373 2411 452 2468 tunc
473 2403 612 2468 essentz'
633 2424 704 2479 nec,
722 2410 782 2467 ‘ne
804 2402 861 2502 qui
883 2414 993 2489 postea
1014 2423 1153 2468 assume·

99 2489 250 2554 ‘renum’
332 2501 345 2554 t
369 2511 469 2574 quum
499 2510 657 2554 assumere
684 2510 783 2554 novos
807 2488 918 2554 liceret
942 2490 1053 2566 socios,
1081 2490 1153 2590 quis

98 2596 240 2661 aequum
255 2587 408 2652 censeret,
424 2587 480 2639 aut
494 2576 536 2639 ob
555 2574 644 2638 nulla
658 2597 852 2660 quemquam
868 2575 981 2640 merita
994 2576 1029 2644 in
1044 2577 1153 2640 amici·

98 2662 180 2726 tiam
195 2659 303 2748 recipi,
316 2673 371 2725 aut
386 2672 530 2748 receptos
545 2661 579 2724 in
594 2660 691 2724 fidem
707 2683 772 2724 nou
784 2660 938 2726 defendi?
961 2674 1095 2739 tantum,
1111 2683 1152 2726 ne

101 2745 418 2834 Carthaginiensium
439 2747 517 2811 socii
528 2758 595 2837 lant
616 2745 858 2812 sollicitarentur
872 2747 914 2812 ad
929 2746 1151 2825 defectionem,

72 2846 160 2906 naut
172 2855 230 2897 sua
242 2845 355 2920 sponte
372 2832 584 2898 desciscentes
598 2833 823 2918 reciperentur.

146 2918 262 3005 Legati
281 2918 421 2984 Romani
443 2919 483 2984 ab
507 2916 713 3005 Carthagine,
729 2919 811 2984 sicut
833 2919 882 2983 his
905 2918 1028 2984 Romae
1051 2919 1153 3006 impe·
1161 2941 1247 3006 Legati
1259 2943 1309 2992 Ro

98 3015 207 3072 raum
220 3018 297 3083 erat,
313 3005 347 3069 in
370 3003 570 3092 Hispaniam,
585 3018 623 3069 ut
642 3004 767 3070 adirent
786 3005 937 3082 civitates,
953 3005 1039 3069 utin
1054 3006 1227 3080 socie-1¹¹²,mi
1239 3008 1267 3082 5¹¹,

98 3103 202 3156 tatem
215 3089 411 3177 pellicerent,
427 3103 483 3156 aut
496 3103 675 3156 everterent
689 3112 708 3154 a
722 3089 1065 3168 Poenis,.traiccenmt.
1097 3092 1153 3159 Ad
1161 3070 1309 3184 prpppppppm

100 3175 275 3262 Bargusios
299 3177 436 3262 primum
462 3189 636 3242 venerante
665 3199 684 3240 a
710 3177 825 3263 quibus
850 3177 988 3264 benigne
1015 3180 1151 3265 excepti,
1286 3170 1292 3184 '

99 3262 182 3350 quia
196 3260 342 3328 taedebat
354 3263 481 3351 imperii
495 3263 621 3339 Punici,
637 3262 754 3328 multos
768 3275 855 3327 trans
874 3261 1004 3327 Iberum
1019 3263 1153 3350 populos

1160 1600 1214 1632 rum
1225 1584 1285 1634 inre.

135 3437 232 3488 fislaca
257 3455 290 3490 sa·
313 3447 369 3502 capa
389 3441 472 3500 sacto]
503 3439 611 3488 Laoiniis
644 3438 736 3488 Livius.
769 3440 804 3487 At
817 3438 842 3487 id
858 3438 970 3488 omittere
985 3442 1087 3490 fortasse
1103 3457 1152 3491 non

100 3517 193 3565 nempe
214 3509 285 3566 togae
304 3503 339 3551 ita
359 3505 476 3562 collectis,
494 3509 523 3551 ut
544 3503 612 3552 sinus
643 3503 846 3563 debueratque!
860 3501 903 3550 ille
917 3503 1008 3552 eximia
1022 3505 1072 3552 fide
1087 3521 1151 3554 com-

101 3567 153 3616 aire
165 3566 283 3630 gremium
297 3567 372 3616 fleret.
390 3567 472 3617 etsil.
485 3568 542 3615 Ital.
556 3568 610 3629 384.
643 3567 775 3614 mendatus
791 3566 894 3628 scriptor
912 3567 996 3618 addit:
1018 3569 1152 3618 conceden-

102 3629 205 3680 Pollii.
218 3643 255 3693 33.
273 3629 357 3680 Dora
644 3631 703 3679 dum
715 3629 815 3692 quidem
829 3631 963 3679 necessario
977 3633 1151 3692 mombar

137 3704 151 3756 7
173 3696 276 3744 Dimoto
306 3696 488 3756 monetario]
524 3695 610 3750 Quum
643 3693 764 3758 ginienses
782 3693 871 3744 iniuste
892 3695 940 3744 hoo
959 3695 1052 3746 bellurn
1071 3712 1151 3746 susee-

101 3757 305 3822 aineambagibus
312 3763 612 3821 rogaretutmmpacanr,
644 3758 748 3820 pissasi
763 3758 818 3820 quis
830 3758 903 3808 hrains
918 3757 978 3808 belli
995 3760 1110 3824 originem
1126 3767 1151 3810 et

100 3837 135 3869 an
146 3822 240 3870 bellum
254 3823 353 3871 vellent.
644 3837 743 3870 cauum
759 3837 775 3870 a
785 3822 837 3870 solo
848 3822 951 3886 Sagunti
962 3824 1057 3873 excidio
1068 3826 1150 3876 ducat.

136 3884 223 3934 aaut
232 3887 436 3948 priorasosdare]
456 3885 507 3934 Hic
521 3884 612 3934 intelli·
646 3885 688 3934 sn
707 3891 790 3934 autem
812 3887 872 3936 belli
892 3901 966 3936 marsa
984 3901 1037 3936 essa
1056 3889 1152 3939 dicatur

101 3948 209 4010 gendum
221 3950 353 3999 estfoedus
363 3950 426 3998 illud
435 3949 538 4009 Lutatii,
546 3949 612 4011 qnod
646 3948 765 4008 Sardinia,
786 3949 909 4011 stipendio
936 3949 1010 3999 etiam
1034 3953 1103 4001 mille
1125 3960 1150 4002 et

102 4011 203 4074 publioo
222 4013 322 4062 oonsilio
340 4014 418 4062 ictum
437 4018 483 4071 est,
498 4018 523 4061 et
538 4016 612 4075 prim
645 4013 805 4061 dueentomm
830 4014 978 4062 talentorum
1000 4016 1149 4080 superimpo-

102 4079 212 4134 vocatnr,
222 4077 254 4124 ob
266 4077 353 4126 foedus
365 4076 537 4135 Hasdrubalis,
546 4077 612 4138 quod
646 4077 701 4136 sito,
721 4091 765 4138 per
782 4077 893 4125 lraudenr
911 4077 1064 4140 intercepta;
1086 4081 1150 4128 iusto

101 4139 197 4201 aliquot
207 4145 263 4202 post
274 4141 345 4189 annis
353 4145 465 4190 secutum
474 4145 516 4188 est.
529 4141 610 4189 Ganv.
644 4139 744 4188 omnino
754 4140 967 4204 Carthaginienses
978 4143 1103 4192 occasione
1114 4144 1150 4192 in-

134 4217 150 4266 9
165 4205 330 4254 &mosmos
339 4206 520 4267 reciperentur]
540 4204 611 4252 Haec
644 4203 733 4252 vitatos
742 4204 814 4252 abiis
828 4219 919 4267 poenas
931 4205 1027 4268 exigere
1038 4208 1151 4266 voluisse,

101 4267 193 4326 omniu,
204 4282 268 4328 quae
285 4268 454 4316 Romanorum
472 4283 560 4317 causae
575 4267 611 4316 fa-
643 4266 684 4329 qni
704 4282 748 4328 per
764 4267 915 4317 occasionem
934 4274 1073 4331 temporum
1092 4271 1151 4332 ipsis

102 4336 169 4388 rent,
187 4329 316 4393 diligenter
333 4331 453 4394 excerpsit
471 4347 485 4380 e
505 4331 610 4392 Polybio
642 4337 783 4380 nocuerant.
800 4333 880 4382 Gaui.

145 4411 221 4458 VOL·
238 4413 273 4458 11.
958 4415 976 4458 c
