2878 4772
313 234 409 300 LIB.
432 233 600 302 XXVIII.
637 235 748 303 CAP.
773 244 825 306 20.
1025 245 1090 307 42³

27 371 89 435 ‘in
112 393 226 459 pugna
245 383 278 436 et
298 370 333 435 in
353 371 431 449 acie,
448 372 502 436 ubi
519 371 607 438 Mars
621 374 799 439 communis
813 387 846 440 et
860 375 980 440 victum
994 399 1088 465 saepe
1099 390 1134 443 U.
1146 390 1176 442 c.
1191 387 1246 454 546.

26 460 207 545 ‘er-igeret,
227 471 262 523 et
282 457 436 544 affligeret
455 459 606 524 victorem
616 482 625 537 ;
648 483 690 524 an
711 461 888 561 postmodo,
904 476 1042 528 cremata
1056 457 1128 529 etA·
1145 456 1176 506 ⁰·
1191 451 1246 505 ²⁰⁶·

27 544 168 610 ‘diruta
187 545 275 621 urbe,
291 557 364 610 ante
388 567 443 609 ora
463 557 626 633 captarum
649 569 820 634 coniugum
842 549 1087 636 liberorumque,

26 632 144 696 ‘inter
160 633 290 697 verbera
304 644 339 696 et
351 631 486 709 vincula,
503 633 611 697 omnia
624 633 718 698 foeda
737 647 834 721 atque
849 635 981 723 indigna
995 638 1086 724 passi,

27 719 278 806 ‘exspirarent’
322 718 424 806 Igitur
449 741 515 783 non
541 720 684 785 militaris
709 720 805 786 modo
831 736 926 799 aetas,
950 736 1006 787 aut
1027 723 1087 788 riri
1097 735 1222 810 Oppidani

27 817 174 883 tantum,
201 806 257 870 sed
286 805 423 870 feminae
452 806 607 893 puerique
638 828 733 893 supra
761 808 859 872 animi
884 810 1087 897 corporisque
1095 805 1228 872 renarro

26 893 117 957 vires
139 893 272 958 adsunt:
297 893 571 979 propugnantibus
592 893 655 957 tela
674 893 863 971 ministrant,
879 916 955 959 saxa
968 895 1001 958 in
1018 869 1190 960 mmmm

27 1001 82 1042 ros
115 979 335 1043 munientibus
364 990 488 1064 gerunt.
536 978 612 1043 Non
641 979 768 1044 libertas
797 980 899 1044 solum
926 983 1087 1068 agebatur,

27 1088 118 1152 qnae
143 1066 283 1130 virorum
308 1065 438 1129 fortium
465 1077 587 1129 tantum
613 1081 743 1152 pectora
768 1067 871 1143 acuit3
894 1068 950 1132 sed
977 1067 1089 1133 ultima

28 1153 182 1217 omnium
202 1152 366 1239 supplicia,
382 1164 416 1216 et
429 1151 523 1216 foeda
542 1174 625 1216 mors
647 1153 688 1216 ob
711 1152 818 1218 oculos
838 1166 914 1218 erat
961 1153 1087 1218 Accen-

28 1239 197 1303 debantur
210 1239 307 1303 animi
323 1253 355 1302 et
370 1237 542 1302 certamine
557 1237 671 1303 laboris
691 1261 728 1304 ac
748 1239 891 1326 periculi,
907 1252 1002 1327 atque
1018 1240 1087 1327 ipso

29 1325 121 1390 inter
143 1348 176 1390 se
199 1338 380 1412 conspectu
427 1324 477 1389 Ita
502 1347 541 1388 ue
557 1337 645 1390 tanto
666 1326 776 1390 ardore
796 1340 956 1392 certamen
971 1327 1086 1391 initum

30 1426 92 1488 est,
105 1423 144 1476 ut
159 1411 295 1476 domitor
310 1410 363 1475 ille
379 1347 666 1497 totiusqilispaniae
681 1412 849 1489 exercitus,
865 1415 905 1478 ab
920 1413 1015 1478 unius
1030 1435 1087 1500 op-

30 1498 104 1586 pidi
127 1499 293 1562 iuventute
316 1521 409 1586 saepe
431 1497 576 1584 repulsus
597 1521 617 1562 a
638 1499 745 1574 muris,
766 1498 852 1563 haud
874 1500 948 1564 satis
970 1500 1086 1565 decoro

30 1585 158 1672 proelio
182 1584 362 1672 trepidaret
408 1583 448 1648 Id
472 1583 527 1648 ubi
549 1583 630 1648 vidit
654 1583 770 1671 Scipio,
786 1586 912 1663 veritus,
935 1609 977 1650 ne
997 1585 1086 1650 vanis

31 1673 203 1736 conatibus
225 1694 353 1737 suorum
373 1685 407 1735 et
426 1671 569 1735 hostibus
589 1684 745 1736 cresceret
764 1671 897 1749 animus,
913 1684 946 1737 et
960 1673 1087 1758 segnior

33 1756 128 1822 miles
150 1759 251 1835 fieret,
270 1758 396 1823 sibimet
419 1757 599 1822 conandum
623 1780 660 1822 ac
680 1769 802 1845 partem
824 1757 957 1845 periculi
977 1781 1086 1846 capes-

33 1845 169 1908 sendam
193 1867 261 1910 esse
283 1857 378 1922 ratus,
397 1844 552 1930 increpita
574 1843 701 1931 ignavia
723 1844 871 1922 militum,
892 1845 967 1909 ferri
988 1845 1086 1910 scalas

34 1931 144 1996 iubet:
169 1951 202 1996 se
218 1932 331 2018 ipsum,
347 1931 374 1994 si
389 1931 486 1994 ceteri
501 1942 701 2007 cunctentur,
718 1953 920 1995 escensurum
935 1930 1083 1994 minatur.

36 2016 107 2082 Iam
123 2017 262 2082 subierat
276 2016 363 2082 haud
378 2016 530 2080 mediocri
545 2015 687 2102 periculo
701 2017 837 2092 moenia,
854 2038 953 2103 quum
969 2015 1087 2081 clamor

14 2103 182 2190 rundique
203 2105 242 2168 ab
261 2104 403 2168 sollicitis
416 2103 519 2168 vicem
542 2102 738 2189 imperatoris
761 2102 913 2167 militibus
934 2103 1084 2180 sublatus,

35 2191 138 2256 scalae
163 2213 203 2254 ue
218 2189 326 2255 multis
340 2189 434 2254 simul
448 2188 590 2276 partibus
604 2188 683 2275 erigi
698 2199 837 2275 coeptae.
874 2187 918 2254 Et
932 2211 973 2253 ex
989 2189 1087 2253 altera
1096 2197 1162 2247 Urbs
1171 2196 1237 2261 oepi-

35 2289 127 2376 parte
184 2276 282 2342 aelius
307 2278 411 2341 instat
463 2275 550 2339 Tum
575 2275 659 2347 victa
684 2274 915 2363 oppidanorum
939 2275 1004 2339 vis:
1028 2266 1140 2339 delus·

36 2365 192 2450 rectisque
217 2363 503 2451 propugnatoribus
529 2374 725 2449 occupantur
753 2361 845 2425 muri.
892 2362 1085 2426 Arretium
1142 2356 1201 2450 20·¹

37 2451 79 2514 ab
99 2472 138 2514 ea
156 2463 254 2537 parte,
271 2471 335 2537 qua
349 2451 470 2536 inexpu
493 2446 607 2513 nabilis
622 2447 797 2525 videbatur,
813 2448 898 2512 inter
912 2446 1085 2512 tumultum
1094 2438 1244 2489 Tmfflffl

38 2549 132 2623 capta
146 2549 200 2602 est
247 2537 442 2624 Transfugae
492 2534 540 2612 lii,
553 2535 609 2620 qui
625 2547 694 2598 tum
708 2535 793 2599 inter
806 2534 925 2599 auxilia
939 2518 1145 2599 Romanam·

39 2635 139 2700 erant,
155 2635 187 2687 et
207 2622 373 2710 oppidanis
395 2623 430 2685 in
451 2645 490 2686 ea
512 2621 640 2698 tuenda,
659 2621 746 2686 unde
766 2621 941 2709 perieulum
957 2620 1087 2687 rideba-

40 2723 103 2786 tur,
123 2711 228 2787 rersis,
252 2722 285 2774 et
310 2709 463 2774 Romanis
486 2709 704 2785 subeuntibus,
727 2731 792 2795 qua
814 2708 901 2773 adire
928 2721 1085 2796 poterant,

40 2819 101 2861 con
139 2809 275 2860 exerunt
288 2795 492 2860 editissimam
512 2794 598 2859 urbis
615 2808 748 2882 partem,
765 2795 841 2881 quia
854 2817 932 2882 rupe
948 2795 1087 2882 praealta

42 2896 112 2969 tege
135 2896 215 2960 atur,
231 2905 336 2969 neque
361 2901 455 2968 opere
480 2880 544 2946 ullo
568 2882 733 2958 munitam,
752 2895 786 2946 et
807 2882 847 2945 ab
869 2881 1087 2945 defensoribus

41 2991 180 3034 vacuam.
226 2969 362 3033 Levium
386 2989 554 3054 corporum
576 2967 730 3042 homines,
754 2979 788 3029 et
811 2965 911 3030 multa
932 2966 1087 3030 exercita·

42 3057 128 3119 tione
149 3055 334 3142 pernicium,
350 3054 454 3118 clavos
477 3074 585 3117 secum
608 3051 724 3115 ferreos
749 3063 920 3137 portantes,
943 3073 1008 3136 qua
1029 3073 1087 3136 per

41 3142 249 3228 inaequaliter
273 3141 447 3206 eminentia
472 3139 558 3226 rupis
584 3149 740 3224 poterant,
764 3136 929 3202 scandunt
978 3135 1088 3200 Sicubi

42 3229 136 3292 nimis
150 3229 283 3293 arduum
299 3242 332 3292 et
346 3227 415 3292 leve
436 3248 548 3292 saxum
563 3224 757 3300 occurrebat,
772 3221 877 3287 claros
890 3243 948 3310 per
962 3220 1088 3287 modica

43 3315 205 3379 intervalla
223 3315 366 3402 figentes,
382 3335 481 3402 quum
497 3310 585 3377 velut
606 3309 722 3398 gradus
743 3309 902 3385 fecissent,
921 3308 1016 3395 primi
1038 3331 1087 3373 se·

45 3414 176 3488 quentes
197 3401 399 3466 extrahentes
420 3421 527 3476 manu,
551 3397 701 3485 postremi
723 3395 922 3462 sublevantes
943 3418 1007 3472 eos,
1030 3395 1088 3544 gui

44 3489 209 3574 praeirent,
225 3489 260 3552 in
279 3509 438 3551 summum
456 3485 603 3550 evadunt
650 3483 731 3548 Inde
747 3482 921 3546 decurrunt
935 3503 1008 3546 cum
1024 3503 1088 3546 ca-

45 3595 129 3638 more
144 3576 178 3639 in
192 3575 304 3638 urbem
319 3573 381 3638 iam
396 3585 520 3660 captam
536 3572 575 3635 ab
592 3569 753 3634 Romanis.
800 3567 886 3633 Tum
901 3589 977 3633 vero
981 3587 1088 3719 lpppis-
1097 3585 1222 3648 oppidani

47 3660 117 3738 ruit,
137 3662 175 3725 ab
197 3661 244 3726 ira
265 3673 298 3725 et
321 3661 360 3724 ab
384 3659 458 3724 odio
484 3658 593 3723 urbem
621 3667 836 3744 oppugnatam
858 3677 934 3721 esse.
1016 3649 1243 3766 εωοὲξοὲζξῖζ

1098 3779 1187 3832 lentur.

47 3873 117 3922 nibus
130 3877 194 3921 certa
208 3877 234 3920 et
244 3870 366 3920 destinma
380 3869 420 3929 sit,
431 3867 550 3918 adiiciunt
581 3865 694 3918 casaris
715 3865 840 3928 Augustae
860 3861 931 3927 (hod.
948 3861 1088 3930 Saragosrs)

49 3939 74 3987 id
85 3953 156 3985 unum
169 3937 267 3996 referre,
277 3951 321 3984 seu
335 3935 361 3983 id
376 3949 452 3982 unum
468 3948 550 3994 super·
582 3936 667 3980 eontra
679 3929 766 3979 Gallos
777 3928 894 3988 defensio,
904 3929 1002 3990 quando
1013 3929 1089 3978 “dux

48 4017 100 4051 esse
117 4001 251 4060 discrimen,
267 4015 316 4061 quo
333 3999 434 4060 quisque
453 3997 508 4045 loco
525 4001 550 4046 et
581 3993 764 4044 feminalaotl''
774 3993 839 4042 cives
852 4007 909 4042 suos
922 3993 1018 4056 fugatos
1028 4008 1088 4042 voce

48 4066 119 4115 modo
132 4070 238 4140 mortem
257 4068 402 4127 oppeteret;
422 4066 505 4136 utrum
524 4061 550 4110 in
582 4065 608 4108 et
622 4073 696 4122 opere
710 4073 755 4107 sua
767 4059 800 4105 ad
814 4058 896 4108 ruinas
910 4072 1035 4107 murorum
1049 4063 1088 4105 tu-

49 4137 327 4244 rattruut
341 4126 551 4250 mtttttt‘t
582 4123 1090 4249 lllff‘ll‘sfalbfplsslliilfffi

50 4259 199 4321 exspirarent.
217 4258 299 4308 carr.
617 4267 630 4299 a
647 4251 761 4300 Sollicitis
769 4247 1017 4311 nioemimperatoria]
1026 4245 1090 4319 'Sot-

84 4337 94 4372 1
111 4323 271 4384 Sedsemiaae
280 4321 414 4384 puerique]
433 4315 551 4369 Ouirisin
583 4313 658 4366 licitis
674 4314 706 4362 de
724 4313 785 4371 vioe,
798 4314 830 4362 de
846 4318 918 4372 sorte,
933 4313 964 4360 de
980 4310 1091 4374 periculo

49 4393 152 4438 mentem
177 4386 269 4436 venerit
293 4384 389 4448 egregia
413 4384 460 4434 illa
487 4380 553 4430 urbis
584 4377 743 4442 imperatoris.
760 4377 842 4426 Gerr.
