2878 4772
303 213 400 280 LIB.
423 213 570 281 xxvlt
605 215 716 283 CAP.
741 223 792 282 34.
1012 218 1074 278 381

21 359 91 410 tarn
108 367 207 434 prope
219 347 342 414 hostem
354 350 422 416 sine
434 351 568 418 ducibus
578 365 692 430 essent,
702 353 849 418 omnibus
860 349 930 416 aliis
943 350 1074 427 omissis,
1086 360 1119 410 U.
1131 359 1160 409 ο.
1177 373 1233 421 544.

21 456 92 496 una
115 435 286 522 praecipua
305 459 381 501 cura
405 437 516 503 Patres
534 439 752 526 populumque
773 439 911 515 incessit,
930 425 1114 502 consules'A'
1131 425 1161 474 ⁰·
1177 425 1232 474 ²⁰&

21 520 130 606 primo
146 543 274 609 quoque
290 536 433 623 tempore
453 525 601 602 creandi3
624 539 657 590 et
673 539 709 589 ut
723 547 778 589 eos
791 525 990 612 potissimum
1007 546 1075 587 creu
1083 489 1212 601 gffiig

9 618 128 682 ¹arent,
155 629 291 693 quorum
317 623 416 674 vrrtus
441 611 514 675 satis
543 625 612 676 tuta
640 633 658 675 a
687 611 797 676 fraude
827 610 952 675 Punica
974 616 1158 674 essetzandia

23 699 147 793 ‘quum
160 705 227 758 toto
238 717 278 758 eo
288 694 373 760 bello
385 696 536 762 damnosa
546 719 755 784 praepropera
769 719 806 762 ae
816 697 937 761 fervida
947 696 1076 782 ingenia

22 785 273 866 ‘rmperatorum
295 781 437 859 tuissent,
458 795 526 846 tum
548 807 586 848 eo
607 784 675 870 ipso
695 805 779 848 anno
800 782 955 858 eonsules,
976 782 1076 846 nimia

23 866 224 952 ‘cupiditate
244 867 431 931 conserendi
446 889 519 932 curn
538 869 627 934 hoste
648 893 787 946 manum,
804 869 838 934 in
853 868 1074 954 necopinatam

23 951 193 1016 ‘fraudem
208 952 311 1039 lapsos
325 975 402 1017 esse.
450 953 601 1019 Ceterum
614 955 691 1020 deos
705 955 906 1032 immortales,
920 954 1075 1018 miseritos

23 1037 189 1102 ‘nominis
207 1038 356 1116 Romani,
383 1041 558 1127 pepercisse
578 1042 717 1106 innoxiis
737 1041 945 1105 exercitibus:
975 1051 1075 1102 teme-

24 1124 174 1188 ‘ritatem
201 1125 366 1190 consulum
391 1127 530 1214 ipsorum
556 1128 711 1214 capitibus
734 1126 917 1192 damnasse’
963 1125 1074 1200 Quum
1130 1121 1180 1180 34·

22 1209 306 1296 circumspicerent
327 1212 448 1290 Patres,
470 1235 623 1299 quosnam
647 1213 791 1278 consules
808 1212 958 1288 facerent,
980 1211 1073 1297 longe
1082 1202 1201 1314 §¹⁸⁰le

22 1309 101 1360 ante
118 1295 195 1360 alios
210 1298 369 1364 eminebat
386 1298 424 1364 C.
441 1299 595 1364 Claudius
611 1299 708 1364 Nero.
756 1297 797 1363 Ei
811 1298 932 1386 collega
943 1319 1075 1384 quaere-
1110 1281 1159 1316 ‘¹⁰'

22 1383 141 1457 batur3
173 1395 206 1446 et
233 1385 336 1448 virum
367 1386 497 1472 quidem
526 1407 601 1450 eum
629 1387 792 1474 egregium
822 1385 991 1461 ducebant,
1018 1383 1075 1447 sed

22 1469 254 1555 promptiorem
269 1471 494 1557 acrioremque,
511 1495 606 1560 quam
623 1483 766 1559 tempora
778 1471 854 1536 belli
869 1469 1075 1558 postularent,

23 1566 82 1618 aut
111 1554 211 1618 hostis
241 1555 419 1622 Hannibal:
451 1571 515 1623 tem
559 1558 692 1623 randum
720 1579 790 1622 aere
816 1558 885 1621 cius
909 1555 1073 1642 ingenium

24 1639 193 1740 moderato
208 1653 241 1705 et
254 1641 404 1729 prudenti
415 1645 482 1709 viro
497 1581 648 1710 adiuncto
662 1643 784 1730 collega
798 1643 978 1708 censebant.
1025 1639 1072 1705 M.
1083 1644 1119 1693 M.
1129 1643 1220 1693 Lurius.

9 1725 141 1790 tLrvrus
155 1741 232 1805 erat,
248 1727 357 1793 multis
375 1742 448 1795 ante
467 1731 558 1796 annis
580 1753 621 1796 ex
641 1729 806 1796 consulatu
892 1727 936 1792 uli
956 1727 1075 1791 iudicio

24 1813 204 1878 damnatus.
237 1814 359 1889 ·Quam
372 1816 576 1900 ignominiam
589 1817 802 1902 adeoaegret
836 1827 962 1891 eratut
976 1827 1076 1877 etrus

24 1900 187 1986 migraret,
203 1913 236 1965 et
250 1923 309 1988 per
323 1901 438 1966 multos
447 1923 546 1966 anuos
561 1916 594 1967 et
609 1904 686 1967 urbe
702 1915 735 1966 et
749 1901 836 1966 omni
848 1913 941 1966 coetu
956 1911 1076 1962 careret

24 1985 204 2054 homiuum.
266 1987 389 2052 Octavo
417 1989 516 2052 ferme
545 2001 618 2076 post
645 1987 882 2053 damnationem
912 2006 996 2048 anno
1026 1983 1074 2047 M

27 2070 187 2136 Claudius
208 2072 380 2139 Marcellus
400 2087 434 2140 et
453 2073 501 2140 M.
515 2073 661 2139 Valerius
684 2073 843 2138 Laevinus
863 2069 1008 2135 consules
1027 2092 1077 2133 re·

23 2157 188 2222 duxerant
198 2182 271 2224 eum
286 2161 321 2225 in
336 2160 464 2226 urbem:
489 2160 545 2226 sed
560 2173 628 2224 erat
638 2173 724 2224 veste
736 2157 885 2235 obsoleta,
898 2155 1076 2243 capilloque

23 2257 60 2308 et
76 2244 173 2310 barba
191 2247 352 2332 promissa,
367 2247 546 2335 praeferens
565 2247 599 2310 iu
615 2246 706 2310 vultu
722 2244 897 2330 habituque
918 2243 978 2307 insi
1023 2264 1076 2306 em

23 2332 213 2396 memoriam
236 2333 428 2419 ignominiae
451 2346 607 2420 acceptae.
653 2332 690 2396 L.
705 2331 858 2396 Veturius
880 2343 913 2394 et
935 2326 971 2393 P.
979 2265 1076 2394 llici-

24 2417 102 2480 nins
126 2439 270 2482 censores
290 2441 365 2484 eum
388 2418 521 2497 tonderi,
543 2433 576 2484 et
598 2418 775 2505 squalorem
794 2416 965 2503 deponam,
986 2427 1020 2478 et
1040 2413 1075 2478 in

10 2515 175 2572 »senatum
196 2504 315 2582 venire,
335 2506 489 2594 fungique
512 2505 581 2570 aliis
623 2505 735 2569 ublicis
756 2503 941 2568 muneribus
962 2522 1076 2586 coege-

23 2601 113 2652 runt.
160 2588 224 2654 Sed
240 2604 308 2656 tum
326 2615 455 2678 quoque
472 2604 527 2656 aut
541 2613 596 2656 ver
658 2590 894 2666 assentiebatur,
910 2601 965 2652 aut
983 2585 1076 2674 pedi-

23 2677 89 2740 bus
105 2675 141 2738 in
163 2677 352 2741 sententiam
371 2678 446 2756 ibat,
462 2678 564 2744 donec
583 2679 710 2767 cognati
729 2677 867 2741 hominis
885 2696 960 2739 eum
981 2695 1077 2738 causa

10 2761 78 2826 M.
93 2760 177 2826 Livii
198 2761 327 2840 Macati,
344 2786 443 2864 quum
458 2765 540 2829 sama
560 2766 629 2830 eius
649 2777 803 2852 ageretur,
819 2775 988 2827 stantemc
1051 2759 1076 2822 't

23 2849 60 2911 in
93 2861 206 2912 senatu
234 2862 423 2915 sententiam
454 2851 568 2916 dicere.
615 2851 701 2916 Tum
727 2873 769 2914 ex
795 2861 883 2914 tanto
909 2848 1012 2922 interr
1044 2845 1076 2909 lo
1161 2917 1167 2928 .

22 2933 156 3000 auditus
166 2937 322 3001 convertit
333 2959 388 3001 ora
398 2937 564 3002 hominum
576 2938 610 3002 in
622 2961 665 3014 se,
678 2957 867 3020 causamque
878 2932 1076 2997 sermonibus

23 3021 183 3108 praebuit,
201 3022 354 3110 ‘indigno
368 3023 516 3088 iniuriam
536 3046 555 3086 a
597 3046 616 3086 o
639 3022 693 3085 ulo
707 3023 831 3096 factam,
848 3037 1026 3102 magnoque
1042 3015 1076 3079 id

24 3107 168 3172 ‘damno
179 3109 284 3187 fuisse,
297 3109 385 3196 quod
400 3121 464 3173 tam
480 3109 567 3195 gravi
574 3045 665 3173 bello
680 3127 740 3172 nec
752 3126 857 3192 opera,
869 3125 928 3167 nec
944 3099 1076 3165 consilio

24 3192 120 3258 ‘talis
130 3195 188 3258 viri
198 3217 256 3259 usa
265 3195 441 3282 respublica
450 3207 540 3259 esset
575 3193 614 3259 C.
627 3191 752 3258 Neroni
761 3211 865 3275 neque
878 3188 919 3262 Q„
931 3186 1075 3262 Fabium,

25 3287 154 3366 ‘neque
179 3280 226 3346 M.
244 3280 408 3346 Valerium
432 3280 607 3345 Laevinum
630 3279 699 3342 dari
719 3275 855 3361 collegas
877 3295 978 3360 posse,
1002 3272 1078 3358 quia

25 3366 129 3429 ‘duos
143 3368 290 3466 patricios
308 3367 406 3432 creari
424 3388 489 3431 non
509 3366 628 3430 liceret.
674 3362 819 3427 Eandem
840 3381 964 3423 cainam
985 3358 1019 3421 in
1035 3356 1075 3421 Τ.

25 3451 173 3517 ‘Maulro
187 3476 266 3531 esse,
281 3467 502 3541 praeterquam
517 3450 604 3539 quod
619 3459 792 3515 recusasset
806 3445 946 3512 delatum
962 3465 1077 3508 eonsu-

61 3697 76 3746 7
94 3687 203 3744 comm
215 3687 295 3735 otrtm
308 3687 368 3733 satir
381 3685 447 3743 tata]
467 3684 536 3740 Quo
569 3683 648 3730 lectur
656 3681 747 3738 fuerat3
760 3678 822 3728 allas
832 3693 881 3726 non
890 3679 941 3738 cont
953 3675 1077 3740 potuisset

23 3765 84 3798 rum
100 3749 175 3798 virtus
191 3755 217 3798 et
232 3749 349 3798 tortitudo
364 3749 454 3796 bellica
469 3747 536 3796 edhi-
570 3745 653 3795 Doara.

23 3816 98 3862 beret
122 3819 205 3862 tamen
230 3813 379 3872 menonem,
399 3827 431 3860 ne
451 3811 537 3860 fraude
604 3825 614 3858 ι
635 3810 745 3858 Stantem
763 3809 838 3869 eoepit
856 3809 885 3855 tn
902 3805 1003 3865 sanata]
1032 3803 1077 3852 Ni·

24 3876 368 3940 Punicacaperetur.0a1r.
568 3873 667 3932 mirum,
678 3885 754 3934 quum
771 3871 882 3934 pluribus
893 3869 972 3919 verbis
982 3873 1077 3916 senten

60 3943 77 3988 8
91 3943 182 3990 Multis
193 3948 251 3991 ante
261 3941 346 4004 anab]
360 3935 535 4000 etaupmit.
568 3938 629 3986 tiam
648 3951 718 3986 suam
735 3936 887 3999 explicarent
903 3949 933 3983 ac
952 3939 1078 3981 tuerentur

23 4019 68 4067 35.
104 4005 205 4068 Quippe
224 4005 308 4054 conurl
327 4005 408 4052 lueret
426 4001 537 4063 proximo
569 4007 700 4060 senatores,
714 4005 807 4049 stantes
822 3999 950 4048 dicebant:
968 3995 1076 4058 alloquin

22 4075 88 4118 ante
105 4069 152 4118 hoe
168 4070 261 4118 ballum
277 4083 351 4128 anno,
367 4072 392 4115 et
408 4066 538 4114 demamus
569 4072 613 4114 aut
635 4067 708 4113 verbo
729 4064 784 4113 aliis
809 4063 1011 4120 mentiebantur,
1034 4064 1077 4107 aut

23 4133 109 4196 primo
121 4133 193 4181 huius
203 4131 261 4182 balli
272 4147 344 4181 anuo.
569 4127 714 4178 discessione
731 4129 805 4188 laeta,
816 4128 920 4190 pedibus
938 4125 964 4173 in
981 4129 1076 4173 senten·

57 4211 78 4307 p
94 4197 241 4259 Ουιροπιιιι]
258 4212 291 4245 sc.
300 4197 349 4244 Vel
357 4200 386 4243 ut
394 4193 472 4242 virum
482 4205 537 4241 con·
570 4191 630 4242 tiam
641 4193 717 4241 ibant.

22 4275 143 4320 errarem,
157 4261 195 4309 vel
211 4262 277 4322 quod
294 4265 368 4308 antea
384 4259 410 4306 in
426 4261 538 4305 senatum
