<?xml version="1.0" encoding="UTF-8"?>
<!DOCTYPE html PUBLIC "-//W3C//DTD XHTML 1.0 Transitional//EN"
    "http://www.w3.org/TR/xhtml1/DTD/xhtml1-transitional.dtd">
<html xmlns="http://www.w3.org/1999/xhtml" xml:lang="en" lang="en">
 <head>
  <title>
</title>
<meta http-equiv="Content-Type" content="text/html;charset=utf-8" />
  <meta name='ocr-system' content='tesseract 3.04.00' />
  <meta name='ocr-capabilities' content='ocr_page ocr_carea ocr_par ocr_line ocrx_word'/>
</head>
<body>
  <div class='ocr_page' id='page_1' title='image "./tliviipatavinih00kreygoog_0178.png"; bbox 0 0 2966 4778; ppageno 0'>
   <div class='ocr_carea' id='block_1_1' title="bbox 375 224 1135 294">
    <p class='ocr_par' dir='ltr' id='par_1_1' title="bbox 375 224 1135 294">
     <span class='ocr_line' id='line_1_1' title="bbox 375 224 1135 294; baseline 0.001 -2"><span class='ocrx_word' id='word_1_1' title='bbox 375 227 470 292; x_wconf 89' lang='lat' dir='ltr'><strong>LIB.</strong></span> <span class='ocrx_word' id='word_1_2' title='bbox 494 224 626 292; x_wconf 86' lang='lat' dir='ltr'>XXIIL</span> <span class='ocrx_word' id='word_1_3' title='bbox 661 225 772 292; x_wconf 83' lang='lat' dir='ltr'>OAP.</span> <span class='ocrx_word' id='word_1_4' title='bbox 795 233 848 293; x_wconf 88' lang='lat'><strong>43.</strong></span> <span class='ocrx_word' id='word_1_5' title='bbox 1075 229 1135 294; x_wconf 77' lang='lat'><strong>167</strong></span> 
     </span>
    </p>
   </div>
   <div class='ocr_carea' id='block_1_2' title="bbox 56 360 1292 2508">
    <p class='ocr_par' dir='ltr' id='par_1_2' title="bbox 84 360 1292 448">
     <span class='ocr_line' id='line_1_2' title="bbox 84 360 1292 448; baseline -0.003 -20"><span class='ocrx_word' id='word_1_6' title='bbox 84 362 213 440; x_wconf 78' lang='lat' dir='ltr'><strong>‘tr-abit,</strong></span> <span class='ocrx_word' id='word_1_7' title='bbox 249 361 468 438; x_wconf 85' lang='lat' dir='ltr'><strong>uamvisvana,</strong></span> <span class='ocrx_word' id='word_1_8' title='bbox 477 362 613 448; x_wconf 87' lang='lat' dir='ltr'><strong>praedae</strong></span> <span class='ocrx_word' id='word_1_9' title='bbox 622 383 702 448; x_wconf 88' lang='lat' dir='ltr'><strong>spes.</strong></span> <span class='ocrx_word' id='word_1_10' title='bbox 739 360 952 428; x_wconf 80' lang='lat' dir='ltr'><strong>Numidarum</strong></span> <span class='ocrx_word' id='word_1_11' title='bbox 960 381 1136 448; x_wconf 88' lang='lat' dir='ltr'><strong>pancorum</strong></span> <span class='ocrx_word' id='word_1_12' title='bbox 1146 373 1179 426; x_wconf 85' lang='lat' dir='ltr'><strong>U.</strong></span> <span class='ocrx_word' id='word_1_13' title='bbox 1190 375 1220 426; x_wconf 82' lang='lat' dir='ltr'><strong>c.</strong></span> <span class='ocrx_word' id='word_1_14' title='bbox 1237 385 1292 438; x_wconf 71' lang='lat'><strong>537.</strong></span> 
     </span>
    </p>

    <p class='ocr_par' dir='ltr' id='par_1_3' title="bbox 56 385 1292 772">
     <span class='ocr_line' id='line_1_3' title="bbox 56 385 1292 536; baseline -0.002 -22"><span class='ocrx_word' id='word_1_15' title='bbox 56 447 156 514; x_wconf 87' lang='lat' dir='ltr'><strong>9‘illi</strong></span> <span class='ocrx_word' id='word_1_16' title='bbox 172 385 304 536; x_wconf 75' lang='lat' dir='ltr'><strong>quidem</strong></span> <span class='ocrx_word' id='word_1_17' title='bbox 323 447 441 534; x_wconf 88' lang='lat' dir='ltr'><strong>praeda</strong></span> <span class='ocrx_word' id='word_1_18' title='bbox 454 460 557 525; x_wconf 88' lang='lat' dir='ltr'><strong>erunt,</strong></span> <span class='ocrx_word' id='word_1_19' title='bbox 573 447 829 534; x_wconf 81' lang='lat' dir='ltr'>praesidiumque</span> <span class='ocrx_word' id='word_1_20' title='bbox 846 447 976 512; x_wconf 89' lang='lat' dir='ltr'><strong>missum</strong></span> <span class='ocrx_word' id='word_1_21' title='bbox 991 447 1085 514; x_wconf 90' lang='lat' dir='ltr'><strong>nobis</strong></span> <span class='ocrx_word' id='word_1_22' title='bbox 1103 458 1136 512; x_wconf 88' lang='lat' dir='ltr'><strong>et</strong></span> <span class='ocrx_word' id='word_1_23' title='bbox 1144 439 1174 490; x_wconf 73' lang='grc' dir='ltr'><strong>Ᾰ·</strong></span> <span class='ocrx_word' id='word_1_24' title='bbox 1191 439 1221 490; x_wconf 80' lang='lat'><strong>⁰·</strong></span> <span class='ocrx_word' id='word_1_25' title='bbox 1237 451 1292 502; x_wconf 75' lang='lat'><strong>²¹⁵·</strong></span> 
     </span>
     <span class='ocr_line' id='line_1_4' title="bbox 84 533 1136 620; baseline -0.001 -22"><span class='ocrx_word' id='word_1_26' title='bbox 84 542 96 573; x_wconf 83' lang='lat'>‘</span> <span class='ocrx_word' id='word_1_27' title='bbox 105 533 212 599; x_wconf 86' lang='lat' dir='ltr'><strong>Nolae</strong></span> <span class='ocrx_word' id='word_1_28' title='bbox 227 533 400 598; x_wconf 74' lang='lat' dir='ltr'><strong>ademerit:</strong></span> <span class='ocrx_word' id='word_1_29' title='bbox 423 533 449 598; x_wconf 93' lang='lat' dir='ltr'><strong>si</strong></span> <span class='ocrx_word' id='word_1_30' title='bbox 467 533 572 610; x_wconf 81' lang='lat' dir='ltr'><strong>modu,</strong></span> <span class='ocrx_word' id='word_1_31' title='bbox 612 556 677 610; x_wconf 89' lang='lat' dir='ltr'><strong>uos,</strong></span> <span class='ocrx_word' id='word_1_32' title='bbox 694 546 730 598; x_wconf 91' lang='lat' dir='ltr'><strong>ut</strong></span> <span class='ocrx_word' id='word_1_33' title='bbox 751 534 852 598; x_wconf 82' lang='lat' dir='ltr'><strong>socios</strong></span> <span class='ocrx_word' id='word_1_34' title='bbox 865 533 1006 610; x_wconf 90' lang='lat' dir='ltr'><strong>haberes,</strong></span> <span class='ocrx_word' id='word_1_35' title='bbox 1022 533 1136 620; x_wconf 75' lang='lat' dir='ltr'><strong>dignos</strong></span> 
     </span>
     <span class='ocr_line' id='line_1_5' title="bbox 85 557 1136 720; baseline 0 -36"><span class='ocrx_word' id='word_1_36' title='bbox 85 619 240 720; x_wconf 80' lang='lat' dir='ltr'><strong>‘duxisti‚</strong></span> <span class='ocrx_word' id='word_1_37' title='bbox 265 619 353 684; x_wconf 85' lang='lat' dir='ltr'><strong>haud</strong></span> <span class='ocrx_word' id='word_1_38' title='bbox 377 619 525 706; x_wconf 77' lang='lat' dir='ltr'><strong>indignos</strong></span> <span class='ocrx_word' id='word_1_39' title='bbox 550 557 681 697; x_wconf 81' lang='lat' dir='ltr'><strong>indicas,</strong></span> <span class='ocrx_word' id='word_1_40' title='bbox 705 641 785 706; x_wconf 90' lang='lat' dir='ltr'><strong>quos</strong></span> <span class='ocrx_word' id='word_1_41' title='bbox 809 620 844 684; x_wconf 92' lang='lat' dir='ltr'><strong>in</strong></span> <span class='ocrx_word' id='word_1_42' title='bbox 869 619 967 684; x_wconf 90' lang='lat' dir='ltr'><strong>fidem</strong></span> <span class='ocrx_word' id='word_1_43' title='bbox 992 631 1136 706; x_wconf 90' lang='lat' dir='ltr'><strong>receptos</strong></span> 
     </span>
     <span class='ocr_line' id='line_1_6' title="bbox 84 707 246 772; baseline -0.006 -1"><span class='ocrx_word' id='word_1_44' title='bbox 84 707 246 772; x_wconf 78' lang='lat' dir='ltr'><strong>‘tuearm’</strong></span> 
     </span>
    </p>

    <p class='ocr_par' dir='ltr' id='par_1_4' title="bbox 84 789 1280 1641">
     <span class='ocr_line' id='line_1_7' title="bbox 132 789 1243 896; baseline -0.008 -39"><span class='ocrx_word' id='word_1_45' title='bbox 132 792 189 857; x_wconf 85' lang='lat' dir='ltr'><strong>Ad</strong></span> <span class='ocrx_word' id='word_1_46' title='bbox 210 815 249 856; x_wconf 90' lang='lat' dir='ltr'><strong>ea</strong></span> <span class='ocrx_word' id='word_1_47' title='bbox 267 789 431 855; x_wconf 77' lang='lat' dir='ltr'><strong>Hannibal</strong></span> <span class='ocrx_word' id='word_1_48' title='bbox 452 790 631 896; x_wconf 64' lang='lat' dir='ltr'><strong>respondit:</strong></span> <span class='ocrx_word' id='word_1_49' title='bbox 657 798 667 829; x_wconf 88' lang='lat'>‘</span> <span class='ocrx_word' id='word_1_50' title='bbox 679 789 799 856; x_wconf 86' lang='lat' dir='ltr'><strong>Omnia</strong></span> <span class='ocrx_word' id='word_1_51' title='bbox 819 789 914 854; x_wconf 88' lang='lat' dir='ltr'><strong>simul</strong></span> <span class='ocrx_word' id='word_1_52' title='bbox 932 790 1034 856; x_wconf 84' lang='lat' dir='ltr'><strong>facere</strong></span> <span class='ocrx_word' id='word_1_53' title='bbox 1057 789 1135 854; x_wconf 87' lang='lat' dir='ltr'><strong>Hir·</strong></span> <span class='ocrx_word' id='word_1_54' title='bbox 1190 789 1243 850; x_wconf 88' lang='grc'><strong>43.</strong></span> 
     </span>
     <span class='ocr_line' id='line_1_8' title="bbox 84 873 1257 965; baseline -0.006 -23"><span class='ocrx_word' id='word_1_55' title='bbox 84 879 201 965; x_wconf 84' lang='lat' dir='ltr'><strong>‘pinos</strong></span> <span class='ocrx_word' id='word_1_56' title='bbox 232 877 469 963; x_wconf 77' lang='lat' dir='ltr'>Samnitesque:</span> <span class='ocrx_word' id='word_1_57' title='bbox 500 890 534 940; x_wconf 86' lang='lat' dir='ltr'><strong>et</strong></span> <span class='ocrx_word' id='word_1_58' title='bbox 559 875 700 940; x_wconf 90' lang='lat' dir='ltr'><strong>indicare</strong></span> <span class='ocrx_word' id='word_1_59' title='bbox 729 875 834 940; x_wconf 88' lang='lat' dir='ltr'><strong>clades</strong></span> <span class='ocrx_word' id='word_1_60' title='bbox 859 897 939 954; x_wconf 87' lang='lat' dir='ltr'><strong>suas,</strong></span> <span class='ocrx_word' id='word_1_61' title='bbox 966 890 999 940; x_wconf 90' lang='lat' dir='ltr'><strong>et</strong></span> <span class='ocrx_word' id='word_1_62' title='bbox 1068 889 1134 940; x_wconf 88' lang='lat' dir='ltr'><strong>tere</strong></span> <span class='ocrx_word' id='word_1_63' title='bbox 1144 873 1257 935; x_wconf 77' lang='lat' dir='ltr'><strong>Respon-</strong></span> 
     </span>
     <span class='ocr_line' id='line_1_9' title="bbox 86 899 1280 1052; baseline -0.003 -24"><span class='ocrx_word' id='word_1_64' title='bbox 86 962 312 1052; x_wconf 72' lang='lat' dir='ltr'><strong>‘praesidium</strong></span> <span class='ocrx_word' id='word_1_65' title='bbox 325 976 359 1027; x_wconf 91' lang='lat' dir='ltr'><strong>et</strong></span> <span class='ocrx_word' id='word_1_66' title='bbox 369 963 459 1049; x_wconf 87' lang='lat' dir='ltr'><strong>queri</strong></span> <span class='ocrx_word' id='word_1_67' title='bbox 471 962 651 1026; x_wconf 90' lang='lat' dir='ltr'><strong>indefensos</strong></span> <span class='ocrx_word' id='word_1_68' title='bbox 661 985 694 1026; x_wconf 89' lang='lat' dir='ltr'><strong>se</strong></span> <span class='ocrx_word' id='word_1_69' title='bbox 706 961 938 1048; x_wconf 84' lang='lat' dir='ltr'><strong>neglectosque.</strong></span> <span class='ocrx_word' id='word_1_70' title='bbox 984 899 1280 1049; x_wconf 40' lang='grc' dir='ltr'><strong>ὤθει-ΜΨ</strong></span> 
     </span>
     <span class='ocr_line' id='line_1_10' title="bbox 85 1046 1135 1134; baseline -0.003 -20"><span class='ocrx_word' id='word_1_71' title='bbox 85 1051 187 1114; x_wconf 90' lang='lat' dir='ltr'><strong>‘dum</strong></span> <span class='ocrx_word' id='word_1_72' title='bbox 198 1063 306 1114; x_wconf 89' lang='lat' dir='ltr'><strong>antem</strong></span> <span class='ocrx_word' id='word_1_73' title='bbox 316 1048 411 1114; x_wconf 88' lang='lat' dir='ltr'><strong>fuisse</strong></span> <span class='ocrx_word' id='word_1_74' title='bbox 424 1048 571 1134; x_wconf 91' lang='lat' dir='ltr'><strong>primum,</strong></span> <span class='ocrx_word' id='word_1_75' title='bbox 583 1047 660 1112; x_wconf 92' lang='lat' dir='ltr'><strong>dein</strong></span> <span class='ocrx_word' id='word_1_76' title='bbox 670 1046 844 1133; x_wconf 88' lang='lat' dir='ltr'><strong>petendum</strong></span> <span class='ocrx_word' id='word_1_77' title='bbox 855 1047 1061 1134; x_wconf 79' lang='lat' dir='ltr'><strong>praesidium:</strong></span> <span class='ocrx_word' id='word_1_78' title='bbox 1077 1070 1135 1134; x_wconf 93' lang='lat' dir='ltr'><strong>po-</strong></span> 
     </span>
     <span class='ocr_line' id='line_1_11' title="bbox 85 1133 1137 1221; baseline -0.003 -20"><span class='ocrx_word' id='word_1_79' title='bbox 85 1143 238 1212; x_wconf 85' lang='lat' dir='ltr'><strong>‘stremo,</strong></span> <span class='ocrx_word' id='word_1_80' title='bbox 254 1135 289 1199; x_wconf 91' lang='lat' dir='ltr'><strong>ni</strong></span> <span class='ocrx_word' id='word_1_81' title='bbox 306 1135 537 1221; x_wconf 81' lang='lat' dir='ltr'><strong>impetraretur,</strong></span> <span class='ocrx_word' id='word_1_82' title='bbox 554 1146 623 1198; x_wconf 92' lang='lat' dir='ltr'><strong>tum</strong></span> <span class='ocrx_word' id='word_1_83' title='bbox 640 1133 779 1220; x_wconf 90' lang='lat' dir='ltr'><strong>denique</strong></span> <span class='ocrx_word' id='word_1_84' title='bbox 798 1133 1007 1220; x_wconf 87' lang='lat' dir='ltr'><strong>querendum,</strong></span> <span class='ocrx_word' id='word_1_85' title='bbox 1022 1133 1137 1199; x_wconf 74' lang='lat' dir='ltr'><strong>frustm</strong></span> 
     </span>
     <span class='ocr_line' id='line_1_12' title="bbox 85 1217 1133 1308; baseline -0.003 -22"><span class='ocrx_word' id='word_1_86' title='bbox 85 1229 203 1308; x_wconf 88' lang='lat' dir='ltr'><strong>‘opem</strong></span> <span class='ocrx_word' id='word_1_87' title='bbox 222 1220 427 1307; x_wconf 86' lang='lat' dir='ltr'><strong>imploratam.</strong></span> <span class='ocrx_word' id='word_1_88' title='bbox 475 1219 660 1283; x_wconf 87' lang='lat' dir='ltr'><strong>Exercitum</strong></span> <span class='ocrx_word' id='word_1_89' title='bbox 675 1241 742 1284; x_wconf 89' lang='lat' dir='ltr'><strong>sese</strong></span> <span class='ocrx_word' id='word_1_90' title='bbox 758 1242 823 1284; x_wconf 92' lang='lat' dir='ltr'><strong>non</strong></span> <span class='ocrx_word' id='word_1_91' title='bbox 839 1220 873 1284; x_wconf 89' lang='lat' dir='ltr'><strong>in</strong></span> <span class='ocrx_word' id='word_1_92' title='bbox 1021 1217 1133 1308; x_wconf 88' lang='lat' dir='ltr'><strong>Hirpi-</strong></span> 
     </span>
     <span class='ocr_line' id='line_1_13' title="bbox 85 1241 1136 1393; baseline -0.003 -21"><span class='ocrx_word' id='word_1_93' title='bbox 85 1315 188 1372; x_wconf 86' lang='lat' dir='ltr'><strong>‘num</strong></span> <span class='ocrx_word' id='word_1_94' title='bbox 212 1306 435 1383; x_wconf 87' lang='lat' dir='ltr'><strong>Samnitemve,</strong></span> <span class='ocrx_word' id='word_1_95' title='bbox 451 1328 492 1370; x_wconf 92' lang='lat' dir='ltr'><strong>ne</strong></span> <span class='ocrx_word' id='word_1_96' title='bbox 513 1306 627 1391; x_wconf 83' lang='lat' dir='ltr'><strong>etipse</strong></span> <span class='ocrx_word' id='word_1_97' title='bbox 649 1305 738 1370; x_wconf 92' lang='lat' dir='ltr'><strong>oneri</strong></span> <span class='ocrx_word' id='word_1_98' title='bbox 758 1318 849 1383; x_wconf 88' lang='lat' dir='ltr'><strong>esset,</strong></span> <span class='ocrx_word' id='word_1_99' title='bbox 864 1241 1136 1393; x_wconf 54' lang='lat' dir='ltr'><strong>ffimima</strong></span> 
     </span>
     <span class='ocr_line' id='line_1_14' title="bbox 86 1390 1135 1492; baseline 0 -36"><span class='ocrx_word' id='word_1_100' title='bbox 86 1393 183 1458; x_wconf 88' lang='lat' dir='ltr'><strong>‘loca</strong></span> <span class='ocrx_word' id='word_1_101' title='bbox 195 1393 351 1458; x_wconf 89' lang='lat' dir='ltr'><strong>sociorum</strong></span> <span class='ocrx_word' id='word_1_102' title='bbox 366 1391 477 1480; x_wconf 90' lang='lat' dir='ltr'><strong>populi</strong></span> <span class='ocrx_word' id='word_1_103' title='bbox 490 1390 628 1456; x_wconf 83' lang='lat' dir='ltr'><strong>Romani</strong></span> <span class='ocrx_word' id='word_1_104' title='bbox 642 1390 872 1456; x_wconf 78' lang='lat' dir='ltr'><strong>adducturum:</strong></span> <span class='ocrx_word' id='word_1_105' title='bbox 896 1392 935 1456; x_wconf 91' lang='lat' dir='ltr'><strong>iis</strong></span> <span class='ocrx_word' id='word_1_106' title='bbox 946 1391 1135 1492; x_wconf 80' lang='lat' dir='ltr'><strong>populandis</strong></span> 
     </span>
     <span class='ocr_line' id='line_1_15' title="bbox 87 1476 1255 1564; baseline 0.002 -20"><span class='ocrx_word' id='word_1_107' title='bbox 87 1489 145 1544; x_wconf 89' lang='lat' dir='ltr'><strong>‘et</strong></span> <span class='ocrx_word' id='word_1_108' title='bbox 158 1478 291 1543; x_wconf 88' lang='lat' dir='ltr'><strong>militem</strong></span> <span class='ocrx_word' id='word_1_109' title='bbox 306 1499 399 1542; x_wconf 88' lang='lat' dir='ltr'><strong>sunm</strong></span> <span class='ocrx_word' id='word_1_110' title='bbox 408 1476 602 1564; x_wconf 89' lang='lat' dir='ltr'><strong>repleturum</strong></span> <span class='ocrx_word' id='word_1_111' title='bbox 616 1499 660 1554; x_wconf 89' lang='lat' dir='ltr'><strong>se,</strong></span> <span class='ocrx_word' id='word_1_112' title='bbox 672 1491 706 1542; x_wconf 91' lang='lat' dir='ltr'><strong>et</strong></span> <span class='ocrx_word' id='word_1_113' title='bbox 719 1489 807 1541; x_wconf 90' lang='lat' dir='ltr'><strong>metu</strong></span> <span class='ocrx_word' id='word_1_114' title='bbox 818 1477 929 1564; x_wconf 93' lang='lat' dir='ltr'><strong>procul</strong></span> <span class='ocrx_word' id='word_1_115' title='bbox 943 1477 982 1543; x_wconf 89' lang='lat' dir='ltr'><strong>ab</strong></span> <span class='ocrx_word' id='word_1_116' title='bbox 997 1477 1036 1541; x_wconf 84' lang='lat' dir='ltr'><strong>ris</strong></span> <span class='ocrx_word' id='word_1_117' title='bbox 1050 1499 1136 1541; x_wconf 90' lang='lat' dir='ltr'><strong>sum·</strong></span> <span class='ocrx_word' id='word_1_118' title='bbox 1248 1535 1255 1546; x_wconf 81' lang='lat'>.</span> 
     </span>
     <span class='ocr_line' id='line_1_16' title="bbox 87 1562 1134 1641; baseline -0.001 -13"><span class='ocrx_word' id='word_1_119' title='bbox 87 1573 272 1631; x_wconf 89' lang='lat' dir='ltr'><strong>‘moturum</strong></span> <span class='ocrx_word' id='word_1_120' title='bbox 293 1563 407 1628; x_wconf 90' lang='lat' dir='ltr'><strong>hostes.</strong></span> <span class='ocrx_word' id='word_1_121' title='bbox 456 1562 554 1637; x_wconf 85' lang='lat' dir='ltr'><strong>Quod</strong></span> <span class='ocrx_word' id='word_1_122' title='bbox 568 1562 609 1626; x_wconf 84' lang='lat' dir='ltr'><strong>ad</strong></span> <span class='ocrx_word' id='word_1_123' title='bbox 631 1562 751 1628; x_wconf 89' lang='lat' dir='ltr'><strong>bellum</strong></span> <span class='ocrx_word' id='word_1_124' title='bbox 769 1562 952 1628; x_wconf 89' lang='lat' dir='ltr'><strong>Romanum</strong></span> <span class='ocrx_word' id='word_1_125' title='bbox 974 1563 1134 1641; x_wconf 87' lang='lat' dir='ltr'><strong>attineret,</strong></span> 
     </span>
    </p>

    <p class='ocr_par' dir='ltr' id='par_1_5' title="bbox 87 1647 1139 2508">
     <span class='ocr_line' id='line_1_17' title="bbox 88 1647 1136 1736; baseline -0.003 -21"><span class='ocrx_word' id='word_1_126' title='bbox 88 1651 136 1715; x_wconf 88' lang='lat' dir='ltr'><strong>‘si</strong></span> <span class='ocrx_word' id='word_1_127' title='bbox 151 1649 328 1714; x_wconf 69' lang='lat' dir='ltr'><strong>treatment</strong></span> <span class='ocrx_word' id='word_1_128' title='bbox 339 1671 436 1736; x_wconf 87' lang='lat' dir='ltr'><strong>quam</strong></span> <span class='ocrx_word' id='word_1_129' title='bbox 451 1647 597 1725; x_wconf 87' lang='lat' dir='ltr'><strong>Trebiae,</strong></span> <span class='ocrx_word' id='word_1_130' title='bbox 611 1648 638 1712; x_wconf 90' lang='lat' dir='ltr'><strong>si</strong></span> <span class='ocrx_word' id='word_1_131' title='bbox 654 1647 839 1714; x_wconf 86' lang='lat' dir='ltr'><strong>Cannarum</strong></span> <span class='ocrx_word' id='word_1_132' title='bbox 850 1672 948 1736; x_wconf 90' lang='lat' dir='ltr'><strong>quam</strong></span> <span class='ocrx_word' id='word_1_133' title='bbox 956 1648 1136 1714; x_wconf 89' lang='lat' dir='ltr'><strong>Trasimeni</strong></span> 
     </span>
     <span class='ocr_line' id='line_1_18' title="bbox 89 1732 1135 1824; baseline -0.001 -24"><span class='ocrx_word' id='word_1_134' title='bbox 89 1745 218 1824; x_wconf 79' lang='lat' dir='ltr'><strong>‘pugna</strong></span> <span class='ocrx_word' id='word_1_135' title='bbox 238 1734 375 1800; x_wconf 90' lang='lat' dir='ltr'><strong>nobilior</strong></span> <span class='ocrx_word' id='word_1_136' title='bbox 400 1746 500 1809; x_wconf 79' lang='lat' dir='ltr'><strong>esset3</strong></span> <span class='ocrx_word' id='word_1_137' title='bbox 533 1732 718 1799; x_wconf 88' lang='lat' dir='ltr'><strong>Cannarum</strong></span> <span class='ocrx_word' id='word_1_138' title='bbox 739 1757 772 1800; x_wconf 92' lang='lat' dir='ltr'><strong>se</strong></span> <span class='ocrx_word' id='word_1_139' title='bbox 797 1757 925 1822; x_wconf 90' lang='lat' dir='ltr'><strong>quoqne</strong></span> <span class='ocrx_word' id='word_1_140' title='bbox 951 1735 1135 1800; x_wconf 86' lang='lat' dir='ltr'><strong>memoriam</strong></span> 
     </span>
     <span class='ocr_line' id='line_1_19' title="bbox 89 1819 1136 1921; baseline -0.001 -34"><span class='ocrx_word' id='word_1_141' title='bbox 89 1832 100 1861; x_wconf 92' lang='lat'>‘</span> <span class='ocrx_word' id='word_1_142' title='bbox 115 1823 281 1887; x_wconf 76' lang='lat' dir='ltr'><strong>obscuram</strong></span> <span class='ocrx_word' id='word_1_143' title='bbox 291 1821 409 1921; x_wconf 80' lang='lat' dir='ltr'><strong>maiore</strong></span> <span class='ocrx_word' id='word_1_144' title='bbox 424 1832 458 1884; x_wconf 91' lang='lat' dir='ltr'><strong>et</strong></span> <span class='ocrx_word' id='word_1_145' title='bbox 472 1819 602 1884; x_wconf 86' lang='lat' dir='ltr'><strong>clariore</strong></span> <span class='ocrx_word' id='word_1_146' title='bbox 611 1820 743 1884; x_wconf 86' lang='lat' dir='ltr'><strong>victoria</strong></span> <span class='ocrx_word' id='word_1_147' title='bbox 751 1821 927 1886; x_wconf 66' lang='lat' dir='ltr'><strong>facturum!</strong></span> <span class='ocrx_word' id='word_1_148' title='bbox 973 1819 1060 1886; x_wconf 86' lang='lat' dir='ltr'><strong>Cum</strong></span> <span class='ocrx_word' id='word_1_149' title='bbox 1074 1820 1136 1886; x_wconf 88' lang='lat' dir='ltr'><strong>hoc</strong></span> 
     </span>
     <span class='ocr_line' id='line_1_20' title="bbox 87 1905 1136 2078; baseline -0.003 -20"><span class='ocrx_word' id='word_1_150' title='bbox 87 1905 629 2068; x_wconf 62' lang='lat' dir='ltr'><strong>transumunt</strong></span> <span class='ocrx_word' id='word_1_151' title='bbox 638 1905 810 2078; x_wconf 51' lang='lat' dir='ltr'><strong>lilla?</strong></span> <span class='ocrx_word' id='word_1_152' title='bbox 811 1920 919 2056; x_wconf 66' lang='lat' dir='ltr'><strong>ttt</strong></span> <span class='ocrx_word' id='word_1_153' title='bbox 933 1905 1136 2055; x_wconf 50' lang='lat' dir='ltr'><strong>,Hatra</strong></span> 
     </span>
     <span class='ocr_line' id='line_1_21' title="bbox 89 2075 1137 2163; baseline -0.005 -19"><span class='ocrx_word' id='word_1_154' title='bbox 89 2078 209 2144; x_wconf 88' lang='lat' dir='ltr'><strong>Nolam</strong></span> <span class='ocrx_word' id='word_1_155' title='bbox 311 2079 343 2143; x_wconf 81' lang='lat' dir='ltr'><strong>&#39;t</strong></span> <span class='ocrx_word' id='word_1_156' title='bbox 390 2077 514 2142; x_wconf 91' lang='lat' dir='ltr'><strong>Eodem</strong></span> <span class='ocrx_word' id='word_1_157' title='bbox 539 2076 659 2141; x_wconf 88' lang='lat' dir='ltr'><strong>Hanno</strong></span> <span class='ocrx_word' id='word_1_158' title='bbox 682 2099 724 2140; x_wconf 87' lang='lat' dir='ltr'><strong>ex</strong></span> <span class='ocrx_word' id='word_1_159' title='bbox 750 2075 894 2153; x_wconf 91' lang='lat' dir='ltr'><strong>Bruttiis,</strong></span> <span class='ocrx_word' id='word_1_160' title='bbox 915 2098 989 2140; x_wconf 90' lang='lat' dir='ltr'><strong>cum</strong></span> <span class='ocrx_word' id='word_1_161' title='bbox 1008 2075 1137 2163; x_wconf 88' lang='lat' dir='ltr'><strong>supple·</strong></span> 
     </span>
     <span class='ocr_line' id='line_1_22' title="bbox 89 2101 1137 2261; baseline -0.006 -31"><span class='ocrx_word' id='word_1_162' title='bbox 89 2177 200 2230; x_wconf 89' lang='lat' dir='ltr'><strong>mento</strong></span> <span class='ocrx_word' id='word_1_163' title='bbox 216 2101 409 2251; x_wconf 55' lang='lat' dir='ltr'><strong>dddllagine</strong></span> <span class='ocrx_word' id='word_1_164' title='bbox 419 2163 552 2227; x_wconf 84' lang='lat' dir='ltr'><strong>advecto</strong></span> <span class='ocrx_word' id='word_1_165' title='bbox 564 2173 659 2261; x_wconf 85' lang='lat' dir='ltr'><strong>atque</strong></span> <span class='ocrx_word' id='word_1_166' title='bbox 674 2160 861 2261; x_wconf 87' lang='lat' dir='ltr'><strong>elephantis,</strong></span> <span class='ocrx_word' id='word_1_167' title='bbox 872 2161 969 2226; x_wconf 84' lang='lat' dir='ltr'><strong>venit</strong></span> <span class='ocrx_word' id='word_1_168' title='bbox 1017 2159 1137 2224; x_wconf 85' lang='lat' dir='ltr'><strong>Castris</strong></span> 
     </span>
     <span class='ocr_line' id='line_1_23' title="bbox 89 2247 1139 2348; baseline -0.006 -32"><span class='ocrx_word' id='word_1_169' title='bbox 89 2249 178 2316; x_wconf 93' lang='lat' dir='ltr'><strong>baud</strong></span> <span class='ocrx_word' id='word_1_170' title='bbox 190 2250 303 2338; x_wconf 91' lang='lat' dir='ltr'><strong>procul</strong></span> <span class='ocrx_word' id='word_1_171' title='bbox 323 2249 442 2337; x_wconf 89' lang='lat' dir='ltr'><strong>positis,</strong></span> <span class='ocrx_word' id='word_1_172' title='bbox 458 2248 552 2348; x_wconf 71' lang='lat' dir='ltr'><strong>longe</strong></span> <span class='ocrx_word' id='word_1_173' title='bbox 575 2247 637 2312; x_wconf 85' lang='lat' dir='ltr'><strong>alta</strong></span> <span class='ocrx_word' id='word_1_174' title='bbox 650 2269 759 2313; x_wconf 89' lang='lat' dir='ltr'><strong>omnra</strong></span> <span class='ocrx_word' id='word_1_175' title='bbox 779 2247 954 2333; x_wconf 85' lang='lat' dir='ltr'><strong>inquirenti</strong></span> <span class='ocrx_word' id='word_1_176' title='bbox 976 2259 1139 2333; x_wconf 89' lang='lat' dir='ltr'><strong>comperta</strong></span> 
     </span>
     <span class='ocr_line' id='line_1_24' title="bbox 88 2330 1138 2422; baseline -0.006 -20"><span class='ocrx_word' id='word_1_177' title='bbox 88 2350 174 2414; x_wconf 88' lang='lat' dir='ltr'><strong>sunt,</strong></span> <span class='ocrx_word' id='word_1_178' title='bbox 213 2359 286 2401; x_wconf 85' lang='lat' dir='ltr'><strong>uarn</strong></span> <span class='ocrx_word' id='word_1_179' title='bbox 300 2358 381 2422; x_wconf 89' lang='lat' dir='ltr'><strong>quae</strong></span> <span class='ocrx_word' id='word_1_180' title='bbox 400 2358 420 2399; x_wconf 94' lang='lat' dir='ltr'><strong>a</strong></span> <span class='ocrx_word' id='word_1_181' title='bbox 433 2334 545 2420; x_wconf 79' lang='lat' dir='ltr'><strong>legatis</strong></span> <span class='ocrx_word' id='word_1_182' title='bbox 564 2333 721 2398; x_wconf 91' lang='lat' dir='ltr'><strong>sociorum</strong></span> <span class='ocrx_word' id='word_1_183' title='bbox 741 2331 891 2397; x_wconf 89' lang='lat' dir='ltr'><strong>audierat</strong></span> <span class='ocrx_word' id='word_1_184' title='bbox 938 2330 1031 2396; x_wconf 90' lang='lat' dir='ltr'><strong>Nihil</strong></span> <span class='ocrx_word' id='word_1_185' title='bbox 1050 2331 1138 2398; x_wconf 90' lang='lat' dir='ltr'><strong>enim</strong></span> 
     </span>
     <span class='ocr_line' id='line_1_25' title="bbox 90 2417 1138 2508; baseline -0.006 -20"><span class='ocrx_word' id='word_1_186' title='bbox 90 2422 201 2488; x_wconf 83' lang='lat' dir='ltr'><strong>Marce</strong></span> <span class='ocrx_word' id='word_1_187' title='bbox 226 2445 263 2487; x_wconf 91' lang='lat' dir='ltr'><strong>us</strong></span> <span class='ocrx_word' id='word_1_188' title='bbox 277 2422 323 2486; x_wconf 91' lang='lat' dir='ltr'><strong>ita</strong></span> <span class='ocrx_word' id='word_1_189' title='bbox 329 2421 468 2508; x_wconf 79' lang='lat' dir='ltr'><strong>gerebat,</strong></span> <span class='ocrx_word' id='word_1_190' title='bbox 479 2433 515 2484; x_wconf 92' lang='lat' dir='ltr'><strong>ut</strong></span> <span class='ocrx_word' id='word_1_191' title='bbox 529 2431 585 2484; x_wconf 89' lang='lat' dir='ltr'><strong>aut</strong></span> <span class='ocrx_word' id='word_1_192' title='bbox 593 2419 747 2496; x_wconf 87' lang='lat' dir='ltr'><strong>fortunae,</strong></span> <span class='ocrx_word' id='word_1_193' title='bbox 757 2431 812 2483; x_wconf 90' lang='lat' dir='ltr'><strong>aut</strong></span> <span class='ocrx_word' id='word_1_194' title='bbox 824 2431 941 2484; x_wconf 90' lang='lat' dir='ltr'><strong>temere</strong></span> <span class='ocrx_word' id='word_1_195' title='bbox 956 2417 1041 2483; x_wconf 91' lang='lat' dir='ltr'><strong>hosti</strong></span> <span class='ocrx_word' id='word_1_196' title='bbox 1051 2441 1138 2483; x_wconf 91' lang='lat' dir='ltr'><strong>com-</strong></span> 
     </span>
    </p>
   </div>
   <div class='ocr_carea' id='block_1_3' title="bbox 89 2504 1250 2912">
    <p class='ocr_par' dir='ltr' id='par_1_6' title="bbox 89 2504 1250 2912">
     <span class='ocr_line' id='line_1_26' title="bbox 89 2504 1136 2606; baseline -0.007 -32"><span class='ocrx_word' id='word_1_197' title='bbox 89 2510 221 2574; x_wconf 85' lang='lat' dir='ltr'><strong>missum</strong></span> <span class='ocrx_word' id='word_1_198' title='bbox 242 2507 307 2572; x_wconf 93' lang='lat' dir='ltr'><strong>dici</strong></span> <span class='ocrx_word' id='word_1_199' title='bbox 326 2522 442 2595; x_wconf 88' lang='lat' dir='ltr'><strong>posset</strong></span> <span class='ocrx_word' id='word_1_200' title='bbox 488 2505 673 2606; x_wconf 85' lang='lat' dir='ltr'><strong>Explorato,</strong></span> <span class='ocrx_word' id='word_1_201' title='bbox 689 2527 763 2570; x_wconf 91' lang='lat' dir='ltr'><strong>cum</strong></span> <span class='ocrx_word' id='word_1_202' title='bbox 780 2505 942 2592; x_wconf 82' lang='lat' dir='ltr'><strong>firmisque</strong></span> <span class='ocrx_word' id='word_1_203' title='bbox 962 2504 1136 2592; x_wconf 77' lang='lat' dir='ltr'><strong>praesidiis,</strong></span> 
     </span>
     <span class='ocr_line' id='line_1_27' title="bbox 91 2590 1138 2680; baseline -0.005 -20"><span class='ocrx_word' id='word_1_204' title='bbox 91 2607 162 2660; x_wconf 89' lang='lat' dir='ltr'><strong>tuto</strong></span> <span class='ocrx_word' id='word_1_205' title='bbox 186 2607 318 2680; x_wconf 87' lang='lat' dir='ltr'><strong>receptu</strong></span> <span class='ocrx_word' id='word_1_206' title='bbox 339 2591 525 2680; x_wconf 85' lang='lat' dir='ltr'><strong>praedatum</strong></span> <span class='ocrx_word' id='word_1_207' title='bbox 547 2606 643 2657; x_wconf 82' lang='lat' dir='ltr'><strong>terat:</strong></span> <span class='ocrx_word' id='word_1_208' title='bbox 677 2592 857 2677; x_wconf 85' lang='lat' dir='ltr'><strong>omniaque,</strong></span> <span class='ocrx_word' id='word_1_209' title='bbox 879 2590 967 2655; x_wconf 89' lang='lat' dir='ltr'><strong>velut</strong></span> <span class='ocrx_word' id='word_1_210' title='bbox 988 2590 1138 2656; x_wconf 85' lang='lat' dir='ltr'><strong>adversus</strong></span> 
     </span>
     <span class='ocr_line' id='line_1_28' title="bbox 89 2675 1137 2778; baseline -0.005 -33"><span class='ocrx_word' id='word_1_211' title='bbox 89 2692 289 2770; x_wconf 85' lang='lat' dir='ltr'><strong>praesentem</strong></span> <span class='ocrx_word' id='word_1_212' title='bbox 305 2677 531 2755; x_wconf 88' lang='lat' dir='ltr'><strong>Hannibalem,</strong></span> <span class='ocrx_word' id='word_1_213' title='bbox 546 2690 640 2742; x_wconf 86' lang='lat' dir='ltr'><strong>cauta</strong></span> <span class='ocrx_word' id='word_1_214' title='bbox 654 2677 842 2778; x_wconf 79' lang='lat' dir='ltr'><strong>provisaque</strong></span> <span class='ocrx_word' id='word_1_215' title='bbox 856 2675 993 2742; x_wconf 81' lang='lat' dir='ltr'><strong>fuerunt</strong></span> <span class='ocrx_word' id='word_1_216' title='bbox 1040 2676 1137 2754; x_wconf 89' lang='lat' dir='ltr'><strong>Tum,</strong></span> 
     </span>
     <span class='ocr_line' id='line_1_29' title="bbox 91 2763 1250 2912; baseline -0.001 -81"><span class='ocrx_word' id='word_1_217' title='bbox 91 2767 147 2832; x_wconf 89' lang='lat' dir='ltr'><strong>nbi</strong></span> <span class='ocrx_word' id='word_1_218' title='bbox 161 2766 260 2831; x_wconf 87' lang='lat' dir='ltr'><strong>sensit</strong></span> <span class='ocrx_word' id='word_1_219' title='bbox 268 2765 390 2830; x_wconf 88' lang='lat' dir='ltr'><strong>hostem</strong></span> <span class='ocrx_word' id='word_1_220' title='bbox 402 2763 583 2841; x_wconf 84' lang='lat' dir='ltr'><strong>adventare,</strong></span> <span class='ocrx_word' id='word_1_221' title='bbox 590 2785 699 2912; x_wconf 59' lang='lat' dir='ltr'><strong>appiae</strong></span> <span class='ocrx_word' id='word_1_222' title='bbox 707 2765 791 2828; x_wconf 82' lang='lat' dir='ltr'><strong>intra</strong></span> <span class='ocrx_word' id='word_1_223' title='bbox 801 2763 928 2828; x_wconf 88' lang='lat' dir='ltr'><strong>moenia</strong></span> <span class='ocrx_word' id='word_1_224' title='bbox 936 2763 1057 2863; x_wconf 77' lang='lat' dir='ltr'><strong>tenuit:</strong></span> <span class='ocrx_word' id='word_1_225' title='bbox 1076 2779 1250 2862; x_wconf 69' lang='lat' dir='ltr'><strong>perlaturos</strong></span> 
     </span>
    </p>
   </div>
   <div class='ocr_carea' id='block_1_4' title="bbox 67 2844 1293 3878">
    <p class='ocr_par' dir='ltr' id='par_1_7' title="bbox 67 2844 1293 3878">
     <span class='ocr_line' id='line_1_30' title="bbox 90 2844 1257 2926; baseline -0.004 -10"><span class='ocrx_word' id='word_1_226' title='bbox 90 2875 197 2918; x_wconf 87' lang='lat' dir='ltr'><strong>muros</strong></span> <span class='ocrx_word' id='word_1_227' title='bbox 211 2850 406 2916; x_wconf 84' lang='lat' dir='ltr'><strong>inambulare</strong></span> <span class='ocrx_word' id='word_1_228' title='bbox 429 2863 589 2914; x_wconf 84' lang='lat' dir='ltr'><strong>senatores</strong></span> <span class='ocrx_word' id='word_1_229' title='bbox 639 2849 747 2914; x_wconf 89' lang='lat' dir='ltr'><strong>olanos</strong></span> <span class='ocrx_word' id='word_1_230' title='bbox 767 2849 867 2926; x_wconf 88' lang='lat' dir='ltr'><strong>iussit,</strong></span> <span class='ocrx_word' id='word_1_231' title='bbox 882 2861 916 2914; x_wconf 90' lang='lat' dir='ltr'><strong>et</strong></span> <span class='ocrx_word' id='word_1_232' title='bbox 930 2871 1038 2913; x_wconf 90' lang='lat' dir='ltr'><strong>omma</strong></span> <span class='ocrx_word' id='word_1_233' title='bbox 1056 2844 1257 2912; x_wconf 61' lang='lat' dir='ltr'><strong>cncaN⁰¹²¹¹tt</strong></span> 
     </span>
     <span class='ocr_line' id='line_1_31' title="bbox 90 2913 1293 3024; baseline -0.008 -20"><span class='ocrx_word' id='word_1_234' title='bbox 90 2937 265 3024; x_wconf 74' lang='lat' dir='ltr'><strong>explorare,</strong></span> <span class='ocrx_word' id='word_1_235' title='bbox 281 2959 363 3024; x_wconf 87' lang='lat' dir='ltr'><strong>qnae</strong></span> <span class='ocrx_word' id='word_1_236' title='bbox 377 2935 463 3023; x_wconf 90' lang='lat' dir='ltr'><strong>apud</strong></span> <span class='ocrx_word' id='word_1_237' title='bbox 479 2935 585 3000; x_wconf 88' lang='lat' dir='ltr'><strong>hostes</strong></span> <span class='ocrx_word' id='word_1_238' title='bbox 598 2935 720 3000; x_wconf 79' lang='lat' dir='ltr'><strong>fierent.</strong></span> <span class='ocrx_word' id='word_1_239' title='bbox 768 2934 820 2998; x_wconf 84' lang='lat' dir='ltr'><strong>Ex</strong></span> <span class='ocrx_word' id='word_1_240' title='bbox 837 2935 876 2998; x_wconf 90' lang='lat' dir='ltr'><strong>iis</strong></span> <span class='ocrx_word' id='word_1_241' title='bbox 891 2932 1022 3010; x_wconf 89' lang='lat' dir='ltr'><strong>Hanno,</strong></span> <span class='ocrx_word' id='word_1_242' title='bbox 1038 2954 1136 3019; x_wconf 91' lang='lat' dir='ltr'><strong>quum</strong></span> <span class='ocrx_word' id='word_1_243' title='bbox 1147 2913 1293 3022; x_wconf 58' lang='lat' dir='ltr'><strong>‘ffmmffi‘</strong></span> 
     </span>
     <span class='ocr_line' id='line_1_32' title="bbox 90 3017 1139 3099; baseline -0.008 -10"><span class='ocrx_word' id='word_1_244' title='bbox 90 3023 133 3090; x_wconf 89' lang='lat' dir='ltr'><strong>ad</strong></span> <span class='ocrx_word' id='word_1_245' title='bbox 158 3045 286 3088; x_wconf 89' lang='lat' dir='ltr'><strong>murum</strong></span> <span class='ocrx_word' id='word_1_246' title='bbox 314 3021 522 3099; x_wconf 87' lang='lat' dir='ltr'><strong>successisset,</strong></span> <span class='ocrx_word' id='word_1_247' title='bbox 549 3019 752 3085; x_wconf 89' lang='lat' dir='ltr'><strong>Herennium</strong></span> <span class='ocrx_word' id='word_1_248' title='bbox 776 3019 909 3084; x_wconf 87' lang='lat' dir='ltr'><strong>Bassum</strong></span> <span class='ocrx_word' id='word_1_249' title='bbox 938 3032 971 3084; x_wconf 87' lang='lat' dir='ltr'><strong>et</strong></span> <span class='ocrx_word' id='word_1_250' title='bbox 1001 3017 1139 3082; x_wconf 89' lang='lat' dir='ltr'><strong>Herium</strong></span> 
     </span>
     <span class='ocr_line' id='line_1_33' title="bbox 90 3103 1140 3194; baseline -0.007 -19"><span class='ocrx_word' id='word_1_251' title='bbox 90 3110 244 3186; x_wconf 89' lang='lat' dir='ltr'><strong>Pettium,</strong></span> <span class='ocrx_word' id='word_1_252' title='bbox 270 3108 312 3174; x_wconf 87' lang='lat' dir='ltr'><strong>ad</strong></span> <span class='ocrx_word' id='word_1_253' title='bbox 341 3107 536 3194; x_wconf 84' lang='lat' dir='ltr'><strong>colloquium</strong></span> <span class='ocrx_word' id='word_1_254' title='bbox 565 3119 720 3182; x_wconf 87' lang='lat' dir='ltr'><strong>evocatos,</strong></span> <span class='ocrx_word' id='word_1_255' title='bbox 745 3105 962 3190; x_wconf 88' lang='lat' dir='ltr'><strong>permissuque</strong></span> <span class='ocrx_word' id='word_1_256' title='bbox 993 3103 1140 3168; x_wconf 87' lang='lat' dir='ltr'><strong>Marcelli</strong></span> 
     </span>
     <span class='ocr_line' id='line_1_34' title="bbox 90 3189 1139 3342; baseline -0.008 -81"><span class='ocrx_word' id='word_1_257' title='bbox 90 3217 241 3283; x_wconf 70' lang='lat' dir='ltr'><strong>egressoa</strong></span> <span class='ocrx_word' id='word_1_258' title='bbox 257 3217 314 3282; x_wconf 90' lang='lat' dir='ltr'><strong>per</strong></span> <span class='ocrx_word' id='word_1_259' title='bbox 330 3195 538 3342; x_wconf 63' lang='lat' dir='ltr'><strong>interpretem</strong></span> <span class='ocrx_word' id='word_1_260' title='bbox 557 3190 599 3256; x_wconf 90' lang='lat' dir='ltr'><strong>all</strong></span> <span class='ocrx_word' id='word_1_261' title='bbox 643 3191 737 3255; x_wconf 90' lang='lat' dir='ltr'><strong>uitur.</strong></span> <span class='ocrx_word' id='word_1_262' title='bbox 784 3189 974 3254; x_wconf 88' lang='lat' dir='ltr'><strong>Hannibalis</strong></span> <span class='ocrx_word' id='word_1_263' title='bbox 989 3189 1139 3255; x_wconf 85' lang='lat' dir='ltr'><strong>virtutem</strong></span> 
     </span>
     <span class='ocr_line' id='line_1_35' title="bbox 67 3275 1138 3368; baseline -0.01 -17"><span class='ocrx_word' id='word_1_264' title='bbox 67 3283 315 3368; x_wconf 77' lang='lat' dir='ltr'><strong>rfortunamque</strong></span> <span class='ocrx_word' id='word_1_265' title='bbox 333 3293 408 3345; x_wconf 86' lang='lat' dir='ltr'><strong>exto</strong></span> <span class='ocrx_word' id='word_1_266' title='bbox 434 3279 475 3342; x_wconf 76' lang='lat' dir='ltr'><strong>&#39;tr</strong></span> <span class='ocrx_word' id='word_1_267' title='bbox 499 3275 611 3365; x_wconf 92' lang='lat' dir='ltr'><strong>populi</strong></span> <span class='ocrx_word' id='word_1_268' title='bbox 664 3275 770 3340; x_wconf 91' lang='lat' dir='ltr'><strong>omani</strong></span> <span class='ocrx_word' id='word_1_269' title='bbox 788 3275 904 3340; x_wconf 88' lang='lat' dir='ltr'><strong>obterit</strong></span> <span class='ocrx_word' id='word_1_270' title='bbox 920 3287 1138 3340; x_wconf 88' lang='lat' dir='ltr'><strong>senescentem</strong></span> 
     </span>
     <span class='ocr_line' id='line_1_36' title="bbox 90 3358 1138 3447; baseline -0.009 -14"><span class='ocrx_word' id='word_1_271' title='bbox 90 3391 166 3434; x_wconf 91' lang='lat' dir='ltr'><strong>cum</strong></span> <span class='ocrx_word' id='word_1_272' title='bbox 177 3367 296 3431; x_wconf 82' lang='lat' dir='ltr'><strong>viribus</strong></span> <span class='ocrx_word' id='word_1_273' title='bbox 304 3367 509 3431; x_wconf 85' lang='lat' dir='ltr'><strong>maiestatem.</strong></span> <span class='ocrx_word' id='word_1_274' title='bbox 545 3362 661 3438; x_wconf 85' lang='lat' dir='ltr'><strong>‘Quae</strong></span> <span class='ocrx_word' id='word_1_275' title='bbox 672 3361 699 3424; x_wconf 90' lang='lat' dir='ltr'><strong>si</strong></span> <span class='ocrx_word' id='word_1_276' title='bbox 709 3361 798 3447; x_wconf 89' lang='lat' dir='ltr'><strong>paria</strong></span> <span class='ocrx_word' id='word_1_277' title='bbox 806 3373 919 3437; x_wconf 82' lang='lat' dir='ltr'><strong>essent,</strong></span> <span class='ocrx_word' id='word_1_278' title='bbox 930 3374 967 3425; x_wconf 91' lang='lat' dir='ltr'><strong>ut</strong></span> <span class='ocrx_word' id='word_1_279' title='bbox 976 3358 1138 3447; x_wconf 89' lang='lat' dir='ltr'><strong>quondam</strong></span> 
     </span>
     <span class='ocr_line' id='line_1_37' title="bbox 91 3445 1138 3537; baseline -0.009 -19"><span class='ocrx_word' id='word_1_280' title='bbox 91 3454 256 3530; x_wconf 72' lang='lat' dir='ltr'><strong>‘fuissent</strong></span> <span class='ocrx_word' id='word_1_281' title='bbox 272 3465 379 3516; x_wconf 89' lang='lat' dir='ltr'><strong>tamen</strong></span> <span class='ocrx_word' id='word_1_282' title='bbox 393 3449 541 3537; x_wconf 87' lang='lat' dir='ltr'><strong>expertis,</strong></span> <span class='ocrx_word' id='word_1_283' title='bbox 552 3470 648 3534; x_wconf 91' lang='lat' dir='ltr'><strong>quam</strong></span> <span class='ocrx_word' id='word_1_284' title='bbox 662 3469 757 3533; x_wconf 82' lang='lat' dir='ltr'><strong>grave</strong></span> <span class='ocrx_word' id='word_1_285' title='bbox 772 3445 956 3510; x_wconf 90' lang='lat' dir='ltr'><strong>Romanum</strong></span> <span class='ocrx_word' id='word_1_286' title='bbox 968 3446 1138 3532; x_wconf 89' lang='lat' dir='ltr'><strong>imperium</strong></span> 
     </span>
     <span class='ocr_line' id='line_1_38' title="bbox 91 3531 1140 3624; baseline -0.008 -19"><span class='ocrx_word' id='word_1_287' title='bbox 91 3539 214 3618; x_wconf 71' lang='lat' dir='ltr'><strong>‘sociia</strong></span> <span class='ocrx_word' id='word_1_288' title='bbox 239 3551 358 3624; x_wconf 87' lang='lat' dir='ltr'><strong>quanta</strong></span> <span class='ocrx_word' id='word_1_289' title='bbox 380 3533 579 3622; x_wconf 75' lang='lat' dir='ltr'><strong>indulgentia</strong></span> <span class='ocrx_word' id='word_1_290' title='bbox 604 3531 796 3598; x_wconf 87' lang='lat' dir='ltr'><strong>Hannibalis</strong></span> <span class='ocrx_word' id='word_1_291' title='bbox 821 3531 916 3596; x_wconf 89' lang='lat' dir='ltr'><strong>etiam</strong></span> <span class='ocrx_word' id='word_1_292' title='bbox 939 3531 974 3595; x_wconf 93' lang='lat' dir='ltr'><strong>in</strong></span> <span class='ocrx_word' id='word_1_293' title='bbox 999 3531 1140 3617; x_wconf 88' lang='lat' dir='ltr'><strong>captivos</strong></span> 
     </span>
     <span class='ocr_line' id='line_1_39' title="bbox 91 3617 1140 3698; baseline -0.008 -8"><span class='ocrx_word' id='word_1_294' title='bbox 91 3635 225 3690; x_wconf 87' lang='lat' dir='ltr'><strong>‘omnes</strong></span> <span class='ocrx_word' id='word_1_295' title='bbox 233 3622 336 3688; x_wconf 88' lang='lat' dir='ltr'><strong>Italici</strong></span> <span class='ocrx_word' id='word_1_296' title='bbox 345 3620 609 3698; x_wconf 83' lang='lat' dir='ltr'><strong>nominisfuisset,</strong></span> <span class='ocrx_word' id='word_1_297' title='bbox 617 3618 772 3683; x_wconf 88' lang='lat' dir='ltr'><strong>Punicam</strong></span> <span class='ocrx_word' id='word_1_298' title='bbox 782 3617 947 3682; x_wconf 85' lang='lat' dir='ltr'><strong>Romanae</strong></span> <span class='ocrx_word' id='word_1_299' title='bbox 956 3617 1140 3682; x_wconf 86' lang='lat' dir='ltr'><strong>societatem</strong></span> 
     </span>
     <span class='ocr_line' id='line_1_40' title="bbox 92 3702 1139 3798; baseline -0.007 -23"><span class='ocrx_word' id='word_1_300' title='bbox 92 3721 210 3798; x_wconf 85' lang='lat' dir='ltr'><strong>‘atque</strong></span> <span class='ocrx_word' id='word_1_301' title='bbox 232 3709 404 3774; x_wconf 88' lang='lat' dir='ltr'><strong>amicitiam</strong></span> <span class='ocrx_word' id='word_1_302' title='bbox 501 3729 521 3770; x_wconf 99' lang='lat' dir='ltr'><strong>o</strong></span> <span class='ocrx_word' id='word_1_303' title='bbox 544 3705 673 3769; x_wconf 81' lang='lat' dir='ltr'><strong>tandem</strong></span> <span class='ocrx_word' id='word_1_304' title='bbox 695 3726 771 3768; x_wconf 71' lang='lat' dir='ltr'><strong>eme.</strong></span> <span class='ocrx_word' id='word_1_305' title='bbox 821 3702 858 3768; x_wconf 86' lang='lat' dir='ltr'><strong>Si</strong></span> <span class='ocrx_word' id='word_1_306' title='bbox 880 3703 973 3768; x_wconf 90' lang='lat' dir='ltr'><strong>ambo</strong></span> <span class='ocrx_word' id='word_1_307' title='bbox 994 3703 1139 3768; x_wconf 85' lang='lat' dir='ltr'><strong>consules</strong></span> 
     </span>
     <span class='ocr_line' id='line_1_41' title="bbox 92 3729 1141 3878; baseline -0.01 -16"><span class='ocrx_word' id='word_1_308' title='bbox 92 3807 189 3861; x_wconf 89' lang='lat' dir='ltr'><strong>‘cnm</strong></span> <span class='ocrx_word' id='word_1_309' title='bbox 209 3796 273 3861; x_wconf 88' lang='lat' dir='ltr'><strong>suis</strong></span> <span class='ocrx_word' id='word_1_310' title='bbox 291 3729 500 3860; x_wconf 48' lang='lat' dir='ltr'><strong>exercitillle</strong></span> <span class='ocrx_word' id='word_1_311' title='bbox 558 3789 676 3855; x_wconf 89' lang='lat' dir='ltr'><strong>Nolam</strong></span> <span class='ocrx_word' id='word_1_312' title='bbox 696 3801 810 3866; x_wconf 86' lang='lat' dir='ltr'><strong>essent,</strong></span> <span class='ocrx_word' id='word_1_313' title='bbox 826 3801 933 3854; x_wconf 89' lang='lat' dir='ltr'><strong>tamen</strong></span> <span class='ocrx_word' id='word_1_314' title='bbox 952 3811 1018 3853; x_wconf 91' lang='lat' dir='ltr'><strong>non</strong></span> <span class='ocrx_word' id='word_1_315' title='bbox 1039 3790 1141 3878; x_wconf 80' lang='lat' dir='ltr'><strong>magis</strong></span> 
     </span>
    </p>
   </div>
   <div class='ocr_carea' id='block_1_5' title="bbox 93 3874 1140 3970">
    <p class='ocr_par' dir='ltr' id='par_1_8' title="bbox 93 3874 1140 3970">
     <span class='ocr_line' id='line_1_42' title="bbox 93 3874 1140 3970; baseline -0.009 -21"><span class='ocrx_word' id='word_1_316' title='bbox 93 3892 207 3970; x_wconf 82' lang='lat' dir='ltr'><strong>‘pares</strong></span> <span class='ocrx_word' id='word_1_317' title='bbox 229 3879 405 3948; x_wconf 82' lang='lat' dir='ltr'><strong>Hannibali</strong></span> <span class='ocrx_word' id='word_1_318' title='bbox 426 3878 557 3954; x_wconf 85' lang='lat' dir='ltr'><strong>futuros,</strong></span> <span class='ocrx_word' id='word_1_319' title='bbox 573 3899 670 3964; x_wconf 89' lang='lat' dir='ltr'><strong>quam</strong></span> <span class='ocrx_word' id='word_1_320' title='bbox 691 3874 733 3941; x_wconf 87' lang='lat' dir='ltr'><strong>ad</strong></span> <span class='ocrx_word' id='word_1_321' title='bbox 758 3875 887 3941; x_wconf 88' lang='lat' dir='ltr'><strong>Cannas</strong></span> <span class='ocrx_word' id='word_1_322' title='bbox 906 3874 1059 3941; x_wconf 80' lang='lat' dir='ltr'><strong>fuissent:</strong></span> <span class='ocrx_word' id='word_1_323' title='bbox 1082 3899 1140 3941; x_wconf 90' lang='lat' dir='ltr'><strong>ne·</strong></span> 
     </span>
    </p>
   </div>
   <div class='ocr_carea' id='block_1_6' title="bbox 92 4077 1141 4401">
    <p class='ocr_par' dir='ltr' id='par_1_9' title="bbox 92 4077 1141 4401">
     <span class='ocr_line' id='line_1_43' title="bbox 126 4077 1082 4152; baseline -0.01 -16"><span class='ocrx_word' id='word_1_324' title='bbox 126 4103 142 4152; x_wconf 88' lang='lat'>9</span> <span class='ocrx_word' id='word_1_325' title='bbox 160 4087 364 4149; x_wconf 74' lang='lat' dir='ltr'><strong>Praesidiumque</strong></span> <span class='ocrx_word' id='word_1_326' title='bbox 379 4085 478 4132; x_wconf 76' lang='lat' dir='ltr'><strong>mirmm</strong></span> <span class='ocrx_word' id='word_1_327' title='bbox 493 4082 562 4132; x_wconf 79' lang='lat' dir='ltr'><strong>nodia</strong></span> <span class='ocrx_word' id='word_1_328' title='bbox 579 4087 603 4130; x_wconf 82' lang='lat' dir='ltr'><strong>tt</strong></span> <span class='ocrx_word' id='word_1_329' title='bbox 634 4084 706 4128; x_wconf 85' lang='lat' dir='ltr'><strong>erunt</strong></span> <span class='ocrx_word' id='word_1_330' title='bbox 717 4077 864 4141; x_wconf 83' lang='lat' dir='ltr'><strong>praesidiarii</strong></span> <span class='ocrx_word' id='word_1_331' title='bbox 876 4077 976 4128; x_wconf 82' lang='lat' dir='ltr'><strong>Nolani.</strong></span> <span class='ocrx_word' id='word_1_332' title='bbox 994 4078 1082 4128; x_wconf 72' lang='lat' dir='ltr'><strong>Data.</strong></span> 
     </span>
     <span class='ocr_line' id='line_1_44' title="bbox 92 4139 1140 4209; baseline -0.013 -5"><span class='ocrx_word' id='word_1_333' title='bbox 92 4153 174 4204; x_wconf 75' lang='lat' dir='ltr'><strong>Nolae</strong></span> <span class='ocrx_word' id='word_1_334' title='bbox 190 4151 317 4209; x_wconf 63' lang='lat' dir='ltr'><strong>adem]</strong></span> <span class='ocrx_word' id='word_1_335' title='bbox 337 4147 428 4198; x_wconf 63' lang='lat' dir='ltr'><strong>&amp;aens</strong></span> <span class='ocrx_word' id='word_1_336' title='bbox 444 4145 500 4204; x_wconf 83' lang='lat' dir='ltr'><strong>erit,</strong></span> <span class='ocrx_word' id='word_1_337' title='bbox 514 4157 602 4206; x_wconf 66' lang='lat' dir='ltr'><strong>muco</strong></span> <span class='ocrx_word' id='word_1_338' title='bbox 670 4143 900 4204; x_wconf 74' lang='lat' dir='ltr'><strong>rPopullRomaai</strong></span> <span class='ocrx_word' id='word_1_339' title='bbox 910 4143 1008 4204; x_wconf 76' lang='lat' dir='ltr'><strong>obterit]</strong></span> <span class='ocrx_word' id='word_1_340' title='bbox 1027 4141 1080 4190; x_wconf 84' lang='lat' dir='ltr'><strong>h.e.</strong></span> <span class='ocrx_word' id='word_1_341' title='bbox 1090 4139 1140 4190; x_wconf 76' lang='lat' dir='ltr'><strong>Da·</strong></span> 
     </span>
     <span class='ocr_line' id='line_1_45' title="bbox 92 4203 1141 4282; baseline -0.01 -18"><span class='ocrx_word' id='word_1_342' title='bbox 92 4230 148 4264; x_wconf 89' lang='lat' dir='ltr'><strong>rum</strong></span> <span class='ocrx_word' id='word_1_343' title='bbox 172 4213 338 4262; x_wconf 80' lang='lat' dir='ltr'><strong>Numidarum</strong></span> <span class='ocrx_word' id='word_1_344' title='bbox 363 4209 511 4273; x_wconf 82' lang='lat' dir='ltr'><strong>praesidium</strong></span> <span class='ocrx_word' id='word_1_345' title='bbox 532 4206 602 4256; x_wconf 84' lang='lat' dir='ltr'><strong>nobis</strong></span> <span class='ocrx_word' id='word_1_346' title='bbox 633 4205 724 4282; x_wconf 85' lang='lat' dir='ltr'><strong>primit.</strong></span> <span class='ocrx_word' id='word_1_347' title='bbox 746 4203 1141 4266; x_wconf 75' lang='lat' dir='ltr'><strong>clinfr.xxir.15.0ic.adDir.</strong></span> 
     </span>
     <span class='ocr_line' id='line_1_46' title="bbox 92 4267 1021 4346; baseline -0.012 -18"><span class='ocrx_word' id='word_1_348' title='bbox 92 4278 196 4328; x_wconf 80' lang='lat' dir='ltr'><strong>missum</strong></span> <span class='ocrx_word' id='word_1_349' title='bbox 217 4276 292 4326; x_wconf 84' lang='lat' dir='ltr'><strong>ctiam</strong></span> <span class='ocrx_word' id='word_1_350' title='bbox 313 4273 433 4324; x_wconf 65' lang='lat' dir='ltr'><strong>moment</strong></span> <span class='ocrx_word' id='word_1_351' title='bbox 454 4269 602 4346; x_wconf 78' lang='lat' dir='ltr'><strong>praesidium</strong></span> <span class='ocrx_word' id='word_1_352' title='bbox 634 4267 1021 4328; x_wconf 67' lang='lat' dir='ltr'><strong>1.16‚PlautPcen.1n1.3e</strong></span> 
     </span>
     <span class='ocr_line' id='line_1_47' title="bbox 94 4334 603 4401; baseline -0.014 -11"><span class='ocrx_word' id='word_1_353' title='bbox 94 4339 211 4400; x_wconf 82' lang='lat' dir='ltr'><strong>Nolanis,</strong></span> <span class='ocrx_word' id='word_1_354' title='bbox 229 4339 287 4401; x_wconf 85' lang='lat' dir='ltr'><strong>quia</strong></span> <span class='ocrx_word' id='word_1_355' title='bbox 306 4337 423 4388; x_wconf 78' lang='lat' dir='ltr'><strong>Numidia</strong></span> <span class='ocrx_word' id='word_1_356' title='bbox 441 4335 480 4384; x_wconf 83' lang='lat' dir='ltr'><strong>lus</strong></span> <span class='ocrx_word' id='word_1_357' title='bbox 498 4334 603 4396; x_wconf 78' lang='lat' dir='ltr'><strong>praedae</strong></span> 
     </span>
    </p>
   </div>
   <div class='ocr_carea' id='block_1_7' title="bbox 0 0 1498 4778">
    <p class='ocr_par' dir='ltr' id='par_1_10' title="bbox 0 0 1498 4778">
     <span class='ocr_line' id='line_1_48' title="bbox 0 0 1498 4778; baseline 0 0"><span class='ocrx_word' id='word_1_358' title='bbox 0 0 1498 4778; x_wconf 95' lang='lat' dir='ltr'><strong> </strong></span> 
     </span>
    </p>
   </div>
  </div>
 </body>
</html>
