2866 4770
328 208 424 275 LIB.
449 209 581 276 XXIX.
612 208 714 276 CAP.
738 217 790 275 22.
1027 216 1093 278 483

48 357 152 430 atque,
176 345 232 410 ‘iis
258 345 436 412 libertatem
464 346 613 447 legesque
635 370 706 412 suas
728 370 771 447 po
795 346 882 411 ulum
907 345 1091 411 Romanum
1102 365 1135 416 U.
1148 365 1178 415 c.
1194 365 1249 428 54&

26 438 271 518 4‘seuatumquc
281 433 466 510 restituere,’
476 433 568 498 dixit.
615 433 670 499 ‘Si
681 457 736 520 qur
749 370 942 497 Pleminium
954 432 1091 498 aliumve
1100 431 1131 480 Α·
1148 431 1178 481 0·
1194 445 1249 490 ²⁰4⁴

49 525 59 554 ‘
88 541 160 582 uem
175 541 320 584 accusare
340 519 446 596 vellet,
464 519 627 606 Rhegium
646 543 679 584 se
700 532 892 606 sequeretur.
941 518 975 583 Si
990 519 1030 584 de
1051 519 1089 586 P.

25 612 57 667 5‘
108 604 212 691 ipione
227 605 355 704 publice
375 607 466 756 queri
481 606 609 684 vellent,
626 629 672 683 ea,
689 628 770 691 quae
791 605 902 670 Locris
916 605 1035 670 nefarie
1056 605 1091 670 in

48 689 139 755 ‘deos
153 691 360 778 hominesque
394 707 463 757 acta
483 706 596 770 essent,
611 693 698 756 iussu
718 705 774 757 aut
786 691 949 756 voluntate
969 691 1007 756 P.
1023 691 1090 756 Sci-

47 777 167 862 ‘pionis
181 777 264 842 facta
278 801 355 856 esse,
371 778 491 866 legatos
506 780 668 844 mitterent
684 777 865 843 Messanam
874 801 883 854 ;
907 777 951 842 ibi
961 801 999 843 se
1015 801 1089 843 cum

47 863 194 928 ‘consilio
217 865 439 952 cogniturum)
483 863 658 930 Locrenses
683 865 821 953 praetori
846 864 1031 950 legatisque,
1056 873 1235 950 etLocranses'

44 950 164 1014 senatui
176 973 212 1015 ac
222 951 342 1038 populo
355 951 502 1016 Romano
513 953 629 1052 gratias
641 974 751 1038 egere:
776 961 828 1015 ‘se
840 951 882 1015 ad
894 949 1088 1014 Pleminium
1097 940 1184 1014 ΨΜ*
1195 939 1246 988 3⁰¹·

46 1037 272 1101 ‘accusaudum
285 1037 392 1102 ituros.
441 1037 632 1125 Scipionum,
645 1061 827 1124 quanquam
842 1059 953 1124 pamm
966 1037 1088 1102 iniuriis
1097 1017 1195 1116 ppqppem
1206 1019 1245 1051 aa

45 1121 195 1188 ‘civitatis
210 1146 284 1188 suae
301 1124 447 1202 doluerit,
463 1148 536 1189 eum
552 1148 619 1190 esse
631 1124 743 1201 virum,
754 1146 850 1210 quem
865 1123 1002 1188 amicum
1017 1123 1087 1202 sibi,

44 1214 54 1246 ‘
63 1230 157 1293 quam
172 1210 348 1288 inimicum,
361 1211 473 1275 malint
488 1234 563 1276 esse.
610 1210 674 1275 Pro
689 1224 775 1275 certo
790 1233 823 1274 se
839 1209 965 1286 habere,
980 1232 1087 1296 neque

44 1294 157 1372 ‘iussu,
172 1319 279 1383 neque
293 1297 455 1362 voluntate
474 1297 511 1360 P.
527 1297 684 1384 Scipionis
699 1309 826 1361 tottam
846 1295 984 1360 nefanda
999 1319 1086 1361 com·

44 1380 167 1446 ‘missae
192 1396 247 1448 aut
272 1383 431 1447 Pleminio
455 1384 600 1460 nimium,
624 1395 679 1447 aut
702 1383 762 1447 sibi
784 1405 896 1482 parum
919 1381 1085 1446 creditum.

43 1466 185 1534 ‘Natura
203 1470 333 1534 insitum
352 1469 542 1570 quibusdam
560 1492 638 1546 esse,
653 1482 690 1533 ut
710 1491 810 1555 magis
829 1468 953 1556 peccari
972 1466 1086 1545 nolint,

43 1560 156 1640 ‘quam
181 1556 255 1620 satis
278 1556 376 1620 animi
405 1555 447 1620 ad
472 1555 662 1621 vindicanda
690 1572 821 1642 peccata
842 1554 999 1620 habeant'
1043 1553 1087 1618 Et

41 1642 174 1788 praetori
190 1655 223 1706 et
240 1641 372 1706 cousiho
391 1642 478 1708 haud
499 1643 656 1707 mediocre
672 1664 753 1706 onus
770 1640 936 1727 demptum
957 1653 1024 1706 erat
1044 1640 1084 1706 de

65 1726 189 1812 cipione
208 1729 428 1816 cognoscendi.
475 1729 679 1805 Pleminium,
698 1741 731 1792 et
752 1727 794 1792 ad
815 1727 880 1791 duo
900 1739 934 1791 et
956 1727 1087 1814 triginta

40 1809 182 1878 homines
207 1836 279 1878 cum
301 1837 341 1878 eo
366 1814 604 1891 damnaverunt,
628 1833 724 1900 atque
748 1813 781 1877 in
805 1813 924 1878 catenis
946 1813 1085 1878 Romam

40 1897 210 1962 miserunt:
234 1900 295 1985 ipsi
313 1900 353 1964 ad
376 1901 558 1987 Scipionem
577 1901 711 1987 profecti
730 1911 814 1976 sunt,
831 1911 868 1962 ut
887 1922 925 1962 ea
945 1921 1085 1998 quoque,

39 2005 119 2069 quae
135 1984 264 2071 vulgata
277 1986 474 2051 sermonibus
489 1999 580 2050 erant
594 1987 635 2052 de
649 1986 739 2051 cultu
754 2008 791 2050 ac
811 1983 933 2048 desidia
950 2006 1086 2070 impera·

40 2071 113 2134 toris
133 2071 300 2158 solutaque
319 2070 450 2136 militiae
471 2071 647 2172 disciplina,
668 2085 831 2158 comperta
852 2069 951 2134 oculis
968 2070 1087 2156 perfer-

39 2170 109 2221 rent
130 2156 277 2222 Romam.
323 2157 535 2222 Venientibus
555 2159 593 2222 1is
616 2157 793 2246 Syracusas,
815 2155 921 2242 Scipio
940 2178 999 2233 res,
1018 2177 1085 2220 non
1141 2163 1193 2222 22.

39 2242 141 2320 verba,
157 2243 199 2308 ad
219 2243 419 2330 purgandum
434 2267 501 2308 sese
519 2245 648 2331 paravit.
695 2243 880 2308 Exercitum
902 2264 1031 2307 omnem
1046 2243 1176 2306 eoseipio
1187 2259 1233 2305 res,

39 2330 218 2409 convenire,
233 2330 364 2395 classem
379 2329 523 2417 expediri
537 2331 636 2407 iussit.
649 2343 801 2417 tanquam
812 2329 1030 2394 dimicandum
1045 2323 1142 2420 eoffin
1154 2311 1243 2409 *⁰le

40 2413 90 2479 die
105 2429 189 2481 terra
209 2417 354 2518 marique·
366 2440 440 2482 cum
461 2415 777 2504 Carthaginiensibus
797 2429 887 2481 esset.
936 2416 1011 2491 Quo
1031 2387 1243 2498 dieduniffi

39 2515 202 2580 venerunt,
224 2503 361 2590 hospitio
379 2504 511 2568 comiter
528 2505 665 2592 acceptis
684 2517 810 2590 postero
832 2503 884 2566 die
904 2513 1084 2566 terrestrem
1093 2505 1137 2550 ¹³²*

38 2588 244 2738 navalemque
259 2590 427 2669 exercitus,
443 2612 509 2654 non
523 2590 692 2656 instructos
707 2589 812 2666 modo,
828 2587 884 2653 sed
901 2587 958 2652 hos
972 2588 1085 2653 decur-

38 2687 151 2754 rentes,
176 2699 308 2741 cassem
337 2677 372 2739 in
396 2689 499 2763 portu,
525 2677 728 2741 simulacrum
752 2688 785 2740 et
809 2676 910 2762 ipsam
933 2676 1084 2740 edentem

38 2761 155 2826 navalis
169 2785 192 2849 p
260 2785 306 2839 ae,
317 2762 473 2827 ostendit:
498 2775 566 2827 tum
578 2764 662 2828 circa
675 2762 916 2827 armamentaria
928 2774 960 2826 et
972 2761 1085 2826 horrea

39 2844 198 2935 aliumque
254 2847 482 2935 lliapparatum
498 2849 664 2914 visendum
680 2860 806 2936 praetor
815 2848 975 2934 legatique
985 2847 1082 2912 ducti

39 2929 206 3022 Tantaque
222 2934 387 3000 admiratio
402 2933 596 3022 singularum
615 2936 896 3019 universarumque
914 2955 1019 2996 rerum
1034 2932 1085 2995 in-

38 3038 135 3096 cussa,
151 3035 188 3086 ut
203 3021 277 3086 satis
298 3021 473 3096 crederent,
490 3032 545 3084 aut
564 3021 619 3084 illo
633 3020 715 3083 duce
731 3033 827 3104 atque
843 3018 985 3081 exercitu
1000 3017 1084 3081 vinci

40 3102 335 3195 Carthaginiensem
355 3105 519 3194 populum,
536 3118 591 3170 aut
605 3104 694 3170 nullo
709 3103 771 3169 alio
788 3126 898 3191 posse:
922 3103 1085 3166 iuberent·

38 3211 109 3276 que,
130 3193 219 3292 quod
238 3193 284 3258 dii
303 3192 385 3257 bene
406 3203 575 3269 verterent,
592 3192 743 3268 traiicere,
760 3203 792 3254 et
811 3189 878 3276 spei
900 3200 1084 3275 conceptae,

15 3283 30 3334 6
38 3299 101 3362 quo
116 3279 168 3344 dre
183 3279 275 3344 illum
289 3301 400 3344 omnes
415 3277 575 3343 centuriae
591 3278 728 3364 priorem
743 3275 904 3341 consulem
919 3275 1083 3352 dixissent,

59 3364 139 3430 rimo
168 3387 297 3452 quoque
328 3379 470 3451 tempore
505 3377 684 3450 compotem
713 3361 869 3450 populum
900 3360 1084 3426 Romanum

37 3384 155 3516 littere:
180 3451 324 3538 adeoque
345 3450 436 3515 laetis
455 3449 531 3513 inde
551 3449 664 3536 animis
678 3448 811 3535 profecti
831 3459 914 3524 sunt,
931 3460 1083 3533 tanquam

36 3536 210 3616 victoriam,
226 3560 292 3602 non
305 3535 382 3601 belli
396 3535 599 3623 magnificum
614 3547 810 3623 apparatum,
825 3531 1000 3599 nuntiaturi
1017 3531 1085 3596 Ro-

37 3642 121 3687 mam
137 3638 251 3689 essent.

80 3708 267 3788 Pleminius,
283 3710 403 3798 quique
423 3709 458 3774 in
472 3707 584 3775 eadem
605 3730 699 3773 causa
719 3719 817 3783 erant,
833 3718 1000 3792 postquam
1018 3705 1085 3772 Ro·
1094 3715 1232 3794 meminis·

37 3815 121 3859 mam
136 3809 185 3861 est
200 3809 340 3874 ventum,
353 3795 514 3884 extemplo
529 3797 562 3860 in
572 3816 731 3861 carcerem
742 3792 872 3858 conditi.
919 3792 970 3857 Ac
982 3793 1084 3879 primo
1092 3797 1119 3830 ¹¹¹
1132 3783 1235 3831 ΜΝ

37 3881 185 3966 P¹0d110ti
199 3882 240 3947 ud
260 3882 414 3971 populum
434 3883 474 3947 ab
489 3883 633 3959 tribunis,
648 3880 735 3970 apud
754 3891 1000 3967 praeoccupatos
1020 3847 1203 3945 Lo-mmu'·

70 4094 196 4156 4Siqul]
214 4091 404 4158 Siqulaaami
422 4107 452 4140 ex
470 4091 545 4140 omni-
610 4091 626 4143 6
648 4095 761 4144 Primam
788 4095 921 4154 aonmlarn]
963 4093 1087 4152 Eundem,

38 4156 84 4202 bus
99 4155 239 4206 hominibus
255 4156 357 4218 aliquis:
375 4158 397 4205 el
413 4158 463 4220 qui,
478 4156 498 4204 si
515 4171 546 4204 ex
579 4171 652 4219 quam
669 4159 790 4208 amntem
806 4160 920 4207 mutim
935 4165 1028 4206 veteres
1044 4171 1087 4218 ap-

39 4219 185 4279 quibusdam
211 4219 358 4280 homiuibus,
379 4219 400 4268 sl
425 4235 456 4268 ex
481 4225 548 4268 carto
581 4221 714 4282 pellebant.
732 4221 1087 4270 assentationum-

40 4281 387 4346 hominumnumeroaliquis
405 4283 529 4333 Raecnro.
580 4287 664 4334 sulem.
698 4284 948 4344 Niebhr.i.n.1143.

73 4349 220 4407 5Pnlls'aa]
240 4348 348 4400 Nomine
359 4347 464 4398 civitatis
475 4361 540 4398 suae.
868 4409 913 4472 ,2
