2888 4768
367 192 427 253 194
743 181 856 248 ΤΙΤΙ
887 181 1019 248 LIVII

214 337 247 388 U.
259 339 288 389 ο.
304 320 574 411 53e.quadriennio
598 343 662 386 non
687 320 881 397 militassent,
905 321 1020 407 quibus
1041 343 1145 470 neque
1170 321 1290 384 racadu
1318 320 1403 384 iusta

213 405 242 452 Α·
259 405 288 453 ⁰·
304 417 358 463 ²¹4·
367 408 506 484 militiae,
532 429 635 493 neque
660 407 785 470 morbus
810 429 903 471 causa
925 407 1042 472 fuisset
1118 419 1131 470 t
1152 429 1191 471 ea
1215 429 1312 493 supra
1336 407 1402 471 duo

367 493 465 560 millia
482 494 644 558 nominum
665 493 697 556 in
720 494 852 557 aerarios
874 493 981 572 relata,
1005 495 1150 581 tribuque
1174 515 1286 557 omnes
1310 495 1401 558 moti.

368 580 587 680 Additumque
613 580 705 644 inerti
730 581 888 644 censoriae
914 593 1007 646 notae
1034 581 1120 644 triste
1145 580 1425 644 senatusconsul·6

366 681 453 732 tum:
477 681 514 730 ut
530 667 552 729 ir
573 689 689 742 omnes,
705 687 783 752 quos
802 689 945 731 censores
964 680 1133 744 notassent,
1147 665 1285 752 pedibus
1298 689 1403 730 mere-

366 765 446 830 rent,
469 753 729 838 mitterenturque
751 753 785 815 in
809 751 946 817 Siciliam
972 754 1012 818 ad
1040 752 1217 818 Cannensis
1243 753 1402 818 exercitus

366 837 522 940 reliquias,
537 840 589 904 cui
603 838 737 903 militum
751 839 860 926 generi
879 861 944 904 non
963 841 1059 927 prius,
1074 861 1170 925 quam
1183 837 1295 926 pulsus
1309 838 1403 903 Italia

366 926 462 992 hostrs
476 939 566 1003 esset,
582 926 704 989 finitum
719 925 945 1026 stipendiorum
960 940 1084 1027 tempus
1097 939 1172 990 erat

213 1011 357 1088 Liberatus
412 1013 522 1088 Quum
535 1034 687 1087 censores,
704 1011 744 1074 ob
763 1013 902 1099 inopiam
921 1013 1040 1090 aerarii,
1056 1035 1089 1076 se
1109 1013 1171 1076 iam
1191 1010 1405 1076 locationibus

212 1081 358 1204 {W
366 1100 557 1164 abstinerent
592 1097 717 1163 aedium
752 1121 906 1163 sacrarum
943 1100 1140 1175 tuendarum,
1177 1097 1424 1184 curuliumque:

334 1157 385 1250 p'e
408 1207 519 1251 uorum
534 1183 794 1272 praebendorum,
809 1207 844 1248 ac
858 1184 1006 1249 similium
1020 1186 1069 1249 his
1082 1207 1207 1260 rerum;
1223 1206 1405 1248 convenere

431 1293 484 1338 eos
500 1271 689 1357 fiequentea
707 1271 762 1358 qui
786 1271 891 1335 hastae
914 1271 1009 1336 huius
1069 1271 1154 1336 neris
1176 1285 1425 1336 assueveranm

368 1357 545 1445 hortatique
564 1379 717 1434 censores,
741 1365 798 1422 ‘ut
818 1357 924 1422 omnia
983 1359 1031 1422 rin
1054 1381 1073 1422 e
1092 1371 1232 1444 agerent,
1249 1357 1403 1435 locarent,

368 1453 424 1510 ‘ac
440 1445 466 1509 si
481 1443 613 1531 pecunia
628 1444 662 1506 in
676 1443 794 1508 aerario
809 1457 898 1508 esset
979 1445 1124 1522 eminem,
1143 1444 1204 1507 nisi
1222 1443 1310 1508 bello
1330 1467 1405 1508 eon-

368 1531 479 1608 ‘fectu
540 1530 664 1595 cuniam
687 1531 726 1595 ab
745 1530 864 1594 aerario
886 1530 1056 1616 petiturum
1079 1531 1165 1595 esse.’
1210 1527 1404 1594 Convenere

366 1616 481 1681 deinde
516 1617 613 1681 omini
624 1638 742 1692 eorum,
754 1639 832 1703 quos
847 1615 897 1680 Ti
911 1615 1112 1704 Sempronius
1125 1615 1167 1681 ad
1178 1615 1404 1681 Beneventum

366 1725 463 1766 manu
487 1701 650 1766 emiserat:
677 1703 899 1788 arcessitosque
922 1725 955 1767 se
980 1703 1020 1768 ab
1044 1703 1212 1769 triumviris
1237 1705 1424 1774 mensariiso

367 1811 433 1854 esse
445 1788 602 1865 dixerum,
618 1801 655 1852 ut
668 1789 768 1876 pretia
781 1809 940 1854 servorum
958 1790 1154 1877 acciperent:
1177 1803 1326 1854 ceterum
1341 1813 1405 1854 non

366 1888 449 1953 ante,
470 1897 565 1962 quam
585 1874 668 1939 bello
690 1875 842 1952 confecto,
862 1888 1043 1963 accepturos
1064 1898 1140 1941 esse.
1186 1876 1303 1951 Quum
1326 1876 1405 1942 haec

366 1961 527 2027 inclinatio
543 1961 718 2026 animorum
731 1960 832 2049 plebis
849 1961 889 2026 ad
906 1962 1119 2028 sustinendam
1133 1963 1278 2050 inopiam
1293 1965 1405 2028 aerarii

366 2048 473 2126 fieret3
491 2048 643 2135 pecturiae
655 2070 781 2135 quoque
791 2047 959 2136 pupillares
969 2049 1080 2136 primo,
1094 2049 1211 2114 deinde
1222 2049 1403 2128 viduam,

366 2157 423 2200 coe
447 2148 495 2200 tae
510 2135 661 2200 conferri:
678 2157 832 2221 nusquam
847 2157 899 2198 eas
914 2135 1011 2200 tutius
1025 2136 1225 2223 sanctiusque
1240 2136 1404 2224 deponere

366 2157 575 2298 credentibus,
591 2221 646 2307 qui
664 2219 854 2297 deferebant,
869 2243 965 2308 quam
985 2221 1020 2285 in
1041 2221 1168 2309 publiea
1188 2223 1265 2288 fide.
1312 2223 1404 2302 Inde,

366 2309 392 2372 si
407 2307 484 2394 quid
500 2321 641 2394 emptum
655 2320 859 2394 paratumque
875 2307 1048 2407 pupillisue
1059 2309 1162 2374 viduis
1172 2310 1265 2387 foret,
1278 2333 1420 2398 aquae-1

366 2406 448 2458 storo
463 2393 719 2480 perscribebatur.
757 2392 899 2457 Manavrt
915 2417 953 2458 ea
966 2395 1156 2481 privatorum
1166 2397 1354 2483 benignitas
1368 2421 1404 2462 er

366 2480 444 2544 urbe
455 2479 550 2543 etiam
565 2479 599 2542 in
614 2491 721 2556 castra,
733 2493 843 2544 utnon
855 2503 962 2580 eques,
974 2503 1039 2546 non
1052 2484 1197 2547 centurio
1207 2484 1404 2570 stipendium
1442 2547 1443 2587 ,

367 2565 554 2665 acciperent,
576 2566 864 2653 mercenariumque
885 2580 1081 2655 1uerepantes
1100 2583 1261 2647 vocarent,
1279 2572 1339 2658 qui
1357 2595 1404 2635 ae·

366 2674 403 2716 ce
427 2663 508 2716 isset

303 2785 310 2800 .
403 2675 454 2812 lid,
478 2735 592 2801 Fabius
616 2735 724 2801 consul
753 2737 794 2802 ad
821 2736 995 2804 Casilinum
1020 2754 1120 2805 castra
1143 2740 1294 2822 habebat,
1321 2743 1403 2831 quod
1441 2783 1442 2811 ι

399 2977 867 3039 6Inertioeneoriasnototh.e.Quod
899 2981 1401 3043 quequiloostoebuinsyensrisossosss
1440 2991 1441 3033 ι

366 3043 474 3106 alioquin
500 3043 547 3092 hoe
573 3047 681 3104 tempore
708 3043 771 3091 iners
794 3048 867 3103 esset,
899 3051 956 3092 rant
971 3043 988 3090 ii
1004 3045 1120 3106 sunt,qui
1131 3044 1251 3093 similibus
1266 3048 1400 3096 rebuscon

366 3123 441 3169 quum
453 3107 537 3156 aerarii
553 3107 578 3155 in
595 3107 728 3170 legiombns
741 3123 790 3156 non
805 3107 866 3154 mili·
899 3107 1015 3156 ducendis
1024 3115 1185 3157 maererent.
1203 3111 1289 3159 Cass.

367 3177 453 3220 tarent.
931 3175 1107 3234 oli-iamsin'a
1116 3175 1258 3234 mensariis]
1275 3175 1335 3226 Vid.
1343 3191 1400 3238 sript.

401 3249 414 3298 7
426 3237 735 3300 cundiamqmqumm]
745 3235 868 3284 “curules
899 3235 1016 3284 xxiiim.

367 3301 422 3362 equi
430 3298 867 3362 quadrigulas,”inquitFestus,idest,
934 3315 943 3347 ι
961 3301 988 3348 Si
998 3299 1058 3362 quid
1066 3302 1184 3361 ιιιριιιιιι]
1205 3301 1233 3350 si
1243 3303 1308 3363 quid
1319 3321 1334 3352 a
1344 3311 1400 3352 tute-

368 3379 398 3411 ex
416 3363 612 3425 interpretatione
629 3362 733 3422 Dukeri,
748 3363 790 3424 qui
806 3363 866 3424 glos·
899 3363 963 3411 ribus
978 3364 1003 3411 in
1019 3379 1090 3412 usum
1100 3364 1228 3412 viduarum
1241 3369 1283 3414 rel
1301 3369 1400 3430 pupillo·

367 3427 434 3476 soriis
446 3427 572 3486 veteribus,
589 3430 614 3474 et
630 3427 712 3475 codiee
725 3433 774 3474 tam
787 3427 866 3475 Theo-
898 3441 950 3475 rum
968 3434 1077 3489 emptum
1094 3434 1164 3486 esset,
1175 3429 1340 3480 creditoribus
1352 3431 1400 3480 sui
1438 3471 1439 3477 ,

367 3491 466 3540 dosiano
483 3505 556 3552 quam
574 3491 708 3538 Iustiniana
727 3490 819 3549 nititur,
835 3491 867 3539 ad
899 3497 970 3553 ptura
991 3491 1102 3551 dabatur,
1120 3507 1168 3553 qua
1191 3493 1224 3540 ad
1250 3503 1399 3555 quaestorem

368 3555 489 3604 vehendas
498 3554 625 3616 quadrigas
635 3554 660 3601 in
671 3553 735 3602 ludia
748 3555 866 3604 Circensi—
898 3555 1004 3614 remioes,
1014 3561 1057 3603 aut
1068 3555 1171 3618 pretium
1183 3557 1217 3604 rei
1229 3559 1399 3618 venditasset

366 3619 412 3668 bus
435 3619 534 3680 publico
556 3623 655 3680 sumptu
680 3619 789 3680 praebiti.
830 3618 866 3666 Hi
898 3618 1039 3680 scripturam
1053 3619 1151 3681 publica
1166 3621 1215 3668 lide
1229 3623 1400 3672 munitamao

366 3685 398 3731 ab
419 3681 610 3743 redemptoribus
628 3681 714 3744 pretio,
732 3682 867 3730 lucentibus
899 3681 1027 3745 cipisbaut.
1061 3684 1117 3732 Hoc
1139 3685 1246 3746 primum
1266 3689 1337 3749 apud
1357 3689 1399 3736 Ro

367 3745 512 3802 censoribus,
528 3761 559 3792 ex
574 3746 665 3794 aerario
681 3751 781 3808 accepto
799 3761 866 3808 pras·
898 3761 983 3794 manos
991 3749 1130 3809 exemplum
1138 3747 1399 3800 esteiusadsustiuen

367 3811 492 3859 bebantur.
509 3809 615 3858 Sraora.
898 3811 955 3858 dam
962 3811 1046 3859 aerarii
1054 3811 1161 3874 inopiam
1170 3813 1289 3862 inventae
1297 3815 1400 3872 rationis,

400 3875 525 3922 SHastue
545 3873 620 3920 boios
638 3874 746 3933 oannis]
773 3873 868 3924 Hastae
899 3889 961 3936 quae
976 3875 1042 3936 apud
1058 3875 1185 3925 hodiernos
1200 3879 1400 3942 penulgauea,
1436 3905 1437 3912 ι

367 3935 866 3997 ntbiiciebantur‚idest,hnstapositare·
900 3939 1035 4002 Anglioe,o
1049 3955 1129 4002 popsr
1143 3955 1272 4004 osrrmoy.
1297 3945 1398 4008 cisupr.

367 3999 460 4060 aibant,
480 4014 638 4061 quaecunque
662 3998 758 4060 publiea
778 4015 867 4050 venun-
901 4002 941 4050 rii.
955 4019 993 4052 ar.
1030 4003 1155 4060 Quoniam
1176 4004 1283 4055 eondlio
1307 4009 1398 4071 puhlioo

367 4065 458 4113 dabant
469 4061 590 4121 Romani;
606 4077 672 4110 moro
688 4062 744 4110 inde
755 4063 868 4125 deducto,
898 4083 994 4117 merom
1007 4066 1032 4114 in
1043 4067 1095 4116 foro
1105 4068 1197 4132 positus
1210 4077 1282 4130 sunt,
1294 4073 1398 4134 Augilis.

366 4129 431 4190 quod
452 4127 536 4189 primis
553 4125 700 4188 temporibus
720 4141 750 4174 ea
771 4131 865 4177 tantum
897 4147 914 4180 o
935 4133 998 4180 bank
1019 4134 1049 4193 os
1067 4133 1179 4195 ἀφωϋι,
1199 4138 1226 4180 et
1249 4135 1398 4198 quinquenii

367 4191 465 4254 publice
488 4190 609 4249 venibant,
628 4203 690 4252 quae
711 4189 776 4239 bsllo
795 4199 867 4253 oapta
897 4195 1009 4244 mensarii
1027 4197 1126 4256 publica
1143 4195 1192 4245 fids
1211 4197 1318 4247 nomina
1336 4199 1397 4248 tarda

366 4257 468 4304 merant
501 4254 540 4302 Ad
557 4253 651 4302 hmtam
667 4267 763 4315 quoquo
778 4254 867 4304 fiebant
899 4257 1067 4308 dissolvebant
1107 4259 1147 4308 De
1172 4273 1233 4308 roes
1257 4263 1350 4318 sidon,
1373 4263 1397 4309 rt
1434 4255 1435 4308 ι

367 4317 500 4367 locationes
515 4316 666 4380 publicorum
677 4331 784 4378 operum
818 4319 866 4367 Ita
899 4335 963 4383 supr.
974 4323 990 4373 ι’.
1001 4336 1040 4384 43.
1434 4311 1435 4365 l
