2966 4778
771 181 884 248 ΤΙΤῙ
911 181 1046 248 LIVII

377 185 418 246 94

222 331 298 382 nc.
315 330 373 394 5³⁶·
422 319 648 408 puleribusque
666 320 786 385 ortibus
808 320 1023 422 conciliatum,
1044 322 1084 422 eb
1105 319 1249 422 mabit
1270 297 1385 410 opibus
1402 335 1449 389 ert

223 399 253 446 A.
270 398 300 448 ⁰·
316 341 549 473 216Ἠξοῐιιῑοῐὶο
573 406 708 494 imperio
737 407 898 472 concussis
926 408 1036 510 ahena.
1053 409 1174 474 rnvrdie
1198 409 1428 496 splendentem,

379 493 1431 668 temnenssmmnrrstmsm

381 667 536 732 homines.
562 666 626 772 „Q
644 666 783 768 lisebius
799 665 984 732 Herennius
998 667 1142 732 tribunus
1153 668 1266 756 plebis,
1282 685 1431 769 cognatus

382 753 593 941 ssrlff‘gtll
605 754 1367 926 ltttssss‘ltltntltttttlt&dett
1380 781 1431 931 {l}

383 927 536 992 invidiam
556 949 665 992 eorum
686 927 826 992 favorem
846 927 1016 992 candidato
1036 949 1093 992 suo
1113 865 1314 994 coucilriibst.
1362 932 1431 995 ‘Ab

385 1022 395 1054 ‘
403 1015 585 1079 hominibus
600 1014 768 1090 nobilibus,
789 1013 978 1100 permultos
998 1035 1098 1078 annos
1117 1013 1237 1078 bellum
1253 1020 1432 1102 quaerenti·

383 1101 472 1177 ‘bus
490 1099 705 1166 Hannibalem
720 1100 754 1164 in
770 1099 892 1164 Italiam
915 1100 1108 1164 adductum:
1133 1101 1173 1166 sb
1193 1101 1321 1180 iisdem,
1338 1127 1432 1191 quum

382 1186 1005 1338 {lllffilllilbillllsllm
1032 1186 1260 1338 &hislam
1284 1203 1433 1343 ‘llll‘

382 1296 492 1425 ‘nirod
517 1359 564 1424 M.
619 1359 753 1436 inucius,
777 1360 906 1424 absente
925 1295 1045 1437 plqffiii),
1068 1295 1431 1449 pprisperepparugnaffleti

383 1383 481 1512 ‘ines
502 1445 644 1534 legiones
666 1446 750 1510 hosti
772 1445 814 1509 ad
835 1445 967 1510 caedem
989 1447 1137 1525 obiectes,
1159 1383 1279 1513 deinle
1301 1471 1349 1513 ex
1371 1451 1432 1538 ipss

382 1533 498 1598 ‘caede
529 1546 662 1632 ereptas,
692 1544 729 1597 ut
756 1544 847 1620 poter
902 1545 1094 1620 atronusque
1125 1533 1353 1635 appellaretur,
1383 1539 1432 1624 qui

383 1621 490 1707 ‘prius
510 1639 636 1683 mncere
680 1617 870 1684 rohibuisset
921 1641 1060 1696 omenos,
1082 1641 1179 1706 qnam
1200 1621 1296 1685 unci.
1350 1621 1433 1687 Con-

382 1705 484 1770 ‘sules
507 1705 625 1769 deinde
655 1639 802 1770 labianis
828 1705 956 1783 artibus,
983 1728 1084 1793 quum
1107 1705 1267 1771 debellare
1292 1723 1432 1795 possent,
1469 1791 1470 1794 Ἴ

382 1791 523 1857 ‘bellum
545 1791 686 1856 traxisse.
733 1791 773 1855 Id
794 1791 906 1856 foedus
927 1793 1011 1856 inter
1036 1814 1146 1856 omnes
1167 1793 1291 1858 nobiles
1315 1795 1432 1860 ictum:

382 1885 461 1944 ‘nec
476 1878 574 1943 finem
589 1889 662 1943 onte
673 1876 749 1943 belli
765 1877 937 1955 habituros,
949 1899 1046 1964 quam
1061 1876 1223 1943 consulem
1234 1901 1311 1944 vere
1328 1881 1433 1968 plebe·

382 1965 479 2042 ‘ium,
502 1964 536 2029 id
560 1977 618 2041 est,
642 1964 804 2029 hominem
827 1985 956 2041 novum,
979 1965 1135 2030 fecissent.
1181 1964 1269 2029 Nam
1291 1967 1449 2054 plebeios:

382 2051 526 2116 ‘nobiles
541 2051 604 2116 iam
619 2050 732 2116 iisdem
747 2050 886 2115 initiatos
901 2073 969 2116 esse
980 2052 1083 2129 sacris,
1096 2065 1129 2116 et
1143 2063 1355 2118 contemnere
1370 2056 1433 2142 ple·

382 2144 394 2176 ⁴
402 2139 487 2216 bem,
502 2159 544 2202 ex
558 2161 624 2225 quo
635 2138 797 2203 contemni
811 2136 964 2202 desierint
973 2161 993 2201 a
1006 2138 1164 2216 Patribus,
1175 2139 1329 2226 coepisse.
1373 2141 1432 2206 Cui

383 2232 469 2290 ‘non
484 2247 644 2313 apparere,
659 2222 694 2288 id
709 2237 813 2288 actum
829 2234 864 2287 et
877 2225 1056 2310 quaesitum
1071 2247 1149 2302 esse,
1160 2237 1197 2290 ut
1211 2225 1431 2314 interregnum

382 2310 543 2389 ‘iniretur,
560 2324 596 2376 ut
611 2312 645 2375 in
660 2310 792 2375 Petrum
806 2321 961 2397 potestate
978 2311 1107 2375 comitia
1120 2313 1247 2377 essent?
1291 2311 1336 2377 Id
1361 2337 1433 2380 oon·

382 2394 486 2461 ‘sules
502 2398 611 2461 ambos
629 2397 669 2461 sd
688 2396 863 2461 exercitum
886 2396 1039 2461 morando
1057 2398 1231 2484 quaesisse:
1255 2399 1290 2462 id
1310 2415 1432 2486 postes.¹

381 2482 478 2569 ‘quia
491 2482 598 2547 invitis
613 2482 652 2546 iis
666 2481 802 2547 dictator
815 2495 897 2547 esset
914 2483 1018 2547 dictus
1037 2484 1237 2549 comitiorum
1253 2507 1365 2563 causa,
1381 2511 1432 2553 ex·

323 2639 328 2648 ,
382 2575 393 2606 ‘
424 2580 577 2654 ugnetum
606 2591 684 2646 esse,
709 2581 746 2633 ut
774 2568 904 2634 vitiosus
929 2569 1065 2634 dictator
1086 2593 1145 2658 per
1168 2593 1302 2658 augures
1332 2573 1431 2638 fieret

382 2589 534 2719 ‘ilabere
549 2655 646 2741 igitur
661 2657 877 2742 interregnum
892 2679 953 2720 eos.
1002 2655 1211 2721 Consulatum
1227 2679 1332 2722 unum
1348 2675 1433 2725 certe

382 2738 504 2827 ‘plebis
519 2739 684 2806 Romanas
699 2763 786 2806 esse:
810 2742 965 2829 populum
979 2742 1113 2808 liberum
1125 2743 1307 2810 habitumm
1324 2767 1367 2811 nc
1381 2748 1434 2812 ds

382 2834 511 2978 ‘tuarprn
536 2827 576 2905 ei,
599 2827 656 2914 qui
678 2827 778 2914 magis
802 2849 875 2892 vere
899 2829 1036 2907 vincere,
1064 2851 1160 2916 quam
1182 2830 1240 2896 diu
1262 2831 1432 2918 imperare,

382 2921 433 2978 ‘m
466 2913 498 2978 ‘t

315 3057 323 3074 ,
428 3001 538 3076 Quum
549 2999 599 3066 his
614 2999 808 3065 orationibus
819 3021 951 3066 accense
964 3001 1054 3089 plebs
1068 3016 1160 3080 esset,
1176 3003 1276 3068 tribus
1289 3007 1433 3091 patriciis

381 3087 573 3175 petentibus,
594 3085 631 3152 P.
645 3085 795 3151 Cornelio
816 3085 983 3165 Merenda,
1006 3086 1045 3153 L.
1056 3087 1182 3154 Manlio
1202 3087 1362 3170 Vulsone,
1385 3093 1431 3157 M.

381 3173 522 3240 Aemilio
544 3173 679 3262 Lepido,
700 3173 824 3238 duobus
841 3173 1000 3239 nobilibus
1021 3174 1084 3239 iam
1104 3174 1293 3240 familiarum
1312 3178 1431 3264 plebei,

382 3260 422 3328 C.
436 3261 538 3327 Atilio
555 3260 689 3326 Serrano
704 3273 737 3325 et
754 3259 795 3336 Q
807 3259 903 3325 Aelio
917 3259 1027 3339 Paeto,
1038 3283 1172 3348 quorum
1183 3262 1262 3327 alter
1272 3266 1432 3350 pontifex,

379 3347 460 3428 alter
481 3369 582 3435 augur
604 3361 680 3424 eret,
701 3345 740 3412 C.
754 3346 925 3412 Terentius
942 3348 1053 3411 consul
1075 3369 1158 3412 unus
1179 3361 1313 3427 creemur,
1338 3365 1377 3416 ut
1400 3355 1431 3416 in

379 3439 477 3500 manis
492 3434 561 3498 eius
575 3446 679 3499 essent
694 3433 823 3498 comitia
840 3431 982 3521 rogando
999 3433 1147 3520 collegae.
1194 3434 1281 3500 Tum
1296 3457 1434 3526 experts

379 3520 536 3598 nobilitas,
574 3541 663 3584 arum
678 3519 772 3583 fuisse
791 3519 907 3584 virium
926 3519 962 3583 iu
980 3521 1249 3608 competitoribus,
1265 3521 1305 3587 L.
1317 3523 1451 3590 Aemi-s

379 3607 458 3673 lium
473 3606 521 3671 Ps
567 3628 631 3683 um,
647 3605 793 3692 quicum
813 3604 862 3669 M.
879 3605 973 3670 Livio
992 3605 1103 3671 consul
1117 3606 1228 3685 fuerat,
1244 3620 1278 3673 et
1297 3609 1452 3684 demna-o

379 3694 467 3759 tione
489 3691 638 3778 collegae,
661 3704 695 3756 et
711 3713 768 3756 sue
789 3713 897 3778 prope,
920 3692 1082 3758 ambustus
1104 3707 1254 3774 evaserat,
1277 3695 1449 3764 infestum¹

413 3883 429 3934 6
445 3885 484 3932 Ab
496 3887 524 3942 Q.
536 3885 609 3932 Falli
623 3884 721 3946 opilm]
741 3884 804 3932 Inde
815 3885 846 3932 sb
858 3899 887 3933 eo
919 3889 972 3932 tum
983 3891 1105 3947 gesserant
1120 3886 1231 3949 proximo
1246 3893 1305 3938 ente
1318 3889 1372 3940 hoc
1385 3893 1432 3942 bel-

380 3946 886 4010 tcmpore,quoopestbiietdictetorium
919 3949 972 3997 lum
983 3963 1055 3998 enno.
1073 3951 1154 4000 Cnsv.

380 4011 510 4075 imperium
522 4015 682 4061 concusserat.
700 4011 795 4060 Rlscn.
952 4013 1153 4077 9Domnatione
1174 4015 1292 4078 colleoae]
1328 4017 1374 4068 Do
1397 4021 1430 4070 m

415 4077 554 4139 7P1ebeios
574 4077 676 4135 nobiles]
701 4074 815 4132 Quorum
837 4089 887 4124 ma·
921 4075 993 4125 Livio
1015 4077 1150 4126 Salinatore
1169 4079 1229 4140 agit,
1249 4081 1294 4141 qui
1317 4087 1430 4133 consuls·

380 4141 443 4190 iores
452 4145 519 4203 gesto
530 4139 614 4202 aliquo
621 4139 764 4202 magistratu
773 4138 850 4188 curuli
861 4141 887 4189 in
919 4139 951 4188 ris
961 4141 1091 4190 damnatus
1101 4147 1138 4190 est
1148 4157 1164 4190 e
1172 4144 1351 4206 populo‚quod
1365 4165 1429 4212 pise

379 4209 492 4254 senatum
504 4207 670 4266 pervenerant.
688 4203 796 4253 Srnorn.
919 4203 1429 4266 dumnonaequsliterdiviseretmilinlruz

412 4269 428 4316 8
444 4270 472 4317 h.
484 4269 615 4316 Aemilium
631 4267 758 4326 Paullum,
773 4271 816 4331 put
831 4284 886 4317 cnm
920 4267 950 4316 cl'.
962 4267 1072 4317 Frontin.
1084 4268 1116 4317 iv.
1128 4283 1151 4318 r.
1167 4269 1258 4320 Sroom

380 4334 419 4386 M.
430 4333 502 4382 Livio
512 4333 596 4383 cornel
602 4331 705 4392 suerat]
724 4331 760 4381 Hi
776 4333 885 4380 consule·
954 4345 963 4379 1
986 4331 1021 4379 m
1039 4347 1085 4381 sna
1101 4349 1187 4396 prope,
1204 4335 1345 4400 ambustus]
1372 4341 1389 4388 i.
1410 4357 1429 4389 e.
