2888 4768
328 223 424 290 ura.
448 220 560 308 xxv.
594 219 705 288 our.
732 226 781 288 u.
1019 229 1082 290 249

33 363 91 513 pini
104 359 280 514 qxetsemplo,
295 373 393 439 metu,
409 382 475 448 quo
494 359 693 438 tenebantur,
709 358 843 436 liberati,
859 358 901 425 ad
916 357 1083 428 Hanniba·

44 472 94 515 em
163 470 265 514 encre.

76 535 150 601 Hoc
165 535 255 600 idem
269 535 382 600 eadem
396 556 451 598 ora
466 535 559 599 maris
579 545 612 598 et
626 533 765 597 Thurini
779 533 930 599 feceruut.
976 533 1083 600 Movit

34 645 85 687 eos
100 645 167 686 non
184 621 433 687 Tarentinorum
449 621 549 707 magis
562 619 699 684 desectio
712 619 1081 708 Metapontinorumque,

15 709 158 795 1quibus,
168 707 316 773 indidem
330 730 372 772 ex
385 706 509 772 Achaia
522 706 657 782 oriundi,
668 706 764 771 etiam
779 708 967 794 cognatione
981 708 1083 772 iuncti

34 807 131 872 erant,
148 817 249 882 quam
271 795 318 858 ira
332 794 364 858 in
388 792 550 858 Romanos
569 805 698 943 propter
718 793 842 858 obsides
862 816 964 881 nuper
985 794 1084 860 inter·

34 882 139 946 sectos.
190 880 311 945 Eorum
324 880 416 945 amici
431 878 622 967 cognatique
646 880 738 944 'teras
752 901 789 944 ac
801 881 930 945 nuntios
941 881 982 945 ad
992 879 1084 946 Hau·

35 990 152 1033 nonem
176 966 428 1054 Magonemque,
444 966 500 1052 qui
522 966 556 1031 in
571 967 750 1067 propinquo
772 966 806 1029 in
830 965 962 1032 Bruttiis
984 979 1084 1045 erant,

35 1054 200 1131 misertmt,
219 1055 264 1118 ‘si
281 1053 456 1118 exercitum
477 1053 518 1118 ad
540 1075 666 1118 moenia
684 1053 906 1130 admovissent,
922 1075 955 1118 se
976 1054 1009 1116 in

37 1149 205 1206 ‘testatem
221 1163 331 1206 eorum
346 1140 456 1204 urbem
473 1139 642 1205 tradituros
657 1140 743 1205 esse.’
788 1139 836 1204 M.
850 1141 981 1205 Atinius
996 1141 1026 1204 T
1050 1163 1088 1205 u·

35 1227 87 1292 riis
109 1250 185 1292 eum
210 1227 336 1292 modico
357 1226 513 1327 praesidio
535 1242 694 1314 praeerat:
719 1247 815 1312 quem
837 1227 928 1292 facile
952 1228 1024 1292 elici
1046 1227 1088 1292 ad

15 1328 198 1379 acenamen
220 1328 338 1379 temere
358 1312 535 1378 ineundum
556 1313 706 1378 rebantur
724 1335 833 1414 posse3
858 1336 923 1378 non
938 1313 1086 1394 militum,

37 1423 118 1552 Ἐξ
130 1423 310 1502 perpaucos
323 1400 469 1477 habebnt,
481 1399 608 1477 fiducia,
617 1422 713 1487 quam
728 1401 901 1465 luventutis
913 1401 1086 1467 Thurinae.

132 1511 176 1552 ex
191 1487 350 1553 rudustria
357 1487 585 1552 centuriaverat
600 1499 836 1574 armaveratque
848 1487 890 1552 ad
900 1487 979 1552 tales
988 1510 1086 1554 casus.

39 1573 157 1673 Divisis
172 1575 274 1663 copiis
289 1575 373 1639 inter
386 1596 429 1651 se,
439 1574 537 1639 duces
551 1573 653 1675 Poeni
668 1595 767 1660 quum
782 1595 892 1675 ¹agrum
905 1574 1087 1640 Thurinum

39 1659 1017 1850 affirmatur
1041 1685 1089 1828 ,t

40 1833 79 1898 ad
98 1833 399 1934 tegendasinsidras
418 1834 579 1984 oppositis,
594 1833 742 1898 subsistit
787 1834 928 1936 Atinius,
943 1835 1089 1936 peditum

42 1933 164 1986 tantum
178 1943 308 2010 agmrne
323 1943 381 2008 per
399 1943 462 2008 exp
474 1934 611 1986 oratores
625 1933 797 2008 comperto,
812 1943 846 1985 m
864 1943 964 1986 acrem
983 1943 1090 2008 copias

41 2006 155 2086 educit,
172 2023 207 2073 et
221 2006 341 2072 fraudis
354 2007 532 2085 intestinae,
548 2021 581 2072 et
597 2007 736 2071 hostium
749 2007 936 2072 insidiarum
951 2007 1088 2094 ignarum.

42 2091 193 2160 Pedestre
216 2092 374 2182 proelium
389 2093 450 2158 fuit
504 2115 626 2193 rsegne,
642 2092 751 2180 paucis
770 2093 804 2157 in
818 2093 922 2180 prima
940 2093 1007 2158 acie
1030 2116 1090 2181 pu·

42 2182 214 2264 girantibus
235 2180 407 2257 Romanis3
431 2179 461 2242 T
485 2179 584 2243 urinis
598 2179 855 2265 exspectantibus
869 2180 978 2266 magis,
994 2203 1090 2268 quam

43 2265 275 2344 adiuvantibus,
294 2281 461 2332 eventum:
485 2278 517 2330 et
540 2265 851 2352 Carthaginiensium
871 2266 954 2331 acies
975 2267 1017 2332 de
1040 2267 1091 2330 in·

43 2351 161 2420 dustria
179 2354 299 2444 pedem
323 2353 486 2430 referebat,
502 2363 539 2417 ut
560 2352 602 2417 ad
623 2365 712 2438 terga
732 2350 820 2417 collis
841 2354 881 2417 ab
903 2353 1011 2441 equite
1033 2375 1092 2419 suo

44 2438 150 2506 insessi
164 2442 292 2508 hostem
304 2441 467 2505 incautum
478 2438 682 2527 pertraheret
729 2438 805 2514 Quo
819 2439 875 2506 ubi
887 2454 1018 2506 ventum
1033 2455 1091 2519 est,

24 2528 141 2593 tcoorti
155 2551 233 2594 cum
247 2526 384 2592 clamore
398 2526 531 2614 equites,
547 2548 646 2613 prope
664 2525 859 2592 inconditam
874 2526 1092 2592 Thurinorum

45 2613 178 2694 turbam,
194 2637 258 2680 nec
272 2615 345 2679 satis
362 2613 428 2678 fido
446 2613 562 2691 animo,
578 2612 665 2677 unde
686 2613 856 2700 pugnabat,
872 2625 1018 2691 stantem,
1037 2637 1094 2679 ex-

46 2700 163 2787 templo
182 2702 220 2766 in
234 2701 342 2788 fugam
357 2713 545 2765 averterunt.
593 2699 741 2776 Romani,
757 2722 939 2788 quanquam
959 2700 1095 2766 circum·

46 2799 155 2853 ventos
174 2788 254 2853 hinc
276 2786 384 2876 pedes,
402 2786 477 2852 hinc
496 2808 594 2874 eques
613 2787 756 2887 urgebat,
774 2799 880 2851 tamen
899 2786 1095 2875 aliquamdiu

1092 376 1127 428 U.
1138 377 1167 428 0.
1184 389 1241 442 540.

1091 444 1122 494 A.
1139 443 1169 493 C.
1185 457 1240 492 arr.

1092 547 1243 610 Metaponti·

1091 612 1117 660 ni
1125 611 1241 662 Thurini-

1092 691 1140 738 quc
1151 677 1183 726 ad

1094 739 1220 790 Hanniba·

1092 805 1142 853 lam
1154 805 1213 854 defi-

1093 869 1169 921 ciunt.

47 2891 184 2959 pugnam
202 2888 334 2939 traxere.
380 2872 544 2938 Postremo
559 2885 593 2938 et
612 2895 673 2959 rpsr
687 2887 776 2960 terga
789 2885 926 2950 vertunt,
942 2888 974 2939 at
998 2897 1037 2940 ue
1053 2873 1094 2939 ad
1186 2881 1187 2886 ’

48 2959 155 3024 urbem
164 2961 302 3049 fugiunt.
344 2958 395 3025 Ibi
403 2959 578 3059 proditores
587 2958 777 3046 conglobati,
779 2981 885 3108 lquum
895 2982 958 3046 pop
993 2961 1095 3025 arium

49 3065 160 3129 agmen
219 3047 359 3112 tentibus
372 3059 471 3134 portis
489 3045 691 3132 accepissent,
707 3044 762 3109 ubi
811 3067 940 3109 omanos
954 3045 1038 3110 fissos
1053 3046 1094 3111 ad

27 3132 158 3198 turbem
188 3135 251 3201 erri
272 3133 431 3210 viderunt,
454 3131 662 3208 conclamant,
686 3131 822 3196 ‘instare
845 3129 1001 3209 Poenum,
1023 3155 1095 3220 per-

50 3218 250 3309 ‘mixtosque
274 3232 307 3285 et
328 3217 434 3283 hostes
456 3218 567 3282 urbem
589 3217 760 3294 invasuros,
781 3217 816 3280 ni
836 3238 968 3304 propere
1031 3231 1096 3283 rtas

52 3303 240 3373 ‘claudant'
283 3305 334 3371 Ita
348 3303 492 3370 exclusos
508 3303 670 3368 Romanos
684 3304 856 3390 praebuere
871 3302 954 3368 hosti
969 3240 1096 3370 adocae·

51 3387 130 3457 dem.
177 3393 310 3460 Atinius
329 3405 436 3458 tamen
458 3412 531 3456 cum
574 3389 660 3454 aucis
679 3404 833 3477 receptus
881 3389 1002 3455 Seditio
1019 3391 1095 3459 inde

31 3473 221 3572 {paullisper
250 3479 372 3556 tenuit3
403 3499 503 3566 quum
564 3476 582 3490 ''
611 3476 722 3542 urbem
748 3475 910 3554 tuendam,
936 3476 1012 3542 inde
1041 3477 1096 3543 alii

55 3729 61 3742 ι
89 3683 99 3717 1
117 3674 230 3724 tadum
250 3689 282 3724 aa
301 3674 411 3734 Achaia]
441 3669 558 3721 Similiter
589 3669 648 3718 nino
665 3667 790 3718 incondita
807 3669 869 3718 haec
884 3671 964 3730 huba,
977 3675 1096 3734 utquam

54 3733 105 3783 ¹11st-
116 3737 200 3787 miii.
214 3752 236 3787 r.
257 3739 368 3788 Indidem
378 3753 410 3786 ra
420 3738 557 3786 Celtiberia·
589 3741 725 3784 armaverat
747 3733 970 3797 centuriaveratquc
989 3736 1097 3797 Atinius,

54 3797 136 3848 mix.
153 3816 190 3851 ια.
207 3802 313 3851 indidem
330 3817 360 3852 ar
376 3803 506 3850 domnino.
524 3815 557 3850 sc.
590 3799 633 3848 aad
649 3813 736 3874 pamm
751 3797 885 3848 maneta
895 3799 1039 3862 disciplinae
1051 3800 1096 3849 mi·

55 3871 85 3907 ex
102 3864 188 3914 eadem
204 3865 263 3915 iude
280 3865 385 3928 repone
407 3865 437 3914 cf.
450 3865 503 3914 cic.
514 3879 558 3927 pro
590 3862 655 3912 litari
667 3869 725 3912 erat.

56 3921 557 3992 Sutum.27.1uausamamr
622 3929 849 3992 dominosque]
877 3927 988 3978 mcum
1006 3929 1097 3980 Roma·

58 3987 304 4069 Amabataptemhoe
313 3994 459 4070 vocabulum
467 3992 557 4043 Livius.
590 3990 635 4042 nia.
652 3993 732 4042 cmv.

58 4056 320 4182 miriliitvnbmmiiitrisitiu
329 4071 522 4184 dxirriuilitdibupr.
533 4120 559 4171 ii.
590 4057 1097 4184 bsqsstgqpirpgwtfflafflagm

60 4179 223 4238 thama
233 4201 306 4251 qaam
317 4185 443 4234 omittitur.
457 4183 553 4235 Rusca.
592 4184 767 4234 vimaffirmat
801 4185 850 4234 Sed
863 4184 933 4234 nobis
948 4199 1033 4234 mnsua
1048 4201 1097 4235 nou

60 4247 560 4354 mmm]
592 4247 999 4310 nure

58 4377 321 4433 armachanam
354 4377 414 4428 Nou
429 4377 495 4427 eniri
509 4393 560 4428 om·
624 4375 718 4428 blada
727 4377 773 4426 atu
784 4377 928 4436 mum]
951 4375 1097 4439 turpatam
