2888 4768
368 226 432 285 210
756 218 869 286 ΤΙΤΙ
900 219 1035 286 LlVll

214 361 248 476 H·
260 363 290 477 g·
305 363 360 426 ⁵38·
370 371 434 423 tem
444 370 540 444 atque
550 356 727 458 Epicydem
738 371 847 422 creant
862 372 1036 458 praetores:
1063 357 1302 458 Syracmaeque‚
1311 379 1390 443 quun

237 463 242 476 ·
284 463 290 476 ·
307 441 360 488 ²¹⁴·
370 446 464 544 breve
480 457 605 532 tempus
619 444 746 509 libertas
761 444 935 522 affulsisset,
948 468 982 509 m
997 445 1159 532 antiquam
1174 457 1345 510 servitutem
1356 466 1406 510 ret

262 623 313 684 33.
372 530 668 682 edflppptnumim
682 639 782 704 quum
798 631 902 682 essent
921 617 1085 696 Romanis,
1098 641 1138 683 ex
1153 617 1315 682 Leontinis
1328 629 1393 679 mota

216 707 363 756 Romanu!
373 716 447 768 sunt
456 704 617 791 extemplo
633 717 731 769 castra
743 704 785 768 ad
801 703 978 792 Syracusas.
1025 705 1069 769 Et
1082 706 1122 770 ab
1134 706 1165 768 A
1188 705 1242 792 pio
1252 703 1339 790 legati
1352 724 1393 789 per

214 772 355 884 {ffiffl
372 804 499 941 perlitum
522 791 608 855 missi
623 790 702 856 forte
721 791 756 855 in
770 791 994 878 quinqueremi
1009 806 1107 857 erant.
1153 729 1323 856 Ili-aemima
1334 811 1392 874 qua·

412 877 527 954 tremis,
538 900 637 964 quum
653 879 799 942 intrasset
809 877 914 942 fauces
929 890 1048 966 portua,
1059 879 1197 966 capitur:
1220 877 1251 942 le
1291 877 1392 961 tiaegre

373 965 562 1053 effugerunt
610 963 654 1027 Et
672 964 735 1028 iam
755 987 822 1028 non
838 963 933 1029 modo
952 965 1048 1053 pacis,
1064 965 1120 1030 sed
1134 988 1175 1029 ne
1198 901 1392 1050 bellfqmden

372 1051 442 1116 iura
457 1051 566 1116 relicta
580 1064 689 1115 erant:
714 1073 812 1138 quum
830 1050 995 1116 Romanus
1009 1051 1166 1116 exercitus
1180 1051 1223 1116 ad
1236 1049 1392 1138 Olympium

373 1136 473 1224 (Iovis
487 1136 522 1202 id
537 1137 692 1225 templum
706 1137 770 1222 est)
781 1137 867 1202 mille
888 1151 920 1202 et
935 1139 1118 1226 quingentis
1130 1139 1275 1239 passibus
1289 1138 1324 1200 ab
1337 1135 1406 1202 urbes

216 1236 476 1289 Mittuntteeastra·
488 1224 602 1311 posuit.
649 1222 729 1288 Inde
742 1247 871 1311 quoque
886 1224 1005 1312 legatos
1020 1226 1178 1312 praemitti
1191 1224 1323 1312 placuit:
1343 1221 1393 1308 qui·

214 1301 443 1388 Wsfflbus,
459 1333 500 1375 ne
523 1311 678 1374 intrarent
700 1311 822 1388 urbem,
838 1323 928 1376 extra
949 1327 1073 1398 portam
1096 1311 1141 1376 Hi
1164 1325 1308 1399 poerates
1322 1325 1393 1394 atque

216 1381 293 1414 ω
376 1396 536 1485 Epicydes
553 1397 678 1461 obviam
692 1419 765 1461 cum
782 1397 846 1462 suis
863 1411 1091 1484 processerunt.
1139 1335 1304 1463 Romanus
1317 1409 1394 1459 orator

375 1492 462 1548 ‘non
477 1483 595 1549 bellum
611 1505 644 1548 se
663 1483 874 1572 Syracusanis,
887 1485 944 1548 sed
959 1507 1052 1572 opem
1062 1485 1282 1572 auxiliumque
1293 1480 1394 1554 afferre‚'

374 1570 428 1647 ait,
446 1579 456 1608 ‘
464 1583 498 1635 et
512 1571 559 1647 iis,
575 1570 641 1657 qui,
658 1593 698 1635 ex
710 1571 815 1636 media
829 1570 926 1634 caede
941 1571 1049 1660 elapsi,
1064 1572 1264 1672 perfugerint
1278 1570 1316 1634 ad
1327 1591 1361 1644 se,
1372 1581 1393 1629 el

375 1656 445 1733 ‘iia
461 1657 526 1743 qui,
543 1670 631 1721 metu
654 1658 804 1758 oppressi,
821 1656 1003 1736 foediorem,
1020 1680 1085 1722 non
1107 1657 1222 1722 exsilio
1240 1657 1343 1731 solum,
1356 1652 1394 1718 sed

375 1742 491 1807 ‘etiam
502 1757 613 1821 morte,
623 1758 806 1808 servitutem
817 1744 986 1831 patiantur.
1029 1745 1102 1809 Nec
1110 1745 1244 1810 caedem
1256 1742 1393 1809 nefandam

378 1829 554 1894 ‘sociorum
570 1829 703 1895 inultam
714 1829 876 1895 Romanos
886 1853 1038 1918 passuros.
1083 1830 1196 1918 ltaque
1213 1832 1240 1896 si
1256 1825 1394 1916 iiaquiad

376 1924 429 1980 ‘ae
453 1915 658 2004 perfugerint,
686 1929 773 1981 tutus
799 1917 833 1981 in
862 1919 996 2004 patriam
1019 1917 1138 1983 redime
1161 1931 1295 2006 pateret,
1317 1913 1406 1980 oacdlsl

376 2010 539 2068 ‘auctores
553 2002 721 2081 dedantur,
734 2015 767 2068 et
781 2003 907 2069 libertas
918 2004 948 2069 le
989 2027 1067 2092 sque
1085 2004 1291 2094 Syracusanis
1299 2003 1394 2066 restiu-

376 2097 500 2168 ‘antur,
516 2090 596 2154 nihil
617 2089 711 2154 armis
725 2113 805 2176 opus
822 2113 898 2154 esse.
946 2028 988 2156 Si
996 2115 1034 2156 ea
1053 2114 1118 2156 non
1133 2092 1223 2170 fiant,
1240 2089 1393 2179 quicunque

216 2181 354 2257 Superbum
376 2177 430 2240 ‘in
443 2199 532 2242 mora
546 2177 595 2253 sit,
607 2176 690 2241 hello
702 2179 940 2264 persecuturos'
985 2177 1039 2243 Ad
1053 2201 1092 2242 ea
1108 2177 1279 2266 Epicydes,
1293 2175 1340 2240 ‘Si
1352 2195 1394 2260 qu

216 2245 358 2359 {ffilnffim
377 2262 439 2327 ‘ad
460 2285 493 2328 se
515 2263 665 2328 mandata
685 2263 848 2340 haherent,
865 2287 1048 2352 responsum
1071 2265 1129 2342 iis‚’
1149 2266 1202 2342 ait,
1221 2275 1275 2330 ‘se
1297 2263 1394 2328 daturos

254 2325 272 2372 p
361 2345 510 2414 '‘firisse:
534 2372 634 2436 quum
649 2350 683 2414 in
695 2372 814 2427 eorum,
830 2350 871 2414 ad
886 2373 966 2438 quos
980 2352 1136 2429 venerint,
1152 2375 1251 2416 manu
1266 2374 1313 2416 res
1327 2349 1395 2414 sm·

377 2443 516 2500 ‘cusana
537 2449 629 2512 esset,
646 2450 713 2501 tum
732 2449 973 2503 reverterentur.
1021 2437 1054 2502 Si
1073 2439 1157 2503 hello
1176 2438 1335 2512 lacessant,
1345 2415 1394 2520 ipsa

377 2529 432 2586 ‘re
448 2521 673 2601 intellecturos,
685 2546 726 2587 ne
752 2547 791 2588 ua
814 2546 886 2587 uam
903 2523 987 2588 idem
1003 2547 1069 2589 esse
1087 2525 1258 2612 Syracusas
1273 2549 1307 2590 ac
1317 2523 1394 2588 Leon·

217 2615 388 2688 Oppugnan!
399 2607 481 2672 tinos
490 2610 694 2695 oppugnare?
728 2547 908 2698 lulegatis
922 2611 1048 2688 relictis,
1060 2611 1297 2698 portaaclausit.
1338 2605 1394 2674 Inde

215 2697 256 2739 tur
266 2691 368 2753 Syracu·
377 2706 460 2758 terra
474 2693 616 2780 marique
631 2695 725 2760 simul
740 2709 870 2784 coeptae
885 2698 1060 2798 oppugnari
1072 2697 1265 2786 Syracusae:
1289 2693 1394 2763 terrad

217 2771 266 2806 ⁸⁸⁰·
378 2777 558 2867 Hexapyla,
575 2781 652 2845 mari
675 2783 714 2846 ab
731 2782 924 2860 Achradina,
940 2807 1030 2849 curus
1045 2807 1153 2848 murus
1166 2785 1270 2850 fluctu
1286 2783 1393 2850 alluitur.

377 2864 429 2943 Et,
442 2867 526 2952 quia,
538 2867 620 2931 sicut
635 2867 811 2934 Leontinos
826 2883 944 2935 terrore
957 2893 993 2935 ac
1008 2871 1111 2958 primo
1125 2873 1248 2958 impetu
1264 2881 1393 2958 ceperant
1417 2909 1418 2924 κ

374 2975 441 3018 non
463 2953 658 3032 diffidebant,
681 2970 800 3020 vastam
823 2957 1050 3045 disiectamque
1074 2959 1174 3045 spatio
1199 2961 1310 3024 urbem
1332 2969 1393 3044 pant
1417 2941 1418 2992 l

376 3039 481 3128 eliqua
507 3063 540 3105 ae
569 3041 742 3119 invasuros,
772 3065 899 3108 omnem
926 3057 1111 3132 apparatum
1138 3043 1393 3133 oppugnandarum

377 3127 502 3191 urbium
517 3128 616 3193 muris
631 3128 848 3194 admoverunt

215 905 280 950 vent.

265 3223 317 3283 34.
421 3211 464 3277 Et
477 3213 639 3279 habuisset
654 3228 743 3279 tanto
758 3214 881 3302 impetu
890 3231 1003 3317 coepta
1017 3241 1067 3282 res
1077 3219 1247 3297 fortunam,
1264 3218 1322 3283 nisi
1336 3232 1392 3280 unu

218 3305 345 3355 Archiae
375 3297 471 3364 homo
489 3299 651 3387 Syracusis
665 3325 704 3366 ea
719 3316 905 3451 tempestate
916 3302 1034 3369 fuisset
1080 3305 1292 3371 Archimedes
1303 3307 1326 3369 is
1339 3313 1391 3366 erat
1416 3343 1417 3376 ,

217 3371 260 3420 des
267 3377 368 3420 moetus

219 3435 343 3483 Romano

217 3514 270 3547 rum
283 3499 361 3548 ludifi-

217 3569 293 3612 eatur.

376 3384 488 3450 unicus
529 3401 687 3474 spectator
724 3389 803 3453 coel
840 3388 1063 3477 siderumque3
1107 3391 1281 3458 mirabilior
1315 3377 1417 3459 tamenrl

407 3612 422 3655 4
438 3595 601 3658 maumas]
616 3599 764 3648 Recideront
774 3601 845 3650 Cres.
857 3605 882 3648 et
915 3601 1006 3651 stroth.
1018 3602 1134 3665 quoniam
1149 3603 1233 3653 livius
1247 3609 1390 3668 nonmuututq¹

375 3657 481 3708 Belslter.
494 3668 659 3722 repoeuemnt.
915 3671 1026 3727 tempora
1037 3667 1131 3716 diversa
1141 3668 1225 3730 iungit
1243 3669 1341 3729 etun.
1351 3673 1389 3710 ml
1415 3687 1416 3704 ³

411 3736 424 3785 5
445 3724 519 3772 Mille
540 3732 564 3774 et
590 3729 731 3790 quingentis
754 3730 880 3790 possiden]
915 3729 1390 3795 3e.“st0mneerarteepoliunemmm³

374 3787 448 3860 Mille
464 3795 488 3836 st
503 3792 646 3851 quingentos
659 3807 757 3853 possus,
772 3799 799 3840 ut
816 3794 881 3841 locu·
915 3793 1049 3854 duxissent,
1060 3795 1192 3858 dignosque
1201 3793 1370 3846 iudiuvennt'·

373 3855 465 3899 tionem
487 3853 564 3915 magis
583 3853 720 3914 Livianam,
738 3861 882 3918 receperunt
949 3869 962 3919 7
982 3859 1075 3908 Unicus
1092 3868 1210 3923 spectator
1228 3865 1286 3912 oosls'
1302 3861 1389 3908 εὕων

374 3913 445 3986 Oret.
465 3919 490 3962 et
509 3915 616 3964 Beklser.
653 3917 693 3965 De
713 3919 830 3981 Olympio
849 3921 880 3969 cf.
913 3922 973 3984 qtae]
989 3923 1059 3972 Coeli
1070 3924 1222 3987 sldemmque
1232 3923 1388 3988 spectandorum

376 3975 449 4024 Diod
462 3977 509 4026 Sic.
525 3979 575 4027 xiii.
587 3978 610 4028 6.
644 3981 727 4029 Huius
743 3984 830 4045 templi
847 3985 881 4032 lo
914 3991 1278 4048 artesupraomnesexcellens.
1301 3990 1387 4038 ΟΜΝ

374 4055 430 4116 cum
451 4041 566 4090 columna
584 4043 657 4093 unica
672 4052 795 4107 superstes
814 4063 881 4098 nunc
913 4049 948 4098 ita
964 4050 1077 4099 describit
1094 4053 1265 4103 Archimedem
1283 4051 1360 4101 Lissus
1372 4053 1387 4088 Εἴ

373 4105 474 4153 indicat.
495 4169 500 4182 ¹
660 4137 662 4140 v
912 4129 938 4162 aa
950 4115 1002 4175 ipse
1014 4131 1099 4176 parum
1110 4118 1209 4165 omnino
1222 4119 1322 4180 murm
1332 4121 1386 4160 rtffll

406 4166 542 4243 6Redslus
555 4173 664 4244 pataret]
690 4174 789 4232 Pateat,
806 4189 879 4236 quam
912 4179 1141 4228 mathematicamm
1167 4181 1289 4236 exhibeat,
1311 4186 1385 4240 quercu

375 4245 459 4280 vocem
482 4238 559 4280 oratio
579 4235 674 4282 videtur
696 4238 827 4298 postulare,
845 4255 880 4288 re·
913 4255 971 4290 sane
984 4244 1064 4291 studia
1080 4260 1203 4306 nunquam
1214 4247 1280 4308 apud
1292 4246 1387 4294 1ὶοὶΜῶοἱ

374 4300 507 4368 posuerunt
525 4296 596 4345 Crev.
616 4305 641 4346 et
661 4299 768 4348 Bellen
785 4303 828 4350 sed
847 4304 881 4351 le·
913 4319 1060 4368 magnopere
1079 4308 1181 4370 viguere.
1219 4309 1276 4357 Non
1297 4313 1386 4355 mmmm
1413 4307 1414 4358 l

374 4363 480 4406 ettonem
495 4367 601 4408 nostram
617 4362 769 4411 retinendam
787 4367 881 4413 censuit
913 4369 1051 4429 cognitione
1073 4373 1203 4434 praecipue
1222 4373 1307 4422 claruit
1327 4365 1387 4418 lull·
1413 4405 1414 4408 η
