2966 4778
345 238 386 298 88
731 229 844 296 ΤΙΤΙ
874 229 1014 297 LIVII·

190 377 224 428 υ.
235 379 266 428 ο.
282 363 387 464 made
402 377 538 450 aequato
547 363 696 464 imperio,
708 364 784 428 satis
794 364 907 442 fidens,
919 363 1167 465 haudquaquam
1181 385 1257 462 cum
1271 363 1318 426 im
1361 361 1398 426 rii

188 443 219 492 A.
236 443 266 492 ⁰·
283 453 415 514 ²¹⁷·rure
430 463 530 515 artem
545 449 724 537 imperandi
738 464 916 550 aequatam,
932 472 1008 515 cum
1021 462 1141 516 invicto
1155 473 1175 514 a
1187 450 1313 514 civibus
1351 471 1399 514 os-
1476 521 1477 524 Ἴ

347 536 495 624 tibusque
510 537 617 602 animo
631 536 674 601 ad
687 549 863 602 exercitum
878 537 981 602 rediit.

236 619 288 683 27.
391 622 556 688 Minucius
570 645 656 701 vere,
671 646 772 711 quum
786 623 850 690 iam
870 637 944 689 ante
964 623 1019 688 vix
1038 622 1209 688 tolerabilis
1222 621 1339 686 firioeet
1352 643 1399 685 se·

346 709 460 774 cundis
474 710 569 775 rebus
582 732 619 774 ac
633 709 739 775 favore
754 709 851 797 vulgi,
868 723 937 776 tum
957 709 1004 776 uti
1028 733 1069 774 ue
1089 708 1262 774 immodioe
1285 709 1399 772 immo·

346 795 509 884 desteque,
522 819 587 862 non
604 795 786 861 Hannibale
798 797 897 884 magis
911 796 995 861 victo
1062 818 1106 873 se,
1118 817 1216 882 quam
1233 795 1278 870 Q.
1289 793 1399 870 Fabio,

345 882 490 969 gloriari:
516 881 630 948 ‘Illum
645 881 679 948 in
699 883 794 948 rebus
816 883 933 970 asperia
952 883 1084 948 unicum
1105 881 1222 947 ducem
1236 904 1276 946 ac
1290 903 1400 968 parem

347 969 545 1056 ‘quaesitum
569 968 754 1046 Hannibali,
770 969 922 1034 maiorem
941 969 1067 1046 minori,
1087 967 1279 1032 dictatorem
1299 968 1400 1055 magi-

348 1064 429 1122 ‘stro
444 1056 600 1142 equitum,
616 1055 704 1143 quod
718 1054 807 1121 nulla
825 1055 979 1120 memoria
992 1054 1108 1120 habeat
1121 1053 1297 1131 annalium,
1313 1055 1401 1118 iussu

348 1143 477 1229 ‘populi
491 1155 663 1228 aequatum
683 1141 718 1205 in
738 1140 850 1206 eadem
870 1143 1007 1219 civitate,
1022 1141 1057 1204 in
1071 1164 1136 1228 qua
1150 1140 1292 1290 magistri
1308 1141 1401 1228 equi·

348 1236 436 1293 ‘tum
450 1227 553 1316 virgas
567 1251 604 1292 ac
619 1250 745 1293 secures
764 1228 927 1293 dictatoris
942 1240 1076 1292 tremere
1091 1241 1187 1314 atque
1226 1249 1337 1291 orrere
1352 1247 1422 1294 sos

347 1314 415 1380 ‘liti
426 1315 498 1378 sint.
522 1313 561 1378 Iu
574 1327 699 1380 tanturn
710 1337 799 1379 suam
811 1314 994 1380 felicitatem
1009 1314 1222 1400 virtutemque
1234 1313 1399 1378 enituisse.

348 1400 454 1488 ‘Ergo
468 1415 651 1466 secuturum
672 1423 705 1465 se
724 1401 885 1466 fortunam
904 1423 1003 1477 suam,
1019 1400 1046 1464 si
1065 1399 1250 1465 dictatoria
1267 1413 1401 1464 cuncta-

347 1487 452 1552 ‘tione
475 1511 511 1552 ao
533 1487 678 1574 segnitie,
694 1486 827 1552 deorum
848 1486 1079 1574 hominumque
1101 1485 1220 1550 indicio
1234 1484 1422 1562 damuataq

348 1582 357 1612 ‘
408 1575 537 1639 tataret’
581 1572 706 1659 Itaque,
722 1596 787 1660 quo
808 1573 861 1638 die
883 1573 1022 1661 primum
1044 1595 1229 1659 congrfflsus
1250 1584 1301 1636 est
1323 1595 1400 1637 eum

405 1659 512 1736 Fabio,
530 1659 752 1724 ‘statuendum
766 1659 910 1724 omnium
925 1659 1084 1747 primum,’
1098 1659 1152 1734 ait,
1169 1667 1179 1696 ‘
1187 1681 1267 1735 esse,
1283 1681 1402 1744 quem·

346 1745 537 1810 ‘admodum
552 1745 687 1833 imperio
701 1759 837 1832 aequato
852 1758 991 1811 utantur.
1038 1745 1079 1809 Se
1094 1745 1252 1832 optimum
1266 1744 1400 1821 duecte,

347 1840 421 1896 ‘aut
435 1830 549 1896 diebus
563 1831 700 1908 alternis,
713 1847 777 1910 aut,
790 1832 817 1896 si
832 1833 951 1897 maiora
962 1831 1126 1896 intervalla
1140 1830 1312 1918 placerent,
1326 1853 1402 1918 par·

347 1918 432 1983 ‘titis
453 1917 657 2005 temporibus,
673 1917 803 1982 alterius
820 1940 979 1982 summum
994 1919 1044 1982 ius
1058 1918 1292 2005 imperiumque
1307 1939 1398 1982 eme:

347 2013 403 2068 ‘ut
416 2027 473 2090 par
488 2005 571 2070 hosti
587 2028 652 2070 non
667 2003 770 2070 solum
784 2003 926 2082 consilio,
942 2003 999 2068 sed
1015 2003 1135 2068 viribus
1149 2004 1245 2068 etiam
1259 2017 1357 2080 esset,
1372 2004 1402 2068 ai

346 2100 462 2179 ‘quam
491 2093 688 2157 occasionem
717 2091 764 2156 rei
798 2090 955 2178 gerendae
990 2089 1172 2156 habuisset?
1231 2088 1273 2164 Q,
1296 2089 1400 2154 Fabio

345 2177 593 2266 haudquaquam
613 2179 649 2243 id
667 2177 810 2266 placere:
836 2177 963 2241 ‘omnia
981 2177 1067 2241 enim
1087 2176 1246 2241 fortunam
1267 2175 1401 2241 habitu·

346 2273 442 2342 ‘ram,
458 2287 669 2352 quaecunque
685 2263 845 2328 temeritas
859 2261 999 2350 collegae
1014 2262 1183 2328 habuisset.
1224 2261 1293 2327 Sibi
1307 2285 1401 2328 com·

346 2351 562 2415 ‘municatum
596 2373 671 2415 cum
701 2349 766 2426 illo,
796 2371 862 2416 non
891 2349 1086 2437 ademptum,
1116 2348 1285 2436 imperium
1313 2371 1398 2414 eme.

274 2483 279 2492 .
346 2435 479 2522 ‘Itaque
502 2459 535 2500 ae
558 2457 723 2522 nunquam
753 2435 913 2500 volentem
941 2449 1040 2522 parte,
1064 2458 1129 2522 qna
1150 2447 1264 2522 posset,
1287 2457 1420 2502 remmr

346 2521 497 2588 ‘consilio
518 2521 729 2608 gerendarum
751 2545 929 2587 cessurum:
953 2545 1014 2586 nec
1035 2545 1069 2586 se
1092 2534 1235 2608 tempora
1255 2533 1312 2585 aut
1327 2521 1401 2588 diss

346 2608 490 2694 ‘imperii
515 2630 590 2672 cum
614 2631 664 2685 eo,
691 2609 851 2674 exereitus
879 2607 1064 2686 divisurum,
1090 2607 1218 2695 suisque
1244 2607 1422 2686 eonsiliiae

189 2705 318 2754 Exercitus
346 2693 516 2780 ‘quoniam
531 2693 639 2758 omnia
652 2716 718 2758 nou
733 2694 852 2772 liceret,
868 2717 950 2780 quae
965 2707 1080 2782 posset,
1095 2694 1311 2759 servaturum’
1347 2693 1401 2760 Ita

185 2771 330 2883 ffiffim
345 2779 493 2856 obtinuit,
510 2781 557 2846 uti
577 2779 730 2867 legiones,
745 2781 828 2845 sicut
848 2780 1031 2846 cornulibus
1052 2802 1121 2846 mos
1142 2793 1234 2857 esset,
1253 2779 1342 2844 inter
1365 2803 1399 2847 se

345 2952 444 3017 Fabio
466 2966 649 3018 evenerunt.
701 2951 785 3017 Item
807 2953 930 3038 equites
951 2953 1020 3039 pari
1041 2975 1184 3030 numero,
1207 2951 1398 3040 sociumque

329 2866 533 2932 ‘dividerent
587 2865 696 2934 Prima
717 2878 750 2930 et
772 2879 884 2953 quarta
906 2865 1063 2944 Minucio,
1085 2865 1226 2932 secunda
1246 2877 1280 2930 et
1302 2869 1401 2932 tertia
1480 2939 1481 2946 χ

345 3052 379 3104 et
393 3038 501 3104 Latini
517 3039 654 3104 nominis
668 3038 787 3105 auxilia
806 3038 998 3106 diviseruntz
1022 3037 1132 3106 castri·
1146 3061 1179 3104 se
1200 3061 1330 3126 quoque
1347 3063 1399 3106 se·
1480 3083 1481 3094 κ

235 3211 287 3272 28.
303 3294 309 3306 Ι
346 3139 612 3300 Wlllrlpldhgihtdd
625 3125 968 3298 ffiqpalivqpqqium
978 3211 1056 3276 fine:
1080 3210 1288 3299 nequeenim
1304 3214 1398 3298 quie·

188 3295 290 3358 Duplex
301 3309 442 3385 ¹¹¹·quam
457 3321 577 3376 eorum,
593 3321 675 3389 quae
696 3298 782 3385 apud
799 3297 905 3363 hostes
925 3312 1103 3384 agerentur,
1118 3320 1193 3362 eum
1207 3297 1347 3375 fallebat,
1365 3315 1399 3364 et

187 3358 329 3486 pplitqqqai-
345 3379 485 3472 perstigia
500 3383 601 3450 multa
614 3385 838 3462 indicantibus,
851 3397 884 3448 et
897 3406 956 3471 per
970 3407 1043 3448 suos
1054 3383 1281 3470 explorantem.
1307 3383 1396 3450 Nam

187 3485 263 3538 dum.
345 3487 378 3536 et
392 3471 521 3537 liberam
546 3470 684 3536 Minucii
707 3472 916 3536 temeritatem
938 3493 972 3535 se
994 3493 1051 3536 suo
1073 3470 1169 3536 modo
1183 3482 1419 3561 captamrum,3
1480 3523 1481 3530 ,

344 3731 431 3782 biaeita
447 3733 566 3795 populum
582 3736 702 3788 tenerent,
710 3730 805 3788 Patres,
816 3729 851 3777 in·
884 3730 979 3792 perium
991 3746 1043 3780 am
1056 3729 1194 3780 voluissent
1210 3731 1292 3780 (ianr.

344 3797 398 3858 quit
417 3795 564 3854 Gronovius,
582 3798 609 3842 ut
628 3795 754 3843 eluderent
774 3794 852 3855 plehts
919 3797 1118 3858 rSaauaqucm
1132 3796 1262 3855 metm]
1288 3796 1396 3844 Senna-
1480 3799 1481 3858 l

343 3859 523 3918 redeuutem,
542 3857 671 3921 plebiscita
697 3863 850 3907 eenamcen-
884 3873 957 3920 quam
966 3873 1021 3907 eam
1032 3874 1112 3908 rerum
1121 3859 1222 3908 consilio
1233 3859 1396 3922 gerendam

343 3922 415 3986 sultis
425 3923 568 3971 confirmare
578 3921 642 3970 soliti
654 3927 731 3970 erant.
884 3929 987 3984 partem,
1006 3938 1056 3984 qna
1076 3929 1167 3984 posset,
1183 3937 1217 3972 sc.
1236 3939 1275 3972 res
1291 3923 1396 3974 coasilia

375 3988 391 4036 8
407 3989 509 4036 Securae
518 3987 654 4046 dictatoria]
674 3983 765 4047 Papirii
774 3983 850 4034 diota·
882 4001 973 4048 gerere,
984 3986 1157 4035 derelicturum
1169 4002 1228 4036 esse.
1248 3987 1334 4037 Dosa.

343 4057 398 4100 turs
415 4050 456 4099 hie
472 4049 541 4098 innui
556 4049 658 4098 videtur.
680 4047 850 4111 strepenti.
915 4065 929 4098 a
943 4053 1075 4100 Exercitus
1082 4052 1232 4111 divisurum]
1244 4050 1395 4100 particulam

345 4131 374 4177 3²
386 4131 438 4178 sqq.
882 4116 925 4164 red
940 4129 1007 4163 mere
1020 4113 1123 4164 Ilviauo
1139 4115 1254 4163 annnam
1272 4131 1326 4164 essa
1341 4131 1394 4164 me

379 4195 395 4241 9
415 4182 523 4229 Dceram
550 4179 719 4242 mutuamque
746 4179 848 4238 iudicio]
883 4178 937 4226 nuit
949 4179 971 4228 1.
983 4179 1091 4228 Gronov.
1113 4178 1268 4240 cheopelli.
1282 4191 1320 4240 71.
1343 4197 1395 4228 aaa

343 4245 461 4299 Deorum,
471 4242 512 4303 qui
524 4241 569 4290 sibi
580 4241 698 4304 egregiam
710 4242 742 4289 da
754 4239 850 4290 Hanni·
882 4243 1003 4301 iuuenem,
1014 4243 1127 4292 mereim
1143 4244 1192 4291 iata
1207 4245 1332 4305 adpendia
1345 4261 1394 4294 ω·

344 4305 399 4355 bale
419 4306 542 4354 victoriam
565 4306 753 4362 wneemissen23
776 4306 849 4354 aomt-
882 4312 981 4354 ramera.

343 4387 411 4430 aum,
422 4370 464 4432 qui
476 4369 522 4419 sibi
537 4385 581 4432 par
597 4385 653 4418 cum
670 4369 788 4419 dictatore
805 4368 849 4424 im·
915 4383 929 4430 3
945 4371 977 4418 Se
986 4386 1031 4418 aaa
1042 4373 1108 4424 modo
1118 4374 1288 4434 captaturum]
1314 4373 1395 4420 Ocea·
