2966 4778
369 211 465 276 LIB.
490 209 623 278 XXIII.
658 211 769 278 CAP.
796 219 845 278 13.
1072 219 1133 281 135

63 354 202 432 ‘garea
221 347 248 412 si
262 369 349 412 esses
365 348 492 414 victus?
516 348 668 414 Hostium
687 349 759 436 cepi
778 349 854 414 bina
868 361 977 428 castra,
996 350 1132 438 praedae
1143 365 1177 416 U.
1189 367 1219 416 c.
1235 365 1291 430 536·

62 431 250 499 ‘videlicet
264 433 360 521 plena
373 447 407 499 et
426 447 681 500 commeatuum:
705 435 900 502 frumentum
916 449 949 502 et
963 438 1132 524 pecuniam
1141 430 1172 479 Α·
1189 431 1219 480 ⁰·
1236 429 1290 482 ²¹⁶·

62 518 184 584 ‘date
232 519 323 595 Quid
337 520 434 598 aliud,
450 521 476 586 si
494 521 655 609 spoliatus,
671 521 698 586 si
713 535 829 587 exutus
843 524 952 590 castris
967 545 1061 602 esses,
1075 547 1132 612 pe-

62 607 210 670 ‘teresi
233 606 287 685 Et,
301 629 344 672 ne
359 607 466 673 omnia
481 607 547 695 ipse
564 608 668 686 ruber,
683 607 778 696 (mihi
793 631 922 697 quoque
938 609 1035 686 enim,
1051 632 1132 698 quo·

61 700 72 730 ‘
85 692 188 756 niam
200 693 348 780 respondi
366 693 552 772 Himilconi,
567 695 761 780 interrogare
773 694 823 759 ius
836 695 945 783 imque
961 694 1024 780 est)
1035 697 1131 762 velim

60 786 158 842 ‘seu
179 777 331 856 Himilco,
353 802 409 844 seu
433 779 532 868 Mago
549 779 757 866 respondeat:
780 803 881 866 quum
901 781 942 846 ad
961 781 1131 848 intemeci·

61 873 195 930 ‘onem
210 865 349 931 Romani
361 866 487 954 imperii
497 879 674 966 pugnatum
685 866 726 931 ed
741 865 869 932 Cannas
880 867 929 945 sit,
942 880 1129 968 constetque

62 951 126 1014 ‘in
154 951 335 1018 desectione
358 965 456 1016 totam
477 951 601 1017 Italiam
622 974 708 1026 esse:
731 953 869 1040 primum
892 953 1001 1041 ecquis
1021 953 1130 1019 Latini

62 1038 238 1102 ‘nominis
259 1038 396 1126 populus
414 1037 567 1104 defecerit
586 1037 626 1102 ad
648 1039 729 1102 nos?
752 1037 869 1104 deinde
891 1038 1001 1126 ecquis
1022 1039 1129 1119 homo,

62 1131 136 1188 ‘ex
161 1124 243 1210 quin
267 1149 306 1190 ue
325 1138 359 1190 et
379 1125 508 1212 triginta
527 1124 682 1202 tribubus,
697 1125 739 1190 ad
760 1123 975 1190 Hannibalem
993 1127 1130 1191 transfir-

63 1210 217 1360 ‘gemti’
242 1148 351 1286 auum
371 1224 478 1275 utrum
502 1234 542 1276 ue
563 1210 662 1298 Mago
682 1226 844 1299 negasset:
869 1211 1042 1277 ‘Hostium
1082 1215 1292 1293 uiniaoeptatio

62 1303 75 1332 ‘
115 1319 214 1361 eme
252 1297 291 1375 o‚’
306 1296 450 1384 inquit‘
501 1296 563 1362 huc
583 1297 678 1362 nimis
698 1297 833 1363 multum
854 1321 891 1363 su
934 1311 1005 1364 rest.
1095 1299 1194 1378 d,cum
1201 1296 1287 1358 Maga

63 1381 229 1447 ‘multitu
251 1407 271 1448 ο
294 1405 333 1448 ea
354 1382 434 1470 quid
456 1383 643 1461 animorum,
666 1384 784 1470 quidve
810 1385 877 1472 spei
924 1386 1025 1462 abeat,
1049 1374 1176 1452 scirem·

64 1468 214 1533 ‘velim’
259 1469 380 1547 Quum,
395 1468 431 1533 id
448 1470 579 1547 nescire,
597 1469 696 1558 Mago
715 1470 854 1548 diceret3
879 1469 991 1535 ‘Nihil
1005 1469 1129 1537 facilius
1188 1477 1237 1537 13.

65 1555 179 1620 ‘scitu
202 1557 269 1634 est,’
290 1557 405 1642 inquit
451 1555 600 1642 ‘Ecquos
617 1556 737 1644 legatos
759 1557 800 1623 ad
823 1556 1037 1622 Hannibalem
1062 1558 1129 1624 Ro-

65 1642 185 1706 ‘mani
208 1641 362 1707 misenmt
387 1640 429 1706 dc
454 1643 558 1729 pace?
596 1641 739 1728 Ecquam
766 1643 906 1731 denique
931 1644 1129 1710 mentionem

66 1728 185 1815 ‘pacis
201 1727 324 1794 Romae
346 1729 461 1794 factam
481 1751 560 1806 esse,
575 1727 705 1794 allatum
728 1729 769 1795 ad
790 1753 845 1794 ros
859 1731 943 1796 esti’
968 1729 1078 1805 Quum
1094 1731 1129 1796 id

64 1835 207 1901 quoque
233 1828 388 1902 negasset,
413 1813 560 1879 ‘Bellum
587 1815 702 1902 igitur,’
723 1815 757 1880 in
781 1816 838 1893 uit,
863 1824 944 1881 ‘tam
968 1816 1128 1904 integrum

66 1901 263 1977 ‘habemua
282 1923 379 1987 quam
401 1900 579 1978 habuimus,
598 1924 663 2001 qua
684 1900 736 1967 die
759 1838 923 1968 ilannibal
946 1903 980 1966 in
1003 1902 1127 1969 Italiam

39 1993 144 2052 3‘est
302 2009 379 2052 ssus.
427 1985 534 2062 Quam
549 2009 634 2052 varra
644 1987 776 2052 victoria
789 1989 893 2076 priore
908 1988 1032 2053 Punico
1043 1988 1127 2054 bello

66 2081 78 2110 ‘
90 2072 204 2150 fuerit,
230 2072 385 2160 parique,
412 2073 468 2161 qui
499 2073 746 2150 meminerimus,
773 2095 985 2160 supersumus·
1032 2074 1128 2140 Nun·

68 2168 196 2246 ‘quarn
225 2172 309 2224 terra
333 2159 476 2246 marique
501 2159 600 2246 magis
623 2181 789 2246 prosperae
813 2182 863 2224 res
892 2172 1016 2224 nostrae
1042 2161 1127 2226 visae

68 2254 182 2323 ‘sunt
204 2268 300 2333 quam
322 2257 396 2310 ante
416 2244 560 2310 consules
582 2243 621 2310 C.
635 2244 801 2310 Lutatium
821 2261 854 2310 et
873 2246 913 2310 A.
926 2246 1126 2311 Postumium

69 2332 233 2396 ‘fuerunt
280 2331 411 2397 Lutatio
431 2345 464 2396 et
482 2330 648 2396 Postumio
662 2329 843 2396 consulibus
861 2331 978 2396 devicti
998 2332 1039 2397 ad
1060 2333 1127 2399 Ae-

69 2425 186 2505 ‘gates
200 2417 319 2482 insulas
333 2440 450 2482 sumus.
491 2416 588 2492 Quod
604 2417 630 2481 si
639 2417 689 2504 (id
700 2417 789 2504 quod
803 2417 848 2482 dii
863 2440 957 2484 omen
969 2419 1127 2507 avertant)

68 2513 185 2568 ‘nuuc
205 2526 335 2591 quoque
354 2503 481 2589 fortuna
500 2502 621 2590 aliquid
638 2504 821 2581 variaverit3
846 2517 914 2569 tum
929 2527 1039 2592 pacem
1055 2529 1127 2594 spe·

70 2591 182 2667 ‘retia
205 2612 305 2676 quum
327 2589 501 2667 vincemur,
524 2613 620 2678 quam
640 2612 737 2668 nunc,
760 2614 861 2678 quum
882 2591 1047 2670 vincimus,
1071 2592 1127 2658 dat

70 2684 81 2714 ‘
93 2677 217 2742 nemo?
240 2675 337 2764 Ergo,
352 2675 379 2741 si
394 2675 466 2763 quie
480 2675 521 2740 de
536 2699 613 2764 pace
629 2677 782 2755 consulet,
795 2700 852 2742 seu
866 2678 1039 2744 deferenda
1052 2679 1126 2744 hos·

71 2762 191 2840 ‘tibus,
214 2785 270 2827 seu
292 2763 359 2828 acci
383 2763 486 2839 ienda,
509 2761 621 2840 habeo,
669 2762 727 2827 uid
749 2764 925 2828 sententiae
948 2764 1069 2830 dicam:
1098 2767 1124 2830 si

72 2849 137 2914 ‘de
162 2849 211 2926 iis,
235 2871 317 2934 quae
378 2870 438 2936 ago
456 2848 605 2936 postulat,
621 2787 753 2926 reicitis,
771 2872 832 2914 nec
849 2850 1020 2916 victoribus
1040 2851 1125 2916 mitti

71 2935 230 3000 ‘attinere
249 2947 341 3034 puto,
363 2947 397 2998 et
419 2933 641 3000 frustrantibus
662 2957 721 3000 nos
741 2934 820 3001 falsa
840 2949 936 3022 atque
958 2937 1046 3001 inani
1067 2959 1124 3024 spe

72 3020 200 3086 ‘multo
214 3043 319 3086 mmus
339 3042 454 3085 censeo
469 3020 626 3086 mittenda
644 3021 732 3086 esse!
776 3020 875 3086 Haud
896 3021 1012 3086 multos
1027 3023 1126 3088 movit

55 3106 248 3172 'Hannonis
271 3107 380 3172 oratio.
426 3105 512 3171 Nam
536 3120 569 3171 et
590 3105 731 3171 simultas
752 3129 825 3172 cnm
848 3105 967 3171 familia
988 3106 1126 3174 Barcina

71 3193 227 3258 leviorem
256 3204 417 3258 auctorem
442 3192 586 3269 faciebat,
612 3204 646 3256 et
674 3193 820 3279 occupati
844 3191 941 3256 animi
967 3195 1124 3280 praesenti

70 3279 196 3344 laetitia
209 3276 300 3357 nihil,
340 3301 381 3343 uo
400 3278 512 3342 vanius
526 3276 616 3342 fieret
635 3277 788 3363 gaudium
807 3299 910 3355 suum,
927 3279 1054 3343 auribus
1068 3279 1125 3344 ad-

72 3363 262 3430 mittebant:
291 3365 332 3429 dc
374 3363 485 3429 llatum
509 3386 549 3427 ue
573 3385 648 3428 mox
671 3362 749 3439 fore,
771 3361 798 3426 si
821 3363 923 3427 anniti
968 3363 1123 3430 aullulum

72 3449 257 3528 voluissent,
278 3450 437 3515 rebantur.
482 3386 595 3537 llaque
613 3448 736 3536 ingenti
754 3469 910 3514 consensu
952 3462 966 3514 t
982 3463 1124 3517 senatus-

72 3535 266 3614 consultum,
289 3549 326 3602 ut
355 3533 530 3602 Hannibali
554 3547 705 3624 quattuor
731 3533 944 3601 Numidarum
968 3535 1067 3601 millia
1089 3539 1123 3602 in

49 3621 334 3710 asupplementum
363 3622 576 3702 mitterentur,
600 3636 633 3686 et
658 3621 868 3714 quadraginta
891 3621 1064 3709 elephanti,
1090 3637 1125 3689 et

111 3839 233 3902 3Priorc
252 3841 351 3890 Punico
371 3839 444 3900 hello]
474 3836 499 3888 Si
521 3837 583 3887 haec
615 3837 689 3887 bandi
700 3837 771 3898 ratio,
782 3837 1020 3902 utcumquingenta
1034 3837 1124 3902 signifi·

75 3909 132 3952 sunt
148 3919 163 3952 a
179 3918 255 3953 manu
270 3903 343 3964 Livii,
358 3903 501 3978 imprudens
516 3916 584 3950 more
616 3917 671 3950 care
681 3901 823 3961 reflantita
831 3903 962 3951 scnbsmnt
973 3904 1038 3952 Vota.
1062 3903 1124 3953 Erat

76 3968 191 4016 immane
209 3968 321 4016 Poenum
340 3965 465 4016 hommem
484 3966 583 4028 loquen·
616 3965 690 4026 igitur
705 3965 821 4028 scriptum
838 3965 863 4013 in
882 3971 962 4015 vetere
977 3967 1078 4016 liviano
1095 3967 1123 4016 li·

75 4037 125 4080 tem
137 4030 203 4080 lacit.
221 4031 355 4081 Cararcos.
615 4030 668 4089 bro,
678 4031 717 4079 M.
734 4029 792 4078 Vota
803 4028 828 4077 id
840 4035 885 4089 est,
894 4030 964 4078 mille
980 4033 1122 4106 qatapeuta.

107 4112 123 4155 4
141 4097 177 4143 Et
198 4097 296 4156 argenta·
316 4097 382 4144 milla
403 4094 583 4158 quinquaginta
617 4092 692 4150 Quod
710 4091 752 4154 qui
771 4107 820 4140 non
840 4092 1024 4153 intellexerunt,
1040 4101 1123 4156 :napta

76 4160 181 4220 talenta]
196 4158 471 4222 Vulgoarqeuts'malta
482 4157 584 4215 talama
616 4156 762 4218 scripserunt
780 4157 883 4206 πάθηθ’
922 4157 1044 4219 Equidem
1066 4173 1122 4206 cum

76 4224 162 4284 dequo
170 4223 284 4271 Mnretns
289 4219 476 4272 Vei-‚Lectxvi
484 4220 506 4270 8.
518 4218 585 4268 “l'uit
617 4219 716 4270 Murato
727 4221 862 4285 pamma
874 4220 914 4270 bic
927 4221 1055 4283 legendum
1070 4235 1122 4271 tua·

76 4287 137 4335 baec
156 4287 241 4348 paullo
260 4301 334 4349 supra
350 4291 456 4336 nostrum
478 4288 584 4334 aetatm
617 4283 696 4334 serim.

77 4351 107 4399 ab
121 4348 261 4400 hominibus
276 4349 403 4401 ineruditis
421 4347 518 4398 invecta
529 4347 584 4398 scri-
