2878 4772
302 232 397 298 LlB.
422 231 587 300 xxvffl.
622 231 734 298 CAP.
758 237 789 298 5.
1004 239 1069 300 405

9 368 163 456 quinque
188 381 222 434 et
243 369 357 457 viginti
380 371 636 458 quinqueremes,
659 371 764 459 regiae
787 371 930 459 quinque
954 384 988 438 et
1011 373 1154 438 tri-uc.
1170 395 1226 448 545·

9 455 400 606 eurr
414 448 1107 622 ,triumuiratum
1122 448 1152 498 ⁰·

9 629 82 713 ipse
100 626 343 692 Demetriadem
363 626 405 691 ad
424 650 509 693 mare
516 565 714 694 pdescendit:
738 629 893 694 Larissam
916 631 1002 695 diem
1024 631 1066 695 ad

9 713 275 778 conveniendum
297 713 451 778 exercitui
473 714 584 779 edixit
630 714 785 802 Undique
807 717 847 780 ab
867 717 959 782 sociis
980 716 1066 803 lega·

9 799 121 863 tiones
145 797 386 863 Demetriadem
409 798 451 862 ad
473 799 588 864 famam
611 801 694 888 regis
716 815 942 866 convenenmt
990 801 1067 867 Sus-

9 884 157 950 tulerant
178 884 264 948 enim
287 884 408 949 animos
423 885 542 964 Aetoli,
558 909 658 973 quum
678 888 718 951 ab
738 887 886 952 Romana
904 887 1064 966 societate,

9 985 84 1036 tum
171 981 183 1034 t
206 969 309 1034 Attali
333 969 516 1049 adventum,
540 973 754 1072 finitimosque
780 972 1063 1060 depopulabantur.

9 1056 89 1122 Nec
135 1077 287 1121 eumenes
301 1055 404 1120 solum
416 1057 605 1144 Boeotique,
618 1070 650 1122 et
661 1081 718 1144 qui
731 1057 895 1122 Euboeam
910 1058 1064 1136 incolunt,

9 1143 47 1206 in
72 1165 190 1228 magno
216 1155 304 1206 metu
330 1155 439 1208 erant:
472 1143 531 1208 sed
557 1143 679 1208 Achaei
703 1165 841 1231 quoque,
865 1166 945 1231 quos
970 1167 1066 1232 super

9 1228 203 1294 Aetolicum
240 1227 359 1293 bellum
396 1228 606 1294 Machanidas
649 1230 754 1306 etiam,
792 1229 1064 1296 Lacedaemonius

9 1329 182 1402 tyrannus,
197 1314 285 1378 haud
305 1314 416 1400 procul
436 1313 628 1402 Argivorum
651 1315 716 1379 fine
736 1316 846 1401 positis
868 1316 985 1394 castris,
1001 1329 1065 1381 ter·

9 1401 115 1464 rebat
159 1399 205 1464 Hi
220 1421 331 1464 omnes
345 1401 409 1464 suia
423 1402 558 1488 quisque
573 1400 712 1477 urbibus,
729 1423 811 1487 quae
826 1402 967 1488 pericula
981 1415 1065 1466 terra

9 1483 705 1637 attentandunuuu
726 1487 844 1637 uu
864 1509 1064 1638 netu

9 1680 85 1722 res:
103 1669 137 1720 et
150 1594 646 1746 Scerdilaegdnumthebratupdque
658 1596 761 1724 modos
770 1597 892 1737 &ppt
901 1595 1065 1724 'll'hraculld

10 1744 157 1808 maxime
173 1742 317 1820 Maedos,
333 1745 462 1831 siquod
479 1745 690 1832 longinquum
706 1743 826 1810 bellum
847 1769 954 1833 regem
970 1768 1064 1811 occu-

10 1842 133 1932 passet,
148 1830 292 1979 proxcima
307 1829 515 1980 Macedouipie
531 1831 717 1980 iqqprsuros.
725 1831 870 1981 uhogo&
885 1831 1016 1981 quidem
1030 1844 1063 1982 {t
1073 1849 1215 1962 fflffi.

11 1929 548 2102 hbtgdlslheesfatlddsoedbearthhluitbr,
566 1939 809 2102 folhllihlloque
832 1931 1002 2067 insdeldlildi
1008 1940 1064 2067 uad
1072 1982 1178 2090 {ffi‘

11 2085 1065 2259 ittlhlhtlfflttftgtltrlttttthltttllt

12 2257 201 2324 circumfusi
220 2271 374 2344 poterant
420 2258 612 2346 Legationes
627 2259 772 2337 dimittit,
787 2258 955 2346 pollicitus,
971 2273 1065 2348 prout

13 2360 147 2430 tempus
161 2366 197 2408 ac
211 2365 261 2408 rea
274 2365 308 2408 sc
323 2344 422 2422 daret,
438 2344 585 2410 omnihus
604 2343 742 2410 laturum
763 2368 796 2410 se
817 2344 980 2411 auxilium.
1025 2345 1066 2410 In

13 2429 206 2520 praesentia,
229 2451 311 2515 quae
337 2431 475 2496 maxime
498 2431 630 2517 urgebat
652 2453 712 2508 res,
737 2430 952 2518 Peparethum
975 2454 1067 2520 prae·

13 2516 137 2584 sidium
151 2515 222 2580 urbi
237 2515 355 2593 mittit3
378 2516 465 2581 unde
480 2516 610 2582 allatum
624 2529 702 2594 erat,
715 2516 870 2594 Attalum,
886 2519 925 2583 ab
940 2517 1066 2583 Lemno

14 2604 118 2669 classe
134 2601 322 2679 transmissa,
334 2623 462 2667 onmem
477 2603 560 2668 circa
573 2604 685 2668 urbem
701 2626 812 2690 agrum
827 2603 868 2667 de
891 2605 1063 2691 opulatum

15 2687 256 2774 Polyphantam
275 2711 349 2752 cum
369 2688 494 2753 modica
513 2710 610 2754 manu
627 2690 662 2753 iu
680 2688 856 2766 Boeotiam,
869 2627 965 2755 ltleni
988 2713 1066 2779 pum

15 2777 99 2840 item
115 2774 274 2861 quendam
290 2798 331 2875 ea
349 2775 444 2874 regiis
458 2774 592 2841 ducibus
611 2799 684 2874 curn
705 2776 792 2840 mille
809 2775 951 2876 peltastis
965 2713 1067 2878 ppelm

15 2859 913 3034 nnattauhuntheutrum
927 2862 1067 3032 ,titt

16 2973 95 3122 lpse
114 3033 292 3098 Scotussam
307 3046 354 3097 est
367 3033 545 3120 profectus:
570 3031 746 3118 eodemque
762 3032 802 3095 ab
817 3031 942 3096 Larissa
956 3031 1067 3096 Mace·

16 3123 142 3186 donum
157 3142 195 3184 co
218 3119 263 3183 ias
278 3118 402 3184 traduci
417 3119 514 3182 iussit.
562 3117 611 3181 Eo
626 3117 807 3181 nuntiatum
822 3130 879 3194 cst,
896 3116 1067 3182 concilium

16 3203 148 3274 Aetolis
204 3204 358 3270 eracleam
380 3202 545 3280 indictum,
564 3203 735 3290 regemque
751 3201 907 3280 Attalum,
928 3201 969 3266 ad
990 3225 1067 3267 con·

17 3289 205 3358 sultaudum
223 3291 265 3356 dc
285 3313 408 3355 summa
429 3289 514 3367 belli,
529 3302 706 3354 venturum.
753 3286 853 3353 Hunc
874 3301 1066 3353 conventum

19 3391 60 3443 ut
84 3378 222 3442 turbaret
243 3377 348 3442 subito
372 3374 521 3453 adventu,
544 3375 668 3461 magnis
690 3374 855 3439 itineribus
877 3373 1066 3439 Heracleam

58 3603 72 3651 3
94 3589 260 3650 Peparethum
288 3588 441 3650 praesidium
472 3587 529 3635 arbi
561 3585 664 3634 formam
681 3589 786 3647 spectat,
802 3585 874 3647 plura
891 3585 923 3634 de
940 3585 1009 3648 pelta
1024 3585 1066 3634 ha·

19 3654 110 3714 mittit]
123 3651 202 3700 Mittit
212 3651 238 3698 in
246 3650 351 3700 insiliam
362 3650 528 3713 Peparethum
561 3650 621 3698 bent
641 3649 779 3710 scriptores,
796 3663 877 3709 neque
897 3654 981 3697 tamen
1000 3649 1066 3710 quic-

20 3715 172 3782 praesidium
198 3715 261 3775 urbi,
288 3729 352 3777 quae
379 3730 392 3763 e
440 3713 529 3762 ominis
560 3727 634 3776 quam
650 3711 709 3761 satis
725 3717 828 3770 certatur,
843 3711 901 3774 quia
916 3727 1006 3774 nempe
1023 3727 1066 3774 pro

20 3787 78 3832 erat
88 3779 132 3841 ipsi
142 3779 244 3828 insulae.
277 3779 394 3828 ceterum
419 3777 528 3826 ocuahic
560 3775 786 3838 diversisgeutibus
799 3775 943 3824 eimtonna
957 3775 1066 3826 variavit.

20 3843 218 3905 comptissimus
251 3846 311 3893 erat.
361 3841 530 3890 Emendavcre
562 3840 635 3890 Pelta
647 3840 835 3890 diciturlouata
848 3841 916 3902 apud
928 3839 1066 3902 Virgilium.

21 3910 107 3971 Sigon.
126 3913 151 3956 et
172 3907 250 3956 Gron.
269 3921 300 3956 ax
318 3905 423 3968 Polybio
444 3921 470 3954 x.
490 3919 529 3970 39.
562 3903 614 3954 Alii
632 3919 687 3953 eam
705 3905 844 3964 rotundam,
866 3903 909 3952 alii
931 3919 987 3954 vero
1008 3921 1066 3968 qua·

21 3976 107 4026 Gerr.
562 3967 894 4030 drangulamfuissevolunt.
916 3969 1067 4018 Caetrama-

58 4036 161 4096 4Prlta
187 4041 285 4084 caetrae
311 4034 381 4082 haud
406 4033 530 4082 dissimilia
561 4032 875 4096 gisusiHispemetAffi:
889 4031 1069 4094 pettaunect,

21 4101 74 4158 est]
92 4099 204 4160 clypeoli
220 4097 288 4146 fuere
304 4098 379 4156 leves,
390 4097 529 4157 brevesque.
562 4095 720 4155 Macedones,
729 4095 843 4145 Thraces
867 4095 1068 4144 Interdumhaec

23 4166 144 4214 caetrae
161 4161 226 4210 corio
242 4162 293 4210 t’cre
309 4159 441 4222 filitqnod
456 4159 530 4206 inter·
562 4159 662 4208 nomina
688 4160 756 4223 apud
780 4160 908 4223 scriptores
931 4159 1072 4221 promiscue

23 4229 86 4276 dum
104 4225 181 4273 nervis
198 4225 410 4282 intertexebatun
424 4228 453 4270 at
468 4221 531 4270 nihil
562 4229 717 4284 usurpantur.
734 4224 815 4273 cmv.
1033 4281 1039 4292 ·

23 4289 131 4340 habebat
146 4287 214 4350 ligni,
227 4301 307 4349 neque
322 4286 384 4336 t'erri.
418 4286 490 4335 Idem
507 4291 532 4334 et
597 4287 730 4348 simulas
739 4288 838 4348 portes]
859 4285 984 4341 Euboeae,
1001 4297 1074 4333 emus.

25 4355 60 4404 de
81 4352 147 4414 pelta
167 4349 283 4414 suspicari
304 4350 371 4402 huet.
405 4351 481 4408 Quod
500 4351 532 4398 ud
564 4351 622 4398 urbs
633 4349 795 4400 chalcosma
806 4353 888 4410 caput.
905 4347 986 4396 (laur.
