2966 4778
368 173 409 233 98
757 165 870 234 ΤΙΤΙ
899 167 1035 234 LIVII

213 315 247 365 U.
260 317 289 366 c.
305 303 409 380 mend
424 323 494 368 eam
509 302 594 368 diem
609 303 690 368 nihil
709 319 835 391 praeter
853 321 1084 371 sacramentum
1099 305 1219 381 fixeram
1242 316 1287 382 et,
1303 305 1363 370 ubi
1383 304 1439 379 ado

205 382 243 430 Α
259 382 288 429 ⁰·
306 382 360 432 ²¹⁶·
368 389 567 455 decuriatum
593 406 648 455 aut
672 391 884 456 centuriatum
914 392 1144 468 conveniaeent,
1169 414 1227 456 sua
1257 389 1421 454 voluntate

369 477 430 562 ipsi
449 476 533 541 inter
553 497 586 540 se
610 477 733 564 equites
754 476 918 556 decuriati,
937 478 1106 542 centuriati
1128 477 1252 564 pedites
1274 477 1421 541 coniura-

368 563 458 639 bant,
468 585 536 628 sese
550 562 644 648 fugae
659 576 754 650 atque
770 563 947 628 formidinis
964 587 1040 650 ergo
1057 586 1122 628 non
1146 562 1300 640 abituros,
1317 585 1421 648 neque

369 671 410 713 ex
426 647 536 712 ordine
551 671 737 726 recessuros,
758 649 818 713 nisi
834 649 890 714 teli
910 650 1067 727 sumendi,
1082 662 1139 714 aut
1155 649 1301 736 petendi,
1321 661 1356 713 et
1371 663 1421 712 aut

368 734 468 799 hostis
484 734 629 812 feriendi,
645 748 700 800 aut
719 735 797 800 civis
816 736 961 800 servandi
981 759 1082 800 causa.
1125 733 1165 799 Id
1184 758 1225 799 ex
1240 733 1421 798 voluntario

368 821 452 885 inter
477 821 561 908 ipsos
585 821 713 886 foedere
739 844 758 885 a
783 821 917 887 tribunis
946 823 987 886 ad
1016 821 1190 910 legiu'mam
1216 820 1422 886 iurisiurandi

368 906 567 972 adactionem
582 908 776 972 trarrslatum.

414 993 604 1072 Conciones,
623 994 807 1080 priusquam
831 995 871 1059 ab
896 995 972 1059 urbe
996 995 1087 1081 signa
1109 1007 1327 1071 moverentur,
1348 1017 1423 1060 con·

368 1079 445 1143 aulis
459 1079 612 1145 Varronis
631 1080 749 1146 multae
769 1103 805 1144 ac
823 1081 943 1144 feroces
956 1080 1055 1157 fuere,
1071 1081 1312 1158 denuntiantes,
1338 1081 1439 1144 ‘bel-r

370 1164 456 1228 ‘lum
475 1166 656 1230 arcessitum
677 1167 711 1229 iu
731 1165 856 1230 Italiam
876 1167 917 1232 ab
930 1166 1099 1243 nobilibus,
1115 1189 1371 1254 mansurumque
1391 1167 1423 1230 in

370 1250 561 1316 ‘visceribus
585 1253 787 1338 reipublicae,
810 1252 836 1316 si
861 1251 968 1339 plures
992 1252 1105 1319 Fabios
1130 1251 1345 1340 imperatores
1369 1252 1424 1316 ha·

370 1337 480 1404 ‘beret
488 1362 497 1414 ;
514 1360 557 1414 se,
570 1361 635 1424 quo
649 1337 702 1402 die
717 1338 840 1404 hostem
852 1337 989 1416 vidisset,
1001 1339 1235 1426 perfecturum!
1269 1337 1423 1426 Collegae

369 1423 437 1488 eius
452 1423 556 1488 Paulli
572 1447 645 1502 una,
660 1424 763 1512 pridie
779 1447 875 1511 quam
890 1448 931 1489 ex
946 1426 1023 1490 urbe
1042 1425 1333 1512 proficiscerentur,
1350 1448 1423 1488 con·

369 1511 419 1574 cio
432 1510 494 1574 tuit
507 1510 619 1588 verior,
636 1533 731 1596 quam
752 1512 871 1598 gratior
889 1512 1097 1598 populoque
1114 1510 1195 1574 nihil
1210 1509 1424 1575 inclementer

368 1595 403 1658 in
418 1594 595 1660 Varronem
613 1595 745 1674 dictum,
761 1596 821 1660 nisi
844 1595 878 1660 id
900 1597 1015 1662 modo:
1041 1596 1175 1662 ‘Mirari
1196 1619 1240 1672 se,
1258 1597 1424 1682 quomodo

370 1681 462 1766 ‘quia
485 1681 563 1758 dux,
582 1683 766 1770 priusquam
791 1695 846 1747 aut
868 1705 971 1758 auum,
992 1697 1047 1748 aut
1069 1683 1208 1747 hostium
1231 1683 1424 1758 exercitum,

270 1771 272 1778 ’
370 1765 530 1830 ‘locorum
546 1767 651 1846 situm,
667 1783 812 1833 naturam
828 1768 966 1854 regionis
980 1781 1095 1846 nosset,
1112 1769 1175 1833 iam
1190 1791 1279 1832 nunc
1294 1781 1441 1919 toggtusz

260 2726 311 2786 39.

212 2937 272 2984 lum.

369 1852 426 1916 ‘in
443 1852 521 1916 urbe
542 1854 645 1930 sciret,
661 1877 743 1940 quae
764 1855 823 1919 sibi
843 1855 967 1941 agenda
986 1868 1106 1919 armato
1128 1853 1251 1930 forent3
1277 1867 1313 1918 et
1365 1857 1424 1920 ‘em

369 1946 518 2026 ‘quoque
541 1940 721 2026 praedicere
744 1953 858 2027 posset,
880 1963 945 2026 qua
967 1964 1041 2006 cum
1064 1939 1154 2005 hoste
1177 1939 1277 2028 signis
1300 1941 1425 2006 collatis

369 2032 476 2089 ‘esset
493 2025 706 2091 dimicaturus.
755 2025 806 2103 Se,
823 2049 904 2112 quae
924 2027 1056 2092 consilia
1075 2026 1174 2114 magis
1193 2048 1242 2091 res
1263 2025 1348 2092 dent
1370 2027 1426 2092 ho-

369 2111 538 2189 ‘minibus
555 2135 651 2198 qnam
671 2112 817 2176 homines
836 2113 939 2189 rebus,
954 2136 993 2178 ea
1012 2127 1085 2177 ante
1107 2127 1231 2199 tempus
1250 2111 1426 2178 immatura
1477 2179 1478 2192 ,

369 2203 455 2262 ‘non
470 2211 722 2286 praecepturum.
756 2197 888 2285 Optare,
901 2211 945 2274 ut,
959 2222 1040 2286 quae
1056 2211 1148 2263 caute
1163 2211 1259 2285 atque
1275 2199 1424 2264 consulte

370 2291 479 2369 ‘gesta
493 2297 608 2361 essent,
620 2284 695 2350 satis
709 2306 858 2372 prospere
870 2285 1042 2350 evenirent.
1074 2283 1315 2362 Temeritatem,
1334 2308 1425 2372 prae·

370 2377 536 2454 ‘terquam
558 2370 645 2455 quod
670 2369 766 2434 stulta
787 2370 837 2447 sit,
859 2369 1018 2435 infelicem
1041 2371 1137 2435 etiam
1154 2369 1196 2434 ad
1219 2369 1254 2434 id
1277 2370 1426 2436 locorum
1476 2443 1477 2446 Ἴ

370 2453 506 2518 ‘fuisse’
549 2453 589 2518 Id
611 2477 668 2518 sua
686 2468 798 2541 sponte
819 2457 999 2542 apparebat,
1016 2470 1086 2522 tuta
1106 2455 1260 2521 celeribus
1280 2459 1443 2522 consiliist
1476 2457 1477 2520 l

369 2540 641 2688 praepositarum:
666 2555 708 2617 et,
724 2564 789 2627 quo
803 2540 837 2605 id
852 2543 1047 2607 constantius
1103 2554 1284 2618 rseveraret,
1303 2541 1350 2617 Q.
1366 2543 1442 2608 Fan

392 2625 441 2688 ius
457 2625 619 2690 Maximus
634 2626 679 2690 sic
694 2649 768 2691 eum
782 2627 1035 2714 proficiscentem
1050 2651 1069 2692 a
1081 2627 1204 2692 locutus
1217 2627 1339 2693 fertur:

416 2710 471 2774 ‘Si
485 2723 541 2775 aut
555 2709 717 2797 collegam,
728 2712 762 2776 id
773 2713 861 2800 quod
872 2713 1008 2792 mallem,
1022 2713 1069 2779 tui
1081 2713 1225 2788 similem,
1236 2711 1274 2778 L.
1287 2714 1424 2792 Aemili,
1475 2751 1476 2766 π

213 2807 358 2882 ntonetFa-
372 2796 534 2874 ‘haberes
559 2810 614 2860 aut
637 2811 673 2860 tu
695 2797 834 2885 collegae
859 2799 906 2863 tui
932 2799 1042 2864 similis
1068 2823 1160 2877 esses,
1187 2821 1425 2886 supervacanea

211 2872 351 2920 ΝΜ·
372 2891 475 2948 ‘easct
495 2882 596 2947 oratio
611 2904 689 2947 mea
737 2883 823 2948 Nam
845 2898 878 2949 et
895 2884 960 2964 duo
981 2885 1057 2950 boni
1078 2884 1233 2962 consules,
1247 2885 1352 2950 etiam
1374 2911 1441 2957 mes

371 2969 565 3045 ‘indicente,
581 2969 688 3032 omnia
702 2993 720 3033 e
736 2969 898 3057 republica
912 2970 975 3035 fide
990 2985 1092 3036 vestra
1106 2970 1269 3035 faceretis:
1293 2985 1337 3042 et
1349 2975 1442 3038 malie

371 3065 452 3119 ‘nec
474 3079 546 3120 mea
566 3055 662 3119 verba
683 3055 811 3119 auribus
830 3057 950 3134 vestris,
968 3079 1029 3122 nec
1052 3057 1183 3122 consilia
1201 3057 1317 3122 animis
1342 3061 1424 3124 acci·

362 3142 515 3229 ‘peratis
562 3140 660 3206 Nunc
680 3153 714 3205 et
732 3139 885 3227 collegam
906 3155 996 3206 tuum
1020 3156 1053 3209 et
1074 3155 1105 3207 te
1128 3141 1224 3208 talem
1243 3143 1353 3208 virum
1378 3147 1421 3210 in-

371 3337 877 3463 sectemur]
909 3335 1423 3472 ,staturianum
1473 3373 1474 3422 r

370 3473 476 3524 oecutus,
493 3464 695 3527 praepositionem
712 3465 746 3512 od
761 3463 836 3521 delet,
851 3467 877 3511 et
909 3461 976 3510 dicer
986 3463 1111 3511 exhibent.

370 3529 459 3591 supina
477 3528 597 3590 passivam
615 3527 663 3576 rim
681 3527 770 3575 habere
787 3531 878 3586 cenam,
943 3527 1422 3588 31druaapontoappmbat113tm

370 3607 403 3642 sc.
414 3600 443 3640 ut
453 3594 642 3640 dominarentur
703 3592 747 3638 iles
762 3597 807 3638 aut
823 3605 877 3640 oen-
1004 3605 1035 3636 ex
1044 3589 1302 3638 coniectur.Gronorii
1313 3595 1424 3655 reposuit

370 3659 526 3705 artarentur
534 3656 634 3716 pedites.
656 3605 779 3714 wearing.
791 3653 879 3714 supina
909 3596 1017 3701 mili.
1472 3595 1473 3685 l

371 3719 450 3767 active
469 3719 548 3775 vertit,
566 3733 599 3766 se.
616 3725 645 3765 ut
661 3719 816 3766 dormierant
834 3723 879 3764 aut
943 3718 1007 3776 4111
1021 3718 1172 3765 mmtantim
1185 3721 1373 3780 mma]
1393 3719 1422 3768 et

371 3784 539 3831 oenturtamtt
546 3782 740 3829 militasti-lbani.
761 3781 877 3829 Oetenun
910 3779 963 3829 cie.
977 3795 1022 3842 pro
1035 3779 1137 3837 Quinct.
1151 3795 1189 3841 ²4·
1203 3797 1283 3843 moue
1299 3789 1324 3831 to
1341 3785 1423 3846 ipen

372 3844 576 3906 praepositionem
593 3845 627 3891 od
640 3849 779 3892 constanter
793 3859 878 3892 omnes
909 3845 953 3892 td.
966 3879 972 3892 .
984 3880 990 3892 .
1000 3860 1158 3906 paraveram
1166 3846 1282 3905 potuim

373 3908 560 3956 coddtuentur,
594 3907 671 3954 Haud
685 3907 735 3954 scio
749 3923 780 3956 an
797 3909 878 3970 legen-
943 3909 1249 3970 5Etiommolndioente]
1268 3909 1379 3958 Menon
1390 3911 1423 3959 di·

372 3973 432 4019 ‹lum
443 3971 474 4018 sit
485 3979 529 4020 ortt
539 3972 682 4021 decuriodm
696 3977 741 4018 out
756 3973 878 4020 ermric-
911 3976 990 4030 cente,
1000 3975 1105 4019 tacente.
1128 3971 1238 4020 Verbum
1250 3973 1377 4024 indicetne
1388 3991 1422 4022 ra-

372 4037 422 4084 tim.
445 4035 476 4084 os.
488 4033 540 4084 Cic.
552 4035 584 4083 de
595 4035 625 4083 B.
637 4035 690 4083 Cir.
706 4034 722 4083 i.
737 4032 773 4096 76.
795 4043 878 4083 aento-
910 4033 1031 4082 rissimam
1046 4040 1097 4083 est:
1116 4050 1146 4082 eo
1157 4040 1239 4082 tamma
1253 4050 1314 4084 unu
1324 4045 1365 4086 eat
1376 4039 1422 4086 Te

371 4101 454 4149 rtatim
463 4101 576 4161 moduni
586 4099 673 4154 milites
683 4100 745 4148 idem
756 4100 849 4147 laram.
910 4097 1002 4146 rentius
1015 4098 1040 4145 in
1052 4098 1158 4160 Adelph.
1170 4099 1226 4145 Act
1238 4097 1271 4146 iii.
1284 4099 1325 4149 Se.
1339 4116 1364 4164 5.
1376 4119 1423 4152 aaa

405 4177 416 4210 r
432 4164 627 4221 Denuntlantes]
646 4161 717 4210 Unus
727 4161 830 4210 Hearnii
839 4176 878 4209 co-
910 4177 948 4211 πω
958 4158 1078 4210 lndt'oente
1089 4162 1229 4224 hueofirmt.

372 4227 429 4285 dex,
439 4227 627 4288 mundantis:
648 4225 713 4287 quod
729 4230 878 4288 anteponen—
942 4223 959 4272 6
974 4227 1000 4272 Ε
1010 4225 1193 4286 reptdllcafide
1204 4228 1298 4288 mm]
1312 4227 1423 4294 Hacque
1469 4225 1470 4228 ’

372 4289 439 4338 dum.
457 4290 537 4339 Cnav.
911 4295 991 4336 restro
1002 4288 1133 4349 legendum
1144 4289 1230 4337 suadet
1243 4289 1358 4342 Periaon.
