2874 4772
321 226 416 293 LIB.
440 225 586 293 XXVII.
618 217 728 293 c‘AP.
753 233 782 294 6.
1009 232 1071 298 347

27 374 122 428 sorte
135 385 226 450 praer
286 364 350 429 tiva
366 377 442 442 erat,
460 364 501 440 Q.
514 365 660 430 Fulvium
675 379 707 430 et
725 365 766 441 Q.
780 364 912 430 Fabium
930 367 1075 432 consules
1084 383 1118 433 u.
1129 382 1160 432 c.
1176 393 1232 444 54²·

4 448 170 529 sdixerat,
279 473 375 539 mque
403 452 471 516 iure
500 465 626 518 vocatae
655 450 866 530 inclinassent,
892 453 927 518 ni
956 453 1075 518 tribuni
1083 449 1114 498 A.
1131 449 1161 499 ⁰·
1177 463 1232 500 ²¹0·

27 535 138 622 plebis
168 535 206 602 C.
223 551 256 603 et
281 537 319 602 L
337 538 471 604 Arennii
497 561 529 604 se
555 538 830 626 interposuissent:
861 540 927 626 qui,
951 549 1074 627 ‘neque

3 631 42 682 6‘
54 645 89 686 m
134 623 273 690 'tratum
302 625 479 690 continuari
508 627 582 690 satis
609 624 701 690 civile
729 627 816 704 esse,'
844 625 987 703 aiebant3
1024 635 1076 692 ‘et

28 645 159 774 ‘militm
180 709 328 777 foedioris
349 711 496 799 exempli,
518 733 592 777 eum
616 711 719 798 ipsum
739 713 848 790 creari,
870 713 927 799 qui
948 712 1076 778 comitia

29 795 194 862 ‘haberet
239 797 362 886 ltaque,
385 799 411 864 si
436 819 527 863 suum
551 820 669 864 nomen
693 797 827 863 dictator
853 799 1017 886 acciperet,
1040 823 1073 865 se

28 883 191 950 ‘comitiis
219 884 455 950 intercessuros:
491 886 517 950 si
546 885 689 963 aliorum,
717 897 937 972 praeterquam
965 885 1073 972 ipsius,

28 970 139 1034 ‘ratio
159 970 333 1050 baberetur,
349 972 483 1036 comitiis
498 993 531 1037 se
552 994 669 1037 moram
684 995 750 1036 non
763 972 886 1036 facere!
928 970 1075 1038 Dictator

26 1079 161 1122 causam
176 1059 375 1125 comitiorum
386 1059 570 1124 auctoritate
585 1073 719 1136 senatus,
731 1058 905 1146 plebiscito,
921 1079 1013 1124 exem
1036 1059 1074 1124 lis

26 1144 203 1210 tutabatur.
250 1145 427 1232 ‘Namque,
450 1144 511 1210 Cn.
527 1144 659 1210 Servilio
679 1145 816 1223 consule,
834 1167 934 1232 quum
950 1144 989 1211 C.
1040 1167 1073 1210 a·

28 1230 174 1296 ‘minius
188 1231 267 1297 alter
286 1232 395 1298 consul
414 1232 456 1296 ad
475 1231 695 1296 Trasimenum
715 1230 888 1310 cecidisset,
904 1254 945 1296 ex
965 1245 1074 1298 aucto-

28 1316 147 1382 ‘ritate
169 1317 299 1383 Petrum
321 1318 363 1383 ad
383 1318 507 1407 plebem
529 1318 638 1396 latum,
660 1318 848 1406 plebemque
868 1319 1003 1396 scivisse,
1026 1331 1071 1396 ut,

28 1403 163 1490 ‘quoad
178 1404 296 1469 bellum
310 1405 345 1468 in
359 1405 451 1470 Italia
468 1418 558 1482 esset,
574 1427 614 1469 ex
633 1405 681 1482 iis,
720 1405 753 1470 ui
773 1404 917 1470 consules
930 1405 1070 1483 fuissent,

26 1499 41 1528 ‘
51 1513 135 1576 quos
148 1493 313 1578 etquoties
326 1491 430 1571 vellet,
443 1491 605 1557 reficiendi
616 1428 759 1557 consriles
774 1491 892 1579 populo
906 1493 955 1556 ius
970 1506 1069 1557 essetr

28 1585 146 1642 “exem
170 1577 299 1665 lumque
322 1601 391 1644 eam
410 1579 445 1643 in
465 1601 532 1644 rem
553 1601 587 1644 se
605 1577 721 1644 babere
744 1592 835 1643 vetus
860 1578 901 1643 L.
914 1578 1071 1644 Postumii

25 1672 40 1703 ‘
52 1601 198 1751 Megelli,
224 1665 280 1752 qui
307 1665 447 1731 interrex
475 1666 513 1730 iis
536 1664 679 1743 comitiis,
702 1687 782 1753 quae
808 1665 875 1752 ipse
901 1665 1069 1744 habuisset,

26 1750 163 1815 ‘consul
186 1773 258 1816 cum
283 1750 321 1817 C.
338 1751 432 1816 lunio
454 1751 598 1818 Bubulco
620 1765 741 1818 creatus
763 1765 863 1830 esset3
893 1773 1003 1818 recens
1026 1753 1068 1828 Q.

27 1846 39 1876 ‘
52 1835 153 1914 Fabii,
166 1839 221 1924 qui
237 1839 297 1904 sibi
311 1839 488 1904 continuari
502 1838 709 1916 consulatum,
721 1838 782 1902 nisi
796 1838 831 1902 id
844 1839 928 1904 bono
942 1839 1070 1927 publico

27 1923 155 2001 ‘fieret
173 1925 313 2012 proiecto
334 1947 497 2012 nunquam
519 1925 626 1990 sisset’
670 1924 731 1989 His
752 1925 944 1991 orationibus
969 1947 1070 2012 quum

24 2010 90 2074 diu
105 2023 256 2076 certatum
274 2025 364 2091 esset,
379 2025 536 2099 postremo
555 2013 601 2075 ita
618 2011 702 2075 inter
720 2010 904 2077 dictatorem
918 2033 955 2076 ac
970 2012 1071 2076 tribu-

24 2119 91 2162 nos
119 2099 274 2178 convenit,
305 2111 341 2163 ut
368 2121 417 2176 eo,
447 2098 534 2186 quod
562 2097 733 2162 censuisset
761 2109 895 2176 senatau,
925 2109 1067 2164 staretur.

25 2183 179 2249 Patribus
194 2185 226 2250 id
242 2197 366 2272 tempus
380 2184 570 2272 reipublicae
584 2183 686 2248 visum
700 2195 757 2260 est,
772 2196 809 2248 ut
863 2207 880 2248 r
893 2197 1023 2263 veteres,
1036 2198 1070 2250 et

25 2281 187 2356 expertos,
203 2271 341 2360 bellique
359 2272 475 2372 peritos
490 2271 691 2360 imperatores
710 2271 825 2358 respub
838 2271 885 2335 'ca
898 2285 1067 2358 gereretur.

25 2357 145 2442 Itaque
165 2379 282 2422 moram
303 2358 370 2422 fien
390 2357 524 2422 comitiis
546 2379 611 2422 non
632 2355 764 2444 placere.
811 2355 1069 2424 concedentibus

25 2443 174 2520 tribunis,
204 2445 331 2510 comitia
359 2444 474 2509 habita.
533 2443 692 2510 Declarati
721 2443 865 2509 consules
895 2445 937 2520 Q.
954 2443 1070 2510 Fabius

24 2529 193 2596 Maximus
204 2532 361 2632 quintum,
375 2532 416 2607 Q.
428 2530 556 2597 Fulvius
570 2530 700 2596 Flaccus
711 2545 865 2618 quartum.
904 2531 1069 2597 Praetores

22 2616 106 2682 inde
127 2629 231 2695 creati,
248 2617 285 2684 L.
300 2617 450 2683 Veturius
468 2618 571 2695 Philo,
587 2618 626 2682 Τ.
642 2617 812 2692 Quinctius
834 2617 1009 2706 Crispinus,
1028 2617 1066 2684 C.

23 2703 187 2769 Hostilius
216 2704 370 2781 Tubulus,
402 2704 441 2770 C.
458 2704 702 2770 Aurunculeius
763 2703 999 2792 Magistratibua
1033 2705 1068 2770 in

23 2813 149 2856 annum
165 2792 285 2869 creatis,
303 2791 343 2867 Q.
358 2790 485 2857 Fulvius
499 2793 654 2858 dictatura
664 2813 697 2856 se
713 2792 877 2857 abdicavit.

74 2876 226 2942 Extremo
248 2879 373 2943 aestatis
394 2878 487 2944 buius
509 2878 612 2944 classis
638 2878 759 2944 Punica
784 2879 911 2942 navium
933 2878 1068 2966 quadra·

21 2964 127 3052 ginta,
142 2987 216 3028 cum
230 2964 387 3052 praefecto
403 2964 582 3030 Hamilcare
602 2965 637 3028 iu
660 2963 835 3029 Sardiniam
851 2965 990 3041 traiecta,
1009 2964 1068 3029 Ol-

21 3052 169 3117 biensem
183 3051 295 3138 primo,
312 3051 396 3129 dein,
411 3064 577 3138 postquam
592 3049 636 3114 ibi
656 3049 692 3114 P.
706 3049 847 3114 Manlius
862 3048 962 3114 Vulso
976 3072 1068 3137 prae·

22 3153 79 3204 tor
92 3151 166 3201 cum
185 3139 326 3204 exercitu
345 3137 497 3225 apparuit,
512 3137 701 3201 circumacta
714 3135 788 3200 inde
809 3136 850 3200 ad
869 3135 1002 3200 alterum
1017 3137 1067 3200 in-

21 3223 114 3290 sulae
138 3224 230 3302 latus,
256 3224 471 3290 Caralitanum
497 3245 607 3310 agrum
631 3221 770 3298 vastavit,
795 3235 925 3286 etcum
950 3223 1067 3310 praeda

20 3310 131 3377 omnis
144 3312 268 3398 generis
279 3313 313 3375 in
329 3311 469 3376 Africam
484 3309 586 3374 rediit

73 3395 257 3462 Sacerdotes
278 3397 416 3462 Romani
430 3419 468 3462 eo
488 3419 571 3461 anno
593 3394 710 3460 mortui
730 3394 850 3482 aliquot
869 3395 1063 3483 suffectique.

23 3483 68 3548 C.
87 3481 237 3548 Servilius
259 3483 403 3573 pontifex
426 3483 527 3547 sactus
549 3481 711 3546 inlocum
737 3481 776 3546 T.
794 3481 922 3546 Otacilii
949 3479 1063 3547 Crassi.

2 3570 78 3636 rTi.
98 3568 302 3658 Sempronius
325 3570 375 3636 Ti.
388 3569 423 3635 F.
436 3569 566 3656 Longus
589 3591 689 3655 augur
713 3567 813 3632 factus
836 3569 869 3630 in
893 3567 997 3632 locum
1024 3568 1063 3635 Τ.

22 3655 158 3724 Otacilii
180 3654 294 3723 Crassi.
340 3656 510 3723 Decemvir
526 3655 603 3720 item
621 3655 715 3720 sacris
733 3653 887 3720 faciundis
903 3653 938 3718 in
959 3653 1064 3720 locum

61 3871 155 3930 5Iure
172 3870 283 3929 maa]
311 3869 341 3918 ct.
359 3869 429 3932 Supr.
448 3883 470 3917 v.
493 3867 528 3916 18.
561 3866 667 3929 aequb
688 3867 791 3916 eundem
813 3866 979 3929 mugientum
1000 3865 1064 3918 intra

17 3938 86 3986 Iure
96 3940 195 3983 nocuae
210 3933 318 3996 reliquae
332 3933 473 3981 dicebantur
489 3931 529 3979 tri·
561 3932 645 3981 decern
656 3947 732 3980 annos
742 3937 855 3994 caperet:
870 3933 935 3994 quod
946 3931 1011 3981 haud
1020 3933 1063 3982 du-

17 4002 79 4056 bus,
90 3997 142 4046 sive
156 3998 287 4058 centuriae,
298 4003 393 4072 praeter
406 4009 529 4058 praeroga·
561 3995 601 4044 bie
617 3997 738 4044 sublatum
756 3996 848 4056 fuisset,
865 3995 885 4044 si
902 3995 1064 4060 magistratus,

17 4063 111 4120 tivum,
128 4061 197 4110 ouius
212 4062 325 4124 suffiagto
342 4061 488 4118 renuntiato,
503 4059 529 4106 in
561 4060 743 4108 adictaturasd
752 4061 904 4108 consulatum
913 4062 1063 4121 transiturus,

17 4127 129 4176 eandem
148 4125 294 4175 autentim
313 4131 408 4175 ceterae
424 4124 529 4186 plerum·
562 4123 638 4172 cnivia
649 4123 803 4173 continuatus
813 4133 882 4174 asset.

17 4206 72 4254 que
83 4189 241 4239 inclinabant.
594 4200 607 4250 7
626 4191 660 4238 ii.
671 4190 828 4250 Sempronius
843 4224 850 4237 .
864 4223 907 4237 ...
925 4192 951 4238 Τ.
964 4189 1063 4236 Otacilii

58 4253 159 4302 6Setie
175 4256 257 4314 nate]
282 4269 314 4303 sc
330 4254 470 4316 congruum
488 4267 528 4301 se·
560 4253 655 4312 Ormei]
678 4251 749 4301 Haec
760 4255 833 4301 rerba
848 4252 951 4300 unciolis
966 4251 1064 4299 inclusit

17 4333 88 4382 quae
99 4317 163 4366 inter
173 4317 237 4368 cives
250 4317 363 4378 libertati,
373 4317 466 4381 quippe
476 4318 527 4379 ple·
561 4317 686 4366 Drakenb.
703 4331 778 4378 quum
796 4315 880 4364 lirina
895 4315 949 4364 infr.
965 4313 1008 4360 xli.
1025 4327 1063 4361 nr.

17 4381 112 4432 biscito
129 4397 185 4432 anu.
202 4383 236 4433 U.
247 4382 276 4434 G.
288 4398 315 4444 4¹
321 4397 341 4445 3.
354 4387 452 4432 cautum
468 4385 529 4442 erat,
561 4387 662 4430 mortem
674 4379 747 4428 huius
758 4376 940 4439 ttaempronii
951 4376 1064 4436 Merena,
