<?xml version="1.0" encoding="UTF-8"?>
<!DOCTYPE html PUBLIC "-//W3C//DTD XHTML 1.0 Transitional//EN"
    "http://www.w3.org/TR/xhtml1/DTD/xhtml1-transitional.dtd">
<html xmlns="http://www.w3.org/1999/xhtml" xml:lang="en" lang="en">
 <head>
  <title>
</title>
<meta http-equiv="Content-Type" content="text/html;charset=utf-8" />
  <meta name='ocr-system' content='tesseract 3.04.00' />
  <meta name='ocr-capabilities' content='ocr_page ocr_carea ocr_par ocr_line ocrx_word'/>
</head>
<body>
  <div class='ocr_page' id='page_1' title='image "./tliviipatavinih00kreygoog_0383.png"; bbox 0 0 2878 4772; ppageno 0'>
   <div class='ocr_carea' id='block_1_1' title="bbox 318 193 981 270">
    <p class='ocr_par' dir='ltr' id='par_1_1' title="bbox 318 193 981 270">
     <span class='ocr_line' id='line_1_1' title="bbox 318 193 981 270; baseline -0.009 -2"><span class='ocrx_word' id='word_1_1' title='bbox 318 205 381 270; x_wconf 80' lang='grc'>372</span> <span class='ocrx_word' id='word_1_2' title='bbox 700 194 814 261; x_wconf 88' lang='grc' dir='ltr'>ΤΙΤΙ</span> <span class='ocrx_word' id='word_1_3' title='bbox 842 193 981 262; x_wconf 91' lang='lat' dir='ltr'>LIVII</span> 
     </span>
    </p>
   </div>
   <div class='ocr_carea' id='block_1_2' title="bbox 107 328 1391 2315">
    <p class='ocr_par' dir='ltr' id='par_1_2' title="bbox 107 328 1391 1968">
     <span class='ocr_line' id='line_1_2' title="bbox 166 328 1378 420; baseline -0.014 -12"><span class='ocrx_word' id='word_1_4' title='bbox 166 345 201 395; x_wconf 84' lang='lat' dir='ltr'>U·</span> <span class='ocrx_word' id='word_1_5' title='bbox 213 346 243 396; x_wconf 81' lang='lat' dir='ltr'>C·</span> <span class='ocrx_word' id='word_1_6' title='bbox 259 359 313 408; x_wconf 82' lang='lat'><strong>544·</strong></span> <span class='ocrx_word' id='word_1_7' title='bbox 325 338 420 403; x_wconf 88' lang='lat' dir='ltr'>ambo</span> <span class='ocrx_word' id='word_1_8' title='bbox 441 334 596 413; x_wconf 88' lang='lat' dir='ltr'>consules,</span> <span class='ocrx_word' id='word_1_9' title='bbox 620 332 750 420; x_wconf 81' lang='lat' dir='ltr'>ingenio</span> <span class='ocrx_word' id='word_1_10' title='bbox 770 331 901 410; x_wconf 85' lang='lat' dir='ltr'>feroces,</span> <span class='ocrx_word' id='word_1_11' title='bbox 923 352 1023 418; x_wconf 88' lang='lat' dir='ltr'>prope</span> <span class='ocrx_word' id='word_1_12' title='bbox 1045 328 1195 416; x_wconf 76' lang='lat' dir='ltr'><strong>quotidie</strong></span> <span class='ocrx_word' id='word_1_13' title='bbox 1219 329 1259 392; x_wconf 90' lang='lat' dir='ltr'>in</span> <span class='ocrx_word' id='word_1_14' title='bbox 1283 329 1378 392; x_wconf 85' lang='lat' dir='ltr'>aciem</span> 
     </span>
     <span class='ocr_line' id='line_1_3' title="bbox 167 411 1377 524; baseline -0.009 -35"><span class='ocrx_word' id='word_1_15' title='bbox 167 412 198 522; x_wconf 54' lang='lat'>2·</span> <span class='ocrx_word' id='word_1_16' title='bbox 215 411 432 524; x_wconf 47' lang='lat' dir='ltr'>&amp;giorum</span> <span class='ocrx_word' id='word_1_17' title='bbox 456 421 544 486; x_wconf 92' lang='lat' dir='ltr'>haud</span> <span class='ocrx_word' id='word_1_18' title='bbox 558 419 656 486; x_wconf 90' lang='lat' dir='ltr'>dubia</span> <span class='ocrx_word' id='word_1_19' title='bbox 674 441 740 506; x_wconf 89' lang='lat' dir='ltr'>spe,</span> <span class='ocrx_word' id='word_1_20' title='bbox 755 418 782 482; x_wconf 88' lang='lat' dir='ltr'>si</span> <span class='ocrx_word' id='word_1_21' title='bbox 796 417 922 483; x_wconf 89' lang='lat' dir='ltr'>duobus</span> <span class='ocrx_word' id='word_1_22' title='bbox 943 415 1135 481; x_wconf 78' lang='lat' dir='ltr'><strong>exercitibus</strong></span> <span class='ocrx_word' id='word_1_23' title='bbox 1156 414 1377 480; x_wconf 84' lang='lat' dir='ltr'>consularibus</span> 
     </span>
     <span class='ocr_line' id='line_1_4' title="bbox 168 490 1376 600; baseline -0.01 -24"><span class='ocrx_word' id='word_1_24' title='bbox 168 490 441 600; x_wconf 55' lang='lat' dir='ltr'>,ssoafiffl&#39;iunctis</span> <span class='ocrx_word' id='word_1_25' title='bbox 455 507 661 574; x_wconf 81' lang='lat' dir='ltr'>commisisset</span> <span class='ocrx_word' id='word_1_26' title='bbox 675 527 742 569; x_wconf 91' lang='lat' dir='ltr'>sese</span> <span class='ocrx_word' id='word_1_27' title='bbox 762 504 870 582; x_wconf 88' lang='lat' dir='ltr'>hostis,</span> <span class='ocrx_word' id='word_1_28' title='bbox 885 502 1038 568; x_wconf 87' lang='lat' dir='ltr'>debellari</span> <span class='ocrx_word' id='word_1_29' title='bbox 1059 523 1162 588; x_wconf 86' lang='lat' dir='ltr'>posse.</span> <span class='ocrx_word' id='word_1_30' title='bbox 1213 500 1376 565; x_wconf 72' lang='lat' dir='ltr'><strong>Hannibal</strong></span> 
     </span>
     <span class='ocr_line' id='line_1_5' title="bbox 169 588 1376 684; baseline -0.01 -22"><span class='ocrx_word' id='word_1_31' title='bbox 169 601 315 650; x_wconf 72' lang='lat' dir='ltr'>Hannibali.</span> <span class='ocrx_word' id='word_1_32' title='bbox 326 597 402 684; x_wconf 89' lang='lat' dir='ltr'>quia</span> <span class='ocrx_word' id='word_1_33' title='bbox 421 617 494 660; x_wconf 92' lang='lat' dir='ltr'>cum</span> <span class='ocrx_word' id='word_1_34' title='bbox 512 591 667 658; x_wconf 89' lang='lat' dir='ltr'>Marcello</span> <span class='ocrx_word' id='word_1_35' title='bbox 689 591 738 657; x_wconf 91' lang='lat' dir='ltr'>bis</span> <span class='ocrx_word' id='word_1_36' title='bbox 760 591 866 677; x_wconf 88' lang='lat' dir='ltr'>priore</span> <span class='ocrx_word' id='word_1_37' title='bbox 888 611 973 654; x_wconf 89' lang='lat' dir='ltr'>anno</span> <span class='ocrx_word' id='word_1_38' title='bbox 990 611 1180 675; x_wconf 73' lang='lat' dir='ltr'>congreaeus</span> <span class='ocrx_word' id='word_1_39' title='bbox 1195 588 1325 652; x_wconf 81' lang='lat' dir='ltr'>vicerat</span> <span class='ocrx_word' id='word_1_40' title='bbox 1338 588 1376 650; x_wconf 69' lang='lat' dir='ltr'>ri·</span> 
     </span>
     <span class='ocr_line' id='line_1_6' title="bbox 107 669 1376 768; baseline -0.011 -18"><span class='ocrx_word' id='word_1_41' title='bbox 107 717 110 726; x_wconf 40' lang='lat' dir='ltr'>v</span> <span class='ocrx_word' id='word_1_42' title='bbox 217 669 268 729; x_wconf 74' lang='lat'>2⁶·</span> <span class='ocrx_word' id='word_1_43' title='bbox 327 696 460 768; x_wconf 91' lang='lat' dir='ltr'>ctusque</span> <span class='ocrx_word' id='word_1_44' title='bbox 485 695 562 756; x_wconf 89' lang='lat' dir='ltr'>erat,</span> <span class='ocrx_word' id='word_1_45' title='bbox 586 691 630 756; x_wconf 93' lang='lat' dir='ltr'>ut,</span> <span class='ocrx_word' id='word_1_46' title='bbox 655 700 727 742; x_wconf 92' lang='lat' dir='ltr'>cum</span> <span class='ocrx_word' id='word_1_47' title='bbox 753 676 867 741; x_wconf 89' lang='lat' dir='ltr'>eodem</span> <span class='ocrx_word' id='word_1_48' title='bbox 897 676 924 740; x_wconf 91' lang='lat' dir='ltr'>si</span> <span class='ocrx_word' id='word_1_49' title='bbox 949 673 1171 740; x_wconf 89' lang='lat' dir='ltr'>dimicandum</span> <span class='ocrx_word' id='word_1_50' title='bbox 1201 674 1302 752; x_wconf 81' lang='lat' dir='ltr'>foret,</span> <span class='ocrx_word' id='word_1_51' title='bbox 1325 697 1376 737; x_wconf 88' lang='lat' dir='ltr'>uec</span> 
     </span>
     <span class='ocr_line' id='line_1_7' title="bbox 326 759 1377 856; baseline -0.01 -23"><span class='ocrx_word' id='word_1_52' title='bbox 326 789 425 856; x_wconf 88' lang='lat' dir='ltr'>spem,</span> <span class='ocrx_word' id='word_1_53' title='bbox 446 789 507 832; x_wconf 88' lang='lat' dir='ltr'>nee</span> <span class='ocrx_word' id='word_1_54' title='bbox 527 777 648 829; x_wconf 86' lang='lat' dir='ltr'>metum</span> <span class='ocrx_word' id='word_1_55' title='bbox 662 787 703 828; x_wconf 88' lang='lat' dir='ltr'>ex</span> <span class='ocrx_word' id='word_1_56' title='bbox 718 785 800 827; x_wconf 84' lang='lat' dir='ltr'>vano</span> <span class='ocrx_word' id='word_1_57' title='bbox 820 763 969 837; x_wconf 84' lang='lat' dir='ltr'>haberet3</span> <span class='ocrx_word' id='word_1_58' title='bbox 991 761 1037 825; x_wconf 83' lang='lat' dir='ltr'>ita</span> <span class='ocrx_word' id='word_1_59' title='bbox 1050 760 1179 826; x_wconf 87' lang='lat' dir='ltr'>duobus</span> <span class='ocrx_word' id='word_1_60' title='bbox 1194 759 1377 824; x_wconf 83' lang='lat' dir='ltr'>consulibus</span> 
     </span>
     <span class='ocr_line' id='line_1_8' title="bbox 170 845 1377 940; baseline -0.008 -20"><span class='ocrx_word' id='word_1_61' title='bbox 170 857 222 932; x_wconf 62' lang='lat'>&lt;3¹35</span> <span class='ocrx_word' id='word_1_62' title='bbox 234 858 265 905; x_wconf 60' lang='grc' dir='ltr'><em>Μ</em></span> <span class='ocrx_word' id='word_1_63' title='bbox 276 857 311 906; x_wconf 80' lang='lat' dir='ltr'>in·</span> <span class='ocrx_word' id='word_1_64' title='bbox 326 854 572 940; x_wconf 85' lang='lat' dir='ltr'><strong>haudquaquam</strong></span> <span class='ocrx_word' id='word_1_65' title='bbox 588 873 654 915; x_wconf 87' lang='lat' dir='ltr'>sese</span> <span class='ocrx_word' id='word_1_66' title='bbox 670 871 778 936; x_wconf 88' lang='lat' dir='ltr'>parem</span> <span class='ocrx_word' id='word_1_67' title='bbox 792 848 934 912; x_wconf 85' lang='lat' dir='ltr'>firturum</span> <span class='ocrx_word' id='word_1_68' title='bbox 949 847 1107 912; x_wconf 75' lang='lat' dir='ltr'>credebat.</span> <span class='ocrx_word' id='word_1_69' title='bbox 1151 845 1290 933; x_wconf 89' lang='lat' dir='ltr'>Itaque,</span> <span class='ocrx_word' id='word_1_70' title='bbox 1303 859 1377 912; x_wconf 85' lang='lat' dir='ltr'>totus</span> 
     </span>
     <span class='ocr_line' id='line_1_9' title="bbox 169 922 1376 1033; baseline -0.007 -28"><span class='ocrx_word' id='word_1_71' title='bbox 169 922 307 1033; x_wconf 55' lang='lat' dir='ltr'>{ffiffn</span> <span class='ocrx_word' id='word_1_72' title='bbox 326 941 360 1004; x_wconf 91' lang='lat' dir='ltr'>in</span> <span class='ocrx_word' id='word_1_73' title='bbox 375 961 447 1004; x_wconf 86' lang='lat' dir='ltr'>suas</span> <span class='ocrx_word' id='word_1_74' title='bbox 461 953 542 1002; x_wconf 88' lang='lat' dir='ltr'>artes</span> <span class='ocrx_word' id='word_1_75' title='bbox 552 959 670 1012; x_wconf 87' lang='lat' dir='ltr'>versus,</span> <span class='ocrx_word' id='word_1_76' title='bbox 682 935 805 999; x_wconf 88' lang='lat' dir='ltr'>insidiis</span> <span class='ocrx_word' id='word_1_77' title='bbox 817 935 923 999; x_wconf 90' lang='lat' dir='ltr'>locum</span> <span class='ocrx_word' id='word_1_78' title='bbox 936 933 1114 1021; x_wconf 81' lang='lat' dir='ltr'>quaerebat.</span> <span class='ocrx_word' id='word_1_79' title='bbox 1153 932 1268 998; x_wconf 87' lang='lat' dir='ltr'>Levia</span> <span class='ocrx_word' id='word_1_80' title='bbox 1279 945 1376 997; x_wconf 89' lang='lat' dir='ltr'>tamen</span> 
     </span>
     <span class='ocr_line' id='line_1_10' title="bbox 271 1020 1376 1115; baseline -0.008 -24"><span class='ocrx_word' id='word_1_81' title='bbox 271 1021 278 1034; x_wconf 82' lang='lat'>&#39;</span> <span class='ocrx_word' id='word_1_82' title='bbox 327 1025 447 1115; x_wconf 88' lang='lat' dir='ltr'>proelia</span> <span class='ocrx_word' id='word_1_83' title='bbox 460 1025 544 1089; x_wconf 89' lang='lat' dir='ltr'>inter</span> <span class='ocrx_word' id='word_1_84' title='bbox 558 1024 633 1088; x_wconf 89' lang='lat' dir='ltr'>hina</span> <span class='ocrx_word' id='word_1_85' title='bbox 646 1035 747 1086; x_wconf 81' lang='lat' dir='ltr'>eastra</span> <span class='ocrx_word' id='word_1_86' title='bbox 760 1021 847 1085; x_wconf 85' lang='lat' dir='ltr'>vario</span> <span class='ocrx_word' id='word_1_87' title='bbox 861 1033 978 1086; x_wconf 88' lang='lat' dir='ltr'>eventu</span> <span class='ocrx_word' id='word_1_88' title='bbox 992 1020 1126 1083; x_wconf 85' lang='lat' dir='ltr'>fiebant:</span> <span class='ocrx_word' id='word_1_89' title='bbox 1172 1020 1277 1084; x_wconf 89' lang='lat' dir='ltr'>uibus</span> <span class='ocrx_word' id='word_1_90' title='bbox 1286 1041 1376 1106; x_wconf 90' lang='lat' dir='ltr'>quum</span> 
     </span>
     <span class='ocr_line' id='line_1_11' title="bbox 327 1042 1377 1196; baseline -0.008 -20"><span class='ocrx_word' id='word_1_91' title='bbox 327 1111 451 1176; x_wconf 80' lang='lat' dir='ltr'>extrahi</span> <span class='ocrx_word' id='word_1_92' title='bbox 466 1121 617 1174; x_wconf 80' lang='lat' dir='ltr'>aestatem</span> <span class='ocrx_word' id='word_1_93' title='bbox 631 1129 721 1196; x_wconf 87' lang='lat' dir='ltr'>posse</span> <span class='ocrx_word' id='word_1_94' title='bbox 736 1106 881 1172; x_wconf 90' lang='lat' dir='ltr'>consules</span> <span class='ocrx_word' id='word_1_95' title='bbox 892 1105 1067 1182; x_wconf 78' lang='lat' dir='ltr'>crederent,</span> <span class='ocrx_word' id='word_1_96' title='bbox 1079 1042 1187 1169; x_wconf 64' lang='lat' dir='ltr'>nitido</span> <span class='ocrx_word' id='word_1_97' title='bbox 1203 1106 1317 1169; x_wconf 85' lang='lat' dir='ltr'>minus</span> <span class='ocrx_word' id='word_1_98' title='bbox 1330 1129 1377 1192; x_wconf 92' lang='lat' dir='ltr'>op·</span> 
     </span>
     <span class='ocr_line' id='line_1_12' title="bbox 327 1189 1391 1286; baseline -0.012 -24"><span class='ocrx_word' id='word_1_99' title='bbox 327 1197 461 1286; x_wconf 81' lang='lat' dir='ltr'>pugnari</span> <span class='ocrx_word' id='word_1_100' title='bbox 477 1196 596 1260; x_wconf 89' lang='lat' dir='ltr'>Locros</span> <span class='ocrx_word' id='word_1_101' title='bbox 617 1217 708 1281; x_wconf 88' lang='lat' dir='ltr'>posse</span> <span class='ocrx_word' id='word_1_102' title='bbox 729 1194 799 1270; x_wconf 90' lang='lat' dir='ltr'>rati,</span> <span class='ocrx_word' id='word_1_103' title='bbox 816 1193 853 1257; x_wconf 85' lang='lat' dir='ltr'>L</span> <span class='ocrx_word' id='word_1_104' title='bbox 867 1190 991 1268; x_wconf 87' lang='lat' dir='ltr'>Cincio,</span> <span class='ocrx_word' id='word_1_105' title='bbox 1007 1205 1043 1255; x_wconf 93' lang='lat' dir='ltr'>ut</span> <span class='ocrx_word' id='word_1_106' title='bbox 1063 1213 1105 1255; x_wconf 89' lang='lat' dir='ltr'>ex</span> <span class='ocrx_word' id='word_1_107' title='bbox 1127 1189 1246 1256; x_wconf 87' lang='lat' dir='ltr'>Sicilia</span> <span class='ocrx_word' id='word_1_108' title='bbox 1266 1191 1391 1256; x_wconf 58' lang='lat' dir='ltr'>laerta</span> 
     </span>
     <span class='ocr_line' id='line_1_13' title="bbox 327 1277 1376 1364; baseline -0.007 -16"><span class='ocrx_word' id='word_1_109' title='bbox 327 1282 521 1348; x_wconf 80' lang='lat' dir='ltr'>cumulasse</span> <span class='ocrx_word' id='word_1_110' title='bbox 546 1281 712 1356; x_wconf 87' lang='lat' dir='ltr'>traiiceret,</span> <span class='ocrx_word' id='word_1_111' title='bbox 739 1279 888 1344; x_wconf 81' lang='lat' dir='ltr'>scribunt.</span> <span class='ocrx_word' id='word_1_112' title='bbox 935 1277 988 1354; x_wconf 87' lang='lat' dir='ltr'>Et,</span> <span class='ocrx_word' id='word_1_113' title='bbox 1011 1289 1048 1341; x_wconf 90' lang='lat' dir='ltr'>ut</span> <span class='ocrx_word' id='word_1_114' title='bbox 1074 1277 1230 1342; x_wconf 78' lang='lat' dir='ltr'>ahtana</span> <span class='ocrx_word' id='word_1_115' title='bbox 1255 1301 1376 1364; x_wconf 86' lang='lat' dir='ltr'>quoque</span> 
     </span>
     <span class='ocr_line' id='line_1_14' title="bbox 328 1364 1390 1470; baseline -0.008 -35"><span class='ocrx_word' id='word_1_116' title='bbox 328 1369 505 1470; x_wconf 81' lang='lat' dir='ltr'>oppugnari</span> <span class='ocrx_word' id='word_1_117' title='bbox 528 1367 655 1432; x_wconf 90' lang='lat' dir='ltr'>moenia</span> <span class='ocrx_word' id='word_1_118' title='bbox 677 1379 816 1453; x_wconf 90' lang='lat' dir='ltr'>possent,</span> <span class='ocrx_word' id='word_1_119' title='bbox 836 1366 875 1429; x_wconf 88' lang='lat' dir='ltr'>ab</span> <span class='ocrx_word' id='word_1_120' title='bbox 895 1364 1036 1428; x_wconf 87' lang='lat' dir='ltr'>Tarento</span> <span class='ocrx_word' id='word_1_121' title='bbox 1131 1385 1187 1428; x_wconf 87' lang='lat' dir='ltr'>em</span> <span class='ocrx_word' id='word_1_122' title='bbox 1210 1365 1390 1434; x_wconf 50' lang='lat' dir='ltr'>exercitum</span> 
     </span>
     <span class='ocr_line' id='line_1_15' title="bbox 328 1450 1376 1543; baseline -0.008 -23"><span class='ocrx_word' id='word_1_123' title='bbox 328 1480 385 1543; x_wconf 84' lang='lat' dir='ltr'>qur</span> <span class='ocrx_word' id='word_1_124' title='bbox 399 1457 433 1519; x_wconf 91' lang='lat' dir='ltr'>in</span> <span class='ocrx_word' id='word_1_125' title='bbox 448 1453 604 1543; x_wconf 89' lang='lat' dir='ltr'>praesidio</span> <span class='ocrx_word' id='word_1_126' title='bbox 618 1465 695 1528; x_wconf 88' lang='lat' dir='ltr'>erat,</span> <span class='ocrx_word' id='word_1_127' title='bbox 710 1452 786 1516; x_wconf 91' lang='lat' dir='ltr'>duci</span> <span class='ocrx_word' id='word_1_128' title='bbox 800 1474 839 1515; x_wconf 91' lang='lat' dir='ltr'>eo</span> <span class='ocrx_word' id='word_1_129' title='bbox 853 1452 1020 1515; x_wconf 79' lang='lat' dir='ltr'>iusserunt</span> <span class='ocrx_word' id='word_1_130' title='bbox 1132 1451 1182 1514; x_wconf 90' lang='lat' dir='ltr'>ita</span> <span class='ocrx_word' id='word_1_131' title='bbox 1196 1450 1313 1514; x_wconf 88' lang='lat' dir='ltr'>futura</span> <span class='ocrx_word' id='word_1_132' title='bbox 1329 1473 1376 1536; x_wconf 85' lang='lat' dir='ltr'>per</span> 
     </span>
     <span class='ocr_line' id='line_1_16' title="bbox 315 1534 1375 1642; baseline -0.007 -36"><span class='ocrx_word' id='word_1_133' title='bbox 315 1540 479 1642; x_wconf 84' lang='lat' dir='ltr'>&#39;quosdam</span> <span class='ocrx_word' id='word_1_134' title='bbox 497 1539 658 1604; x_wconf 86' lang='lat' dir='ltr'>Thurinos</span> <span class='ocrx_word' id='word_1_135' title='bbox 672 1551 870 1624; x_wconf 87' lang='lat' dir='ltr'>compertum</span> <span class='ocrx_word' id='word_1_136' title='bbox 886 1534 1060 1600; x_wconf 87' lang='lat' dir='ltr'>Hannibali</span> <span class='ocrx_word' id='word_1_137' title='bbox 1074 1559 1180 1622; x_wconf 91' lang='lat' dir='ltr'>quum</span> <span class='ocrx_word' id='word_1_138' title='bbox 1198 1551 1298 1612; x_wconf 83' lang='lat' dir='ltr'>esset,</span> <span class='ocrx_word' id='word_1_139' title='bbox 1314 1536 1375 1599; x_wconf 91' lang='lat' dir='ltr'>mit-</span> 
     </span>
     <span class='ocr_line' id='line_1_17' title="bbox 328 1621 1375 1691; baseline -0.006 0"><span class='ocrx_word' id='word_1_140' title='bbox 328 1640 368 1691; x_wconf 81' lang='lat' dir='ltr'>tit</span> <span class='ocrx_word' id='word_1_141' title='bbox 382 1627 423 1690; x_wconf 91' lang='lat' dir='ltr'>ad</span> <span class='ocrx_word' id='word_1_142' title='bbox 437 1625 635 1690; x_wconf 89' lang='lat' dir='ltr'>insidendam</span> <span class='ocrx_word' id='word_1_143' title='bbox 652 1625 691 1688; x_wconf 90' lang='lat' dir='ltr'>ab</span> <span class='ocrx_word' id='word_1_144' title='bbox 706 1623 847 1688; x_wconf 86' lang='lat' dir='ltr'>Tarento</span> <span class='ocrx_word' id='word_1_145' title='bbox 861 1623 953 1688; x_wconf 88' lang='lat' dir='ltr'>viam.</span> <span class='ocrx_word' id='word_1_146' title='bbox 999 1621 1047 1686; x_wconf 92' lang='lat' dir='ltr'>Ibi</span> <span class='ocrx_word' id='word_1_147' title='bbox 1064 1621 1124 1685; x_wconf 90' lang='lat' dir='ltr'>sub</span> <span class='ocrx_word' id='word_1_148' title='bbox 1140 1621 1277 1687; x_wconf 91' lang='lat' dir='ltr'>tumulo</span> <span class='ocrx_word' id='word_1_149' title='bbox 1292 1623 1375 1687; x_wconf 85' lang='lat' dir='ltr'>Pete-</span> 
     </span>
     <span class='ocr_line' id='line_1_18' title="bbox 327 1707 1374 1797; baseline -0.006 -21"><span class='ocrx_word' id='word_1_150' title='bbox 327 1711 387 1776; x_wconf 88' lang='lat' dir='ltr'>liae</span> <span class='ocrx_word' id='word_1_151' title='bbox 402 1713 462 1776; x_wconf 89' lang='lat' dir='ltr'>tria</span> <span class='ocrx_word' id='word_1_152' title='bbox 481 1711 579 1775; x_wconf 89' lang='lat' dir='ltr'>millia</span> <span class='ocrx_word' id='word_1_153' title='bbox 592 1709 747 1797; x_wconf 89' lang='lat' dir='ltr'>equitum,</span> <span class='ocrx_word' id='word_1_154' title='bbox 805 1709 907 1773; x_wconf 92' lang='lat' dir='ltr'>ditum</span> <span class='ocrx_word' id='word_1_155' title='bbox 921 1708 986 1773; x_wconf 93' lang='lat' dir='ltr'>duo</span> <span class='ocrx_word' id='word_1_156' title='bbox 1000 1709 1034 1771; x_wconf 92' lang='lat' dir='ltr'>in</span> <span class='ocrx_word' id='word_1_157' title='bbox 1050 1707 1179 1771; x_wconf 88' lang='lat' dir='ltr'>occulto</span> <span class='ocrx_word' id='word_1_158' title='bbox 1195 1708 1326 1774; x_wconf 75' lang='lat' dir='ltr'>locata:</span> <span class='ocrx_word' id='word_1_159' title='bbox 1349 1709 1374 1770; x_wconf 91' lang='lat' dir='ltr'>in</span> 
     </span>
     <span class='ocr_line' id='line_1_19' title="bbox 327 1732 1374 1894; baseline -0.006 -32"><span class='ocrx_word' id='word_1_160' title='bbox 327 1821 409 1884; x_wconf 86' lang='lat' dir='ltr'>quae</span> <span class='ocrx_word' id='word_1_161' title='bbox 431 1797 628 1884; x_wconf 84' lang='lat' dir='ltr'>inexplorato</span> <span class='ocrx_word' id='word_1_162' title='bbox 643 1811 756 1861; x_wconf 90' lang='lat' dir='ltr'>euntes</span> <span class='ocrx_word' id='word_1_163' title='bbox 763 1732 910 1860; x_wconf 60' lang='lat' dir='ltr'>liomani</span> <span class='ocrx_word' id='word_1_164' title='bbox 925 1816 1023 1894; x_wconf 90' lang='lat' dir='ltr'>quum</span> <span class='ocrx_word' id='word_1_165' title='bbox 1039 1793 1247 1872; x_wconf 84' lang='lat' dir='ltr'>incidissent,</span> <span class='ocrx_word' id='word_1_166' title='bbox 1265 1795 1309 1859; x_wconf 87' lang='lat' dir='ltr'>ad</span> <span class='ocrx_word' id='word_1_167' title='bbox 1322 1795 1374 1858; x_wconf 91' lang='lat' dir='ltr'>duo</span> 
     </span>
     <span class='ocr_line' id='line_1_20' title="bbox 326 1879 1373 1968; baseline -0.005 -21"><span class='ocrx_word' id='word_1_168' title='bbox 326 1883 426 1948; x_wconf 91' lang='lat' dir='ltr'>millia</span> <span class='ocrx_word' id='word_1_169' title='bbox 440 1897 629 1948; x_wconf 89' lang='lat' dir='ltr'>armatorum</span> <span class='ocrx_word' id='word_1_170' title='bbox 645 1905 744 1958; x_wconf 86' lang='lat' dir='ltr'>caesa,</span> <span class='ocrx_word' id='word_1_171' title='bbox 757 1881 843 1946; x_wconf 90' lang='lat' dir='ltr'>mille</span> <span class='ocrx_word' id='word_1_172' title='bbox 855 1880 1063 1968; x_wconf 82' lang='lat' dir='ltr'>etqumgenti</span> <span class='ocrx_word' id='word_1_173' title='bbox 1078 1879 1181 1945; x_wconf 89' lang='lat' dir='ltr'>ferme</span> <span class='ocrx_word' id='word_1_174' title='bbox 1198 1881 1271 1945; x_wconf 84' lang='lat' dir='ltr'>vivi</span> <span class='ocrx_word' id='word_1_175' title='bbox 1287 1881 1373 1968; x_wconf 90' lang='lat' dir='ltr'>capti:</span> 
     </span>
    </p>

    <p class='ocr_par' dir='ltr' id='par_1_3' title="bbox 326 1966 1377 2315">
     <span class='ocr_line' id='line_1_21' title="bbox 326 1966 1330 2056; baseline -0.002 -22"><span class='ocrx_word' id='word_1_176' title='bbox 326 1970 380 2034; x_wconf 91' lang='lat' dir='ltr'>alii</span> <span class='ocrx_word' id='word_1_177' title='bbox 395 1969 535 2056; x_wconf 72' lang='lat' dir='ltr'>dissipati</span> <span class='ocrx_word' id='word_1_178' title='bbox 550 1969 625 2055; x_wconf 77' lang='lat' dir='ltr'>fuga</span> <span class='ocrx_word' id='word_1_179' title='bbox 638 1990 697 2055; x_wconf 89' lang='lat' dir='ltr'>per</span> <span class='ocrx_word' id='word_1_180' title='bbox 711 1989 801 2054; x_wconf 82' lang='lat' dir='ltr'>agros</span> <span class='ocrx_word' id='word_1_181' title='bbox 815 1967 974 2053; x_wconf 88' lang='lat' dir='ltr'>saltusque</span> <span class='ocrx_word' id='word_1_182' title='bbox 990 1966 1169 2031; x_wconf 85' lang='lat' dir='ltr'>Tarentum</span> <span class='ocrx_word' id='word_1_183' title='bbox 1186 1967 1330 2032; x_wconf 73' lang='lat' dir='ltr'>rediere.</span> 
     </span>
     <span class='ocr_line' id='line_1_22' title="bbox 370 2051 1375 2126; baseline -0.004 -6"><span class='ocrx_word' id='word_1_184' title='bbox 370 2056 529 2120; x_wconf 90' lang='lat' dir='ltr'>Tumulus</span> <span class='ocrx_word' id='word_1_185' title='bbox 546 2069 613 2122; x_wconf 89' lang='lat' dir='ltr'>erat</span> <span class='ocrx_word' id='word_1_186' title='bbox 632 2054 782 2118; x_wconf 85' lang='lat' dir='ltr'>silvestris</span> <span class='ocrx_word' id='word_1_187' title='bbox 801 2053 884 2119; x_wconf 90' lang='lat' dir='ltr'>inter</span> <span class='ocrx_word' id='word_1_188' title='bbox 901 2052 1024 2118; x_wconf 88' lang='lat' dir='ltr'>Punica</span> <span class='ocrx_word' id='word_1_189' title='bbox 1040 2064 1073 2115; x_wconf 90' lang='lat' dir='ltr'>et</span> <span class='ocrx_word' id='word_1_190' title='bbox 1093 2051 1252 2117; x_wconf 86' lang='lat' dir='ltr'>Romana</span> <span class='ocrx_word' id='word_1_191' title='bbox 1273 2066 1375 2126; x_wconf 76' lang='lat' dir='ltr'>casua,</span> 
     </span>
     <span class='ocr_line' id='line_1_23' title="bbox 326 2137 1375 2228; baseline -0.004 -22"><span class='ocrx_word' id='word_1_192' title='bbox 326 2142 366 2206; x_wconf 90' lang='lat' dir='ltr'>ab</span> <span class='ocrx_word' id='word_1_193' title='bbox 381 2142 501 2207; x_wconf 86' lang='lat' dir='ltr'>neutris</span> <span class='ocrx_word' id='word_1_194' title='bbox 514 2141 618 2228; x_wconf 88' lang='lat' dir='ltr'>primo</span> <span class='ocrx_word' id='word_1_195' title='bbox 632 2153 820 2228; x_wconf 87' lang='lat' dir='ltr'>occupatus:</span> <span class='ocrx_word' id='word_1_196' title='bbox 843 2139 920 2226; x_wconf 90' lang='lat' dir='ltr'>quia</span> <span class='ocrx_word' id='word_1_197' title='bbox 931 2137 1079 2214; x_wconf 88' lang='lat' dir='ltr'>Romani,</span> <span class='ocrx_word' id='word_1_198' title='bbox 1090 2138 1199 2225; x_wconf 86' lang='lat' dir='ltr'>qualis</span> <span class='ocrx_word' id='word_1_199' title='bbox 1214 2163 1293 2226; x_wconf 86' lang='lat' dir='ltr'>pars</span> <span class='ocrx_word' id='word_1_200' title='bbox 1308 2141 1375 2213; x_wconf 65' lang='lat' dir='ltr'>eiua</span> 
     </span>
     <span class='ocr_line' id='line_1_24' title="bbox 326 2224 1377 2315; baseline -0.004 -23"><span class='ocrx_word' id='word_1_201' title='bbox 326 2251 408 2315; x_wconf 89' lang='lat' dir='ltr'>quae</span> <span class='ocrx_word' id='word_1_202' title='bbox 429 2240 572 2314; x_wconf 80' lang='lat' dir='ltr'>vergeret</span> <span class='ocrx_word' id='word_1_203' title='bbox 593 2227 634 2290; x_wconf 88' lang='lat' dir='ltr'>ad</span> <span class='ocrx_word' id='word_1_204' title='bbox 655 2227 794 2290; x_wconf 91' lang='lat' dir='ltr'>hostium</span> <span class='ocrx_word' id='word_1_205' title='bbox 816 2238 925 2302; x_wconf 87' lang='lat' dir='ltr'>castra,</span> <span class='ocrx_word' id='word_1_206' title='bbox 942 2237 1032 2302; x_wconf 87' lang='lat' dir='ltr'>esset,</span> <span class='ocrx_word' id='word_1_207' title='bbox 1048 2224 1269 2311; x_wconf 79' lang='lat' dir='ltr'>ignorabant3</span> <span class='ocrx_word' id='word_1_208' title='bbox 1295 2225 1377 2290; x_wconf 86' lang='lat' dir='ltr'>Han·</span> 
     </span>
    </p>
   </div>
   <div class='ocr_carea' id='block_1_3' title="bbox 327 2309 1432 2400">
    <p class='ocr_par' dir='ltr' id='par_1_4' title="bbox 327 2309 1432 2400">
     <span class='ocr_line' id='line_1_25' title="bbox 327 2309 1432 2400; baseline -0.006 -23"><span class='ocrx_word' id='word_1_209' title='bbox 327 2314 414 2378; x_wconf 89' lang='lat' dir='ltr'>nibal</span> <span class='ocrx_word' id='word_1_210' title='bbox 429 2314 560 2390; x_wconf 91' lang='lat' dir='ltr'>insidiis,</span> <span class='ocrx_word' id='word_1_211' title='bbox 576 2335 672 2400; x_wconf 91' lang='lat' dir='ltr'>quam</span> <span class='ocrx_word' id='word_1_212' title='bbox 687 2312 803 2389; x_wconf 85' lang='lat' dir='ltr'>castris,</span> <span class='ocrx_word' id='word_1_213' title='bbox 819 2313 972 2398; x_wconf 87' lang='lat' dir='ltr'>aptiorem</span> <span class='ocrx_word' id='word_1_214' title='bbox 987 2333 1061 2375; x_wconf 88' lang='lat' dir='ltr'>eum</span> <span class='ocrx_word' id='word_1_215' title='bbox 1075 2309 1277 2376; x_wconf 85' lang='lat' dir='ltr'>crediderat.</span> <span class='ocrx_word' id='word_1_216' title='bbox 1322 2311 1378 2375; x_wconf 90' lang='lat' dir='ltr'>Ita-</span> <span class='ocrx_word' id='word_1_217' title='bbox 1431 2367 1432 2370; x_wconf 74' lang='grc'>,</span> 
     </span>
    </p>
   </div>
   <div class='ocr_carea' id='block_1_4' title="bbox 325 2396 1378 2904">
    <p class='ocr_par' dir='ltr' id='par_1_5' title="bbox 325 2396 1378 2904">
     <span class='ocr_line' id='line_1_26' title="bbox 326 2396 1377 2486; baseline -0.005 -22"><span class='ocrx_word' id='word_1_218' title='bbox 326 2423 389 2486; x_wconf 93' lang='lat' dir='ltr'>que</span> <span class='ocrx_word' id='word_1_219' title='bbox 405 2415 498 2464; x_wconf 88' lang='lat' dir='ltr'>noete</span> <span class='ocrx_word' id='word_1_220' title='bbox 513 2399 554 2464; x_wconf 87' lang='lat' dir='ltr'>ad</span> <span class='ocrx_word' id='word_1_221' title='bbox 577 2399 610 2462; x_wconf 94' lang='lat' dir='ltr'>id</span> <span class='ocrx_word' id='word_1_222' title='bbox 629 2399 738 2462; x_wconf 85' lang='lat' dir='ltr'>missas</span> <span class='ocrx_word' id='word_1_223' title='bbox 752 2397 874 2484; x_wconf 88' lang='lat' dir='ltr'>aliquot</span> <span class='ocrx_word' id='word_1_224' title='bbox 888 2396 1101 2462; x_wconf 82' lang='lat' dir='ltr'>Numidarum</span> <span class='ocrx_word' id='word_1_225' title='bbox 1123 2409 1255 2462; x_wconf 82' lang='lat' dir='ltr'>tunnas</span> <span class='ocrx_word' id='word_1_226' title='bbox 1279 2398 1377 2462; x_wconf 90' lang='lat' dir='ltr'>medio</span> 
     </span>
     <span class='ocr_line' id='line_1_27' title="bbox 326 2483 1378 2570; baseline 0.001 -22"><span class='ocrx_word' id='word_1_227' title='bbox 326 2485 360 2548; x_wconf 91' lang='lat' dir='ltr'>in</span> <span class='ocrx_word' id='word_1_228' title='bbox 376 2485 457 2550; x_wconf 89' lang='lat' dir='ltr'>saltu</span> <span class='ocrx_word' id='word_1_229' title='bbox 472 2485 668 2562; x_wconf 87' lang='lat' dir='ltr'>condiderat,</span> <span class='ocrx_word' id='word_1_230' title='bbox 684 2506 819 2570; x_wconf 91' lang='lat' dir='ltr'>quorum</span> <span class='ocrx_word' id='word_1_231' title='bbox 834 2483 974 2562; x_wconf 75' lang='lat' dir='ltr'>interdiu</span> <span class='ocrx_word' id='word_1_232' title='bbox 989 2504 1083 2548; x_wconf 86' lang='lat' dir='ltr'>nemo</span> <span class='ocrx_word' id='word_1_233' title='bbox 1098 2483 1138 2546; x_wconf 97' lang='lat' dir='ltr'>ab</span> <span class='ocrx_word' id='word_1_234' title='bbox 1153 2485 1303 2549; x_wconf 86' lang='lat' dir='ltr'>statione</span> <span class='ocrx_word' id='word_1_235' title='bbox 1319 2507 1378 2548; x_wconf 88' lang='lat' dir='ltr'>mo·</span> 
     </span>
     <span class='ocr_line' id='line_1_28' title="bbox 325 2569 1377 2656; baseline 0.001 -23"><span class='ocrx_word' id='word_1_236' title='bbox 325 2572 466 2648; x_wconf 88' lang='lat' dir='ltr'>vebatur,</span> <span class='ocrx_word' id='word_1_237' title='bbox 483 2595 524 2636; x_wconf 90' lang='lat' dir='ltr'>ne</span> <span class='ocrx_word' id='word_1_238' title='bbox 540 2583 595 2636; x_wconf 88' lang='lat' dir='ltr'>aut</span> <span class='ocrx_word' id='word_1_239' title='bbox 609 2593 704 2647; x_wconf 85' lang='lat' dir='ltr'>arma,</span> <span class='ocrx_word' id='word_1_240' title='bbox 720 2584 777 2634; x_wconf 89' lang='lat' dir='ltr'>aut</span> <span class='ocrx_word' id='word_1_241' title='bbox 790 2571 849 2656; x_wconf 91' lang='lat' dir='ltr'>ipsi</span> <span class='ocrx_word' id='word_1_242' title='bbox 863 2569 973 2656; x_wconf 87' lang='lat' dir='ltr'>procul</span> <span class='ocrx_word' id='word_1_243' title='bbox 988 2569 1266 2656; x_wconf 87' lang='lat' dir='ltr'>conspicerentur.</span> <span class='ocrx_word' id='word_1_244' title='bbox 1311 2569 1377 2634; x_wconf 75' lang='lat' dir='ltr'>Fre·</span> 
     </span>
     <span class='ocr_line' id='line_1_29' title="bbox 326 2654 1376 2755; baseline 0 -36"><span class='ocrx_word' id='word_1_245' title='bbox 326 2657 456 2720; x_wconf 85' lang='lat' dir='ltr'>mebant</span> <span class='ocrx_word' id='word_1_246' title='bbox 470 2657 565 2743; x_wconf 80' lang='lat' dir='ltr'>vulgo</span> <span class='ocrx_word' id='word_1_247' title='bbox 580 2658 614 2721; x_wconf 88' lang='lat' dir='ltr'>iu</span> <span class='ocrx_word' id='word_1_248' title='bbox 628 2657 737 2722; x_wconf 88' lang='lat' dir='ltr'>eastris</span> <span class='ocrx_word' id='word_1_249' title='bbox 752 2656 916 2732; x_wconf 88' lang='lat' dir='ltr'>Romanis,</span> <span class='ocrx_word' id='word_1_250' title='bbox 932 2654 1153 2755; x_wconf 89' lang='lat' dir='ltr'>occupandum</span> <span class='ocrx_word' id='word_1_251' title='bbox 1168 2678 1253 2720; x_wconf 91' lang='lat' dir='ltr'>eum</span> <span class='ocrx_word' id='word_1_252' title='bbox 1277 2670 1376 2721; x_wconf 90' lang='lat' dir='ltr'>tuum-</span> 
     </span>
     <span class='ocr_line' id='line_1_30' title="bbox 326 2740 1377 2828; baseline 0.004 -24"><span class='ocrx_word' id='word_1_253' title='bbox 326 2740 393 2805; x_wconf 92' lang='lat' dir='ltr'>lum</span> <span class='ocrx_word' id='word_1_254' title='bbox 407 2763 485 2818; x_wconf 89' lang='lat' dir='ltr'>esse,</span> <span class='ocrx_word' id='word_1_255' title='bbox 501 2756 533 2807; x_wconf 90' lang='lat' dir='ltr'>ct</span> <span class='ocrx_word' id='word_1_256' title='bbox 548 2743 677 2808; x_wconf 86' lang='lat' dir='ltr'>castello</span> <span class='ocrx_word' id='word_1_257' title='bbox 691 2741 900 2819; x_wconf 68' lang='lat' dir='ltr'>firmandum</span> <span class='ocrx_word' id='word_1_258' title='bbox 927 2764 979 2819; x_wconf 89' lang='lat' dir='ltr'>nc,</span> <span class='ocrx_word' id='word_1_259' title='bbox 995 2764 1021 2806; x_wconf 84' lang='lat' dir='ltr'>ai</span> <span class='ocrx_word' id='word_1_260' title='bbox 1035 2753 1213 2828; x_wconf 85' lang='lat' dir='ltr'>occupatus</span> <span class='ocrx_word' id='word_1_261' title='bbox 1229 2745 1274 2808; x_wconf 89' lang='lat' dir='ltr'>ab</span> <span class='ocrx_word' id='word_1_262' title='bbox 1293 2741 1377 2807; x_wconf 82' lang='lat' dir='ltr'>Hau·</span> 
     </span>
     <span class='ocr_line' id='line_1_31' title="bbox 326 2826 1375 2904; baseline 0.002 -14"><span class='ocrx_word' id='word_1_263' title='bbox 326 2827 430 2892; x_wconf 89' lang='lat' dir='ltr'>nibale</span> <span class='ocrx_word' id='word_1_264' title='bbox 441 2828 531 2904; x_wconf 89' lang='lat' dir='ltr'>foret,</span> <span class='ocrx_word' id='word_1_265' title='bbox 541 2829 630 2894; x_wconf 86' lang='lat' dir='ltr'>velut</span> <span class='ocrx_word' id='word_1_266' title='bbox 644 2829 677 2892; x_wconf 91' lang='lat' dir='ltr'>in</span> <span class='ocrx_word' id='word_1_267' title='bbox 689 2829 862 2894; x_wconf 87' lang='lat' dir='ltr'>cervicibus</span> <span class='ocrx_word' id='word_1_268' title='bbox 876 2827 1031 2892; x_wconf 87' lang='lat' dir='ltr'>haberent</span> <span class='ocrx_word' id='word_1_269' title='bbox 1044 2826 1176 2892; x_wconf 82' lang='lat' dir='ltr'>hostem.</span> <span class='ocrx_word' id='word_1_270' title='bbox 1220 2827 1335 2895; x_wconf 77' lang='lat' dir='ltr'>Movit</span> <span class='ocrx_word' id='word_1_271' title='bbox 1345 2851 1375 2892; x_wconf 82' lang='lat' dir='ltr'>aa</span> 
     </span>
    </p>
   </div>
   <div class='ocr_carea' id='block_1_5' title="bbox 324 2912 1432 3002">
    <p class='ocr_par' dir='ltr' id='par_1_6' title="bbox 324 2912 1432 3002">
     <span class='ocr_line' id='line_1_32' title="bbox 324 2912 1432 3002; baseline 0.002 -24"><span class='ocrx_word' id='word_1_272' title='bbox 324 2935 374 2978; x_wconf 89' lang='lat' dir='ltr'>res</span> <span class='ocrx_word' id='word_1_273' title='bbox 389 2913 589 2991; x_wconf 88' lang='lat' dir='ltr'>Marcellum,</span> <span class='ocrx_word' id='word_1_274' title='bbox 605 2929 638 2980; x_wconf 89' lang='lat' dir='ltr'>et</span> <span class='ocrx_word' id='word_1_275' title='bbox 652 2915 801 3001; x_wconf 81' lang='lat' dir='ltr'>collegae,</span> <span class='ocrx_word' id='word_1_276' title='bbox 819 2923 829 2952; x_wconf 94' lang='lat'>‘</span> <span class='ocrx_word' id='word_1_277' title='bbox 842 2913 932 2989; x_wconf 82' lang='lat' dir='ltr'>Quin</span> <span class='ocrx_word' id='word_1_278' title='bbox 952 2913 1053 2991; x_wconf 89' lang='lat' dir='ltr'>imus,’</span> <span class='ocrx_word' id='word_1_279' title='bbox 1067 2912 1182 3000; x_wconf 91' lang='lat' dir='ltr'>iuquit,</span> <span class='ocrx_word' id='word_1_280' title='bbox 1203 2916 1294 3002; x_wconf 82' lang='lat' dir='ltr'>‘ipsi</span> <span class='ocrx_word' id='word_1_281' title='bbox 1308 2937 1391 2980; x_wconf 63' lang='lat' dir='ltr'>cum*</span> <span class='ocrx_word' id='word_1_282' title='bbox 1431 2945 1432 2956; x_wconf 50' lang='lat'>¹</span> 
     </span>
    </p>
   </div>
   <div class='ocr_carea' id='block_1_6' title="bbox 320 2999 1389 3776">
    <p class='ocr_par' dir='ltr' id='par_1_7' title="bbox 320 2999 1389 3776">
     <span class='ocr_line' id='line_1_33' title="bbox 326 2999 1374 3088; baseline 0.002 -24"><span class='ocrx_word' id='word_1_283' title='bbox 326 3001 504 3087; x_wconf 90' lang='lat' dir='ltr'>‘equitibus</span> <span class='ocrx_word' id='word_1_284' title='bbox 521 3001 631 3088; x_wconf 88' lang='lat' dir='ltr'>paucis</span> <span class='ocrx_word' id='word_1_285' title='bbox 650 3024 690 3066; x_wconf 85' lang='lat' dir='ltr'>ex</span> <span class='ocrx_word' id='word_1_286' title='bbox 714 3001 873 3064; x_wconf 80' lang='lat' dir='ltr'>lotatum?</span> <span class='ocrx_word' id='word_1_287' title='bbox 908 2999 1057 3065; x_wconf 86' lang='lat' dir='ltr'>Subiecta</span> <span class='ocrx_word' id='word_1_288' title='bbox 1074 3021 1124 3063; x_wconf 87' lang='lat' dir='ltr'>res</span> <span class='ocrx_word' id='word_1_289' title='bbox 1139 3001 1247 3065; x_wconf 78' lang='lat' dir='ltr'>cerdis</span> <span class='ocrx_word' id='word_1_290' title='bbox 1263 3017 1374 3066; x_wconf 79' lang='lat' dir='ltr'>nosms</span> 
     </span>
     <span class='ocr_line' id='line_1_34' title="bbox 326 3024 1374 3172; baseline 0.004 -22"><span class='ocrx_word' id='word_1_291' title='bbox 326 3088 461 3152; x_wconf 85' lang='lat' dir='ltr'>‘certius</span> <span class='ocrx_word' id='word_1_292' title='bbox 488 3085 577 3151; x_wconf 89' lang='lat' dir='ltr'>dabit</span> <span class='ocrx_word' id='word_1_293' title='bbox 606 3024 793 3151; x_wconf 84' lang='lat' dir='ltr'>eonsilium’</span> <span class='ocrx_word' id='word_1_294' title='bbox 843 3085 1071 3151; x_wconf 87' lang='lat' dir='ltr'>Consentiente</span> <span class='ocrx_word' id='word_1_295' title='bbox 1103 3084 1274 3172; x_wconf 84' lang='lat' dir='ltr'>Crispino,</span> <span class='ocrx_word' id='word_1_296' title='bbox 1307 3109 1374 3154; x_wconf 84' lang='lat' dir='ltr'>cum</span> 
     </span>
     <span class='ocr_line' id='line_1_35' title="bbox 324 3171 1373 3259; baseline 0.003 -24"><span class='ocrx_word' id='word_1_297' title='bbox 324 3173 484 3258; x_wconf 90' lang='lat' dir='ltr'>equitibus</span> <span class='ocrx_word' id='word_1_298' title='bbox 505 3173 652 3238; x_wconf 88' lang='lat' dir='ltr'>ducentis</span> <span class='ocrx_word' id='word_1_299' title='bbox 673 3187 706 3236; x_wconf 89' lang='lat' dir='ltr'>et</span> <span class='ocrx_word' id='word_1_300' title='bbox 727 3172 849 3259; x_wconf 82' lang='lat' dir='ltr'>viginti,</span> <span class='ocrx_word' id='word_1_301' title='bbox 869 3195 909 3236; x_wconf 87' lang='lat' dir='ltr'>ex</span> <span class='ocrx_word' id='word_1_302' title='bbox 930 3172 1045 3258; x_wconf 88' lang='lat' dir='ltr'>quibus</span> <span class='ocrx_word' id='word_1_303' title='bbox 1064 3171 1285 3259; x_wconf 79' lang='lat' dir='ltr'>quadraginta</span> <span class='ocrx_word' id='word_1_304' title='bbox 1305 3173 1373 3238; x_wconf 85' lang='lat' dir='ltr'>Fre·</span> 
     </span>
     <span class='ocr_line' id='line_1_36' title="bbox 323 3257 1372 3408; baseline 0.003 -88"><span class='ocrx_word' id='word_1_305' title='bbox 323 3257 450 3343; x_wconf 77' lang='lat' dir='ltr'>gellani,</span> <span class='ocrx_word' id='word_1_306' title='bbox 460 3260 556 3324; x_wconf 87' lang='lat' dir='ltr'>ceteri</span> <span class='ocrx_word' id='word_1_307' title='bbox 568 3258 694 3323; x_wconf 86' lang='lat' dir='ltr'>Etrusci</span> <span class='ocrx_word' id='word_1_308' title='bbox 706 3258 1066 3408; x_wconf 51' lang='lat' dir='ltr'>emaffmficmuntur.</span> <span class='ocrx_word' id='word_1_309' title='bbox 1103 3257 1217 3322; x_wconf 88' lang='lat' dir='ltr'>Secuti</span> <span class='ocrx_word' id='word_1_310' title='bbox 1227 3259 1280 3324; x_wconf 83' lang='lat' dir='ltr'>M.</span> <span class='ocrx_word' id='word_1_311' title='bbox 1289 3259 1372 3325; x_wconf 74' lang='lat' dir='ltr'>Mar</span> 
     </span>
     <span class='ocr_line' id='line_1_37' title="bbox 323 3343 1369 3422; baseline 0.001 -15"><span class='ocrx_word' id='word_1_312' title='bbox 323 3344 422 3408; x_wconf 85' lang='lat' dir='ltr'>cellus</span> <span class='ocrx_word' id='word_1_313' title='bbox 436 3345 573 3408; x_wconf 86' lang='lat' dir='ltr'>consulis</span> <span class='ocrx_word' id='word_1_314' title='bbox 590 3345 683 3422; x_wconf 84' lang='lat' dir='ltr'>filius,</span> <span class='ocrx_word' id='word_1_315' title='bbox 695 3357 729 3408; x_wconf 89' lang='lat' dir='ltr'>et</span> <span class='ocrx_word' id='word_1_316' title='bbox 744 3345 785 3408; x_wconf 88' lang='lat' dir='ltr'>A.</span> <span class='ocrx_word' id='word_1_317' title='bbox 837 3343 947 3422; x_wconf 87' lang='lat' dir='ltr'>aulius,</span> <span class='ocrx_word' id='word_1_318' title='bbox 961 3344 1080 3409; x_wconf 84' lang='lat' dir='ltr'>tribuni</span> <span class='ocrx_word' id='word_1_319' title='bbox 1093 3343 1255 3410; x_wconf 88' lang='lat' dir='ltr'>militum:</span> <span class='ocrx_word' id='word_1_320' title='bbox 1282 3344 1369 3412; x_wconf 87' lang='lat' dir='ltr'>simul</span> 
     </span>
     <span class='ocr_line' id='line_1_38' title="bbox 323 3429 1369 3518; baseline 0.005 -26"><span class='ocrx_word' id='word_1_321' title='bbox 323 3441 356 3492; x_wconf 91' lang='lat' dir='ltr'>et</span> <span class='ocrx_word' id='word_1_322' title='bbox 371 3429 435 3495; x_wconf 91' lang='lat' dir='ltr'>duo</span> <span class='ocrx_word' id='word_1_323' title='bbox 450 3430 601 3518; x_wconf 87' lang='lat' dir='ltr'>praefecti</span> <span class='ocrx_word' id='word_1_324' title='bbox 620 3431 751 3507; x_wconf 90' lang='lat' dir='ltr'>socium,</span> <span class='ocrx_word' id='word_1_325' title='bbox 767 3431 805 3494; x_wconf 93' lang='lat' dir='ltr'>L.</span> <span class='ocrx_word' id='word_1_326' title='bbox 818 3431 991 3508; x_wconf 85' lang='lat' dir='ltr'>Arannius,</span> <span class='ocrx_word' id='word_1_327' title='bbox 1007 3444 1040 3494; x_wconf 91' lang='lat' dir='ltr'>et</span> <span class='ocrx_word' id='word_1_328' title='bbox 1060 3429 1116 3494; x_wconf 88' lang='grc' dir='ltr'>Μ’.</span> <span class='ocrx_word' id='word_1_329' title='bbox 1130 3429 1261 3496; x_wconf 77' lang='lat' dir='ltr'>Aulius</span> <span class='ocrx_word' id='word_1_330' title='bbox 1313 3433 1369 3497; x_wconf 89' lang='lat' dir='ltr'>Im·</span> 
     </span>
     <span class='ocr_line' id='line_1_39' title="bbox 322 3515 1370 3603; baseline 0.003 -24"><span class='ocrx_word' id='word_1_331' title='bbox 322 3515 454 3580; x_wconf 86' lang='lat' dir='ltr'>molasse</span> <span class='ocrx_word' id='word_1_332' title='bbox 468 3539 507 3581; x_wconf 91' lang='lat' dir='ltr'>eo</span> <span class='ocrx_word' id='word_1_333' title='bbox 521 3516 573 3580; x_wconf 92' lang='lat' dir='ltr'>die</span> <span class='ocrx_word' id='word_1_334' title='bbox 589 3516 719 3603; x_wconf 89' lang='lat' dir='ltr'>quidam</span> <span class='ocrx_word' id='word_1_335' title='bbox 734 3516 903 3580; x_wconf 89' lang='lat' dir='ltr'>memoriae</span> <span class='ocrx_word' id='word_1_336' title='bbox 917 3515 1085 3603; x_wconf 90' lang='lat' dir='ltr'>prodidere</span> <span class='ocrx_word' id='word_1_337' title='bbox 1100 3517 1269 3581; x_wconf 89' lang='lat' dir='ltr'>consulem</span> <span class='ocrx_word' id='word_1_338' title='bbox 1289 3517 1370 3582; x_wconf 86' lang='lat' dir='ltr'>Mar-</span> 
     </span>
     <span class='ocr_line' id='line_1_40' title="bbox 321 3601 1388 3750; baseline 0.003 -84"><span class='ocrx_word' id='word_1_339' title='bbox 321 3601 447 3679; x_wconf 88' lang='lat' dir='ltr'>cellum,</span> <span class='ocrx_word' id='word_1_340' title='bbox 463 3615 506 3679; x_wconf 86' lang='lat' dir='ltr'>et,</span> <span class='ocrx_word' id='word_1_341' title='bbox 521 3602 624 3690; x_wconf 90' lang='lat' dir='ltr'>prima</span> <span class='ocrx_word' id='word_1_342' title='bbox 643 3601 747 3667; x_wconf 87' lang='lat' dir='ltr'>hostia</span> <span class='ocrx_word' id='word_1_343' title='bbox 761 3625 860 3678; x_wconf 89' lang='lat' dir='ltr'>caesa,</span> <span class='ocrx_word' id='word_1_344' title='bbox 876 3602 965 3666; x_wconf 86' lang='lat' dir='ltr'>ieeur</span> <span class='ocrx_word' id='word_1_345' title='bbox 978 3602 1046 3666; x_wconf 91' lang='lat' dir='ltr'>sine</span> <span class='ocrx_word' id='word_1_346' title='bbox 1061 3601 1165 3750; x_wconf 88' lang='lat' dir='ltr'>capite</span> <span class='ocrx_word' id='word_1_347' title='bbox 1180 3601 1388 3678; x_wconf 74' lang='lat' dir='ltr'>inventum35</span> 
     </span>
     <span class='ocr_line' id='line_1_41' title="bbox 320 3685 1389 3776; baseline 0.007 -27"><span class='ocrx_word' id='word_1_348' title='bbox 320 3685 354 3749; x_wconf 91' lang='lat' dir='ltr'>in</span> <span class='ocrx_word' id='word_1_349' title='bbox 384 3687 524 3753; x_wconf 90' lang='lat' dir='ltr'>secunda</span> <span class='ocrx_word' id='word_1_350' title='bbox 546 3687 653 3752; x_wconf 90' lang='lat' dir='ltr'>omnia</span> <span class='ocrx_word' id='word_1_351' title='bbox 675 3689 897 3776; x_wconf 85' lang='lat' dir='ltr'>comparuisse,</span> <span class='ocrx_word' id='word_1_352' title='bbox 923 3709 1005 3775; x_wconf 88' lang='lat' dir='ltr'>quae</span> <span class='ocrx_word' id='word_1_353' title='bbox 1030 3701 1176 3753; x_wconf 64' lang='lat' dir='ltr'>sescena</span> <span class='ocrx_word' id='word_1_354' title='bbox 1227 3689 1389 3756; x_wconf 83' lang='lat' dir='ltr'>Auetumt</span> 
     </span>
    </p>
   </div>
   <div class='ocr_carea' id='block_1_7' title="bbox 320 3771 1431 3864">
    <p class='ocr_par' dir='ltr' id='par_1_8' title="bbox 320 3771 1431 3864">
     <span class='ocr_line' id='line_1_42' title="bbox 320 3771 1431 3864; baseline 0.005 -28"><span class='ocrx_word' id='word_1_355' title='bbox 320 3772 416 3837; x_wconf 86' lang='lat' dir='ltr'>etiam</span> <span class='ocrx_word' id='word_1_356' title='bbox 439 3775 541 3838; x_wconf 89' lang='lat' dir='ltr'>visum</span> <span class='ocrx_word' id='word_1_357' title='bbox 565 3774 600 3838; x_wconf 87' lang='lat' dir='ltr'>in</span> <span class='ocrx_word' id='word_1_358' title='bbox 623 3774 744 3862; x_wconf 86' lang='lat' dir='ltr'>capite:</span> <span class='ocrx_word' id='word_1_359' title='bbox 776 3797 836 3840; x_wconf 91' lang='lat' dir='ltr'>nec</span> <span class='ocrx_word' id='word_1_360' title='bbox 859 3773 895 3839; x_wconf 93' lang='lat' dir='ltr'>id</span> <span class='ocrx_word' id='word_1_361' title='bbox 916 3795 991 3839; x_wconf 87' lang='lat' dir='ltr'>sane</span> <span class='ocrx_word' id='word_1_362' title='bbox 1015 3771 1175 3862; x_wconf 87' lang='lat' dir='ltr'>haruspici</span> <span class='ocrx_word' id='word_1_363' title='bbox 1202 3774 1371 3862; x_wconf 72' lang='lat' dir='ltr'>placuiaee,</span> <span class='ocrx_word' id='word_1_364' title='bbox 1430 3851 1431 3864; x_wconf 11' lang='grc' dir='ltr'>χ</span> 
     </span>
    </p>
   </div>
   <div class='ocr_carea' id='block_1_8' title="bbox 317 3947 1370 4142">
    <p class='ocr_par' dir='ltr' id='par_1_9' title="bbox 317 3947 1370 4142">
     <span class='ocr_line' id='line_1_43' title="bbox 351 3947 1162 4014; baseline 0.002 -18"><span class='ocrx_word' id='word_1_365' title='bbox 351 3963 365 3996; x_wconf 79' lang='lat' dir='ltr'>a</span> <span class='ocrx_word' id='word_1_366' title='bbox 382 3951 411 3997; x_wconf 81' lang='lat' dir='ltr'>L.</span> <span class='ocrx_word' id='word_1_367' title='bbox 423 3950 519 4011; x_wconf 76' lang='lat' dir='ltr'>OEncio]</span> <span class='ocrx_word' id='word_1_368' title='bbox 538 3951 585 4000; x_wconf 84' lang='lat' dir='ltr'>Cui</span> <span class='ocrx_word' id='word_1_369' title='bbox 603 3952 628 4000; x_wconf 87' lang='lat' dir='ltr'>in</span> <span class='ocrx_word' id='word_1_370' title='bbox 644 3951 728 4000; x_wconf 78' lang='lat' dir='ltr'>Sicilia</span> <span class='ocrx_word' id='word_1_371' title='bbox 745 3964 824 4014; x_wconf 89' lang='lat' dir='ltr'>proro-</span> <span class='ocrx_word' id='word_1_372' title='bbox 858 3950 948 4014; x_wconf 82' lang='lat' dir='ltr'>eapite,</span> <span class='ocrx_word' id='word_1_373' title='bbox 959 3951 990 4001; x_wconf 68' lang='lat' dir='ltr'>cd</span> <span class='ocrx_word' id='word_1_374' title='bbox 1001 3965 1066 4013; x_wconf 75' lang='lat' dir='ltr'>supr.</span> <span class='ocrx_word' id='word_1_375' title='bbox 1078 3947 1126 3998; x_wconf 83' lang='lat' dir='ltr'>viii.</span> <span class='ocrx_word' id='word_1_376' title='bbox 1138 3965 1162 4014; x_wconf 85' lang='lat'>9.</span> 
     </span>
     <span class='ocr_line' id='line_1_44' title="bbox 317 4013 1370 4078; baseline 0.007 -19"><span class='ocrx_word' id='word_1_377' title='bbox 317 4017 402 4074; x_wconf 75' lang='lat' dir='ltr'>patum</span> <span class='ocrx_word' id='word_1_378' title='bbox 413 4013 543 4075; x_wconf 85' lang='lat' dir='ltr'>imperium</span> <span class='ocrx_word' id='word_1_379' title='bbox 555 4020 615 4075; x_wconf 77' lang='lat' dir='ltr'>erat,</span> <span class='ocrx_word' id='word_1_380' title='bbox 626 4031 690 4078; x_wconf 81' lang='lat' dir='ltr'>supr.</span> <span class='ocrx_word' id='word_1_381' title='bbox 704 4026 725 4078; x_wconf 85' lang='lat'>7.</span> <span class='ocrx_word' id='word_1_382' title='bbox 889 4013 1029 4064; x_wconf 61' lang='grc' dir='ltr'>Μυσίαν»</span> <span class='ocrx_word' id='word_1_383' title='bbox 1046 4016 1133 4074; x_wconf 65' lang='lat' dir='ltr'>mon]</span> <span class='ocrx_word' id='word_1_384' title='bbox 1162 4013 1253 4064; x_wconf 81' lang='lat' dir='ltr'>Simile</span> <span class='ocrx_word' id='word_1_385' title='bbox 1271 4017 1370 4078; x_wconf 72' lang='lat' dir='ltr'>extispi-</span> 
     </span>
     <span class='ocr_line' id='line_1_45' title="bbox 351 4077 1370 4142; baseline 0.008 -19"><span class='ocrx_word' id='word_1_386' title='bbox 351 4077 479 4137; x_wconf 80' lang='lat' dir='ltr'>3Purtcm</span> <span class='ocrx_word' id='word_1_387' title='bbox 488 4078 763 4138; x_wconf 65' lang='lat' dir='ltr'>moibuJDimidiam</span> <span class='ocrx_word' id='word_1_388' title='bbox 771 4093 824 4142; x_wconf 69' lang='lat' dir='ltr'>par</span> <span class='ocrx_word' id='word_1_389' title='bbox 857 4077 923 4126; x_wconf 89' lang='lat' dir='ltr'>cium</span> <span class='ocrx_word' id='word_1_390' title='bbox 944 4079 1033 4128; x_wconf 70' lang='lat' dir='ltr'>referre</span> <span class='ocrx_word' id='word_1_391' title='bbox 1052 4077 1181 4126; x_wconf 81' lang='lat' dir='ltr'>Lucanrun</span> <span class='ocrx_word' id='word_1_392' title='bbox 1202 4079 1220 4127; x_wconf 88' lang='lat' dir='ltr'>i.</span> <span class='ocrx_word' id='word_1_393' title='bbox 1241 4079 1301 4130; x_wconf 75' lang='lat' dir='ltr'>6²(a</span> <span class='ocrx_word' id='word_1_394' title='bbox 1325 4081 1370 4130; x_wconf 74' lang='lat' dir='ltr'>aui</span> 
     </span>
    </p>
   </div>
   <div class='ocr_carea' id='block_1_9' title="bbox 317 4139 1431 4270">
    <p class='ocr_par' dir='ltr' id='par_1_10' title="bbox 317 4139 1431 4270">
     <span class='ocr_line' id='line_1_46' title="bbox 317 4139 1431 4208; baseline 0.006 -21"><span class='ocrx_word' id='word_1_395' title='bbox 317 4147 368 4187; x_wconf 83' lang='lat' dir='ltr'>tom</span> <span class='ocrx_word' id='word_1_396' title='bbox 379 4139 494 4202; x_wconf 76' lang='lat' dir='ltr'>intelligit</span> <span class='ocrx_word' id='word_1_397' title='bbox 504 4141 609 4190; x_wconf 81' lang='lat' dir='ltr'>Crevier.</span> <span class='ocrx_word' id='word_1_398' title='bbox 857 4143 989 4190; x_wconf 83' lang='lat' dir='ltr'>madvertit</span> <span class='ocrx_word' id='word_1_399' title='bbox 1013 4141 1155 4191; x_wconf 83' lang='lat' dir='ltr'>Rhenanus.</span> <span class='ocrx_word' id='word_1_400' title='bbox 1191 4145 1307 4193; x_wconf 63' lang='lat' dir='ltr'>Aurium</span> <span class='ocrx_word' id='word_1_401' title='bbox 1332 4159 1370 4208; x_wconf 79' lang='lat' dir='ltr'>pru</span> <span class='ocrx_word' id='word_1_402' title='bbox 1430 4179 1431 4182; x_wconf 20' lang='grc' dir='ltr'><strong>κ</strong></span> 
     </span>
     <span class='ocr_line' id='line_1_47' title="bbox 350 4205 1431 4270; baseline 0.009 -20"><span class='ocrx_word' id='word_1_403' title='bbox 350 4205 535 4262; x_wconf 78' lang='lat' dir='ltr'>4Qm&#39;nimua]</span> <span class='ocrx_word' id='word_1_404' title='bbox 560 4205 597 4252; x_wconf 87' lang='lat' dir='ltr'>Ut</span> <span class='ocrx_word' id='word_1_405' title='bbox 607 4219 672 4265; x_wconf 81' lang='lat' dir='ltr'>supr.</span> <span class='ocrx_word' id='word_1_406' title='bbox 684 4205 700 4252; x_wconf 92' lang='lat' dir='ltr'>i.</span> <span class='ocrx_word' id='word_1_407' title='bbox 713 4217 750 4266; x_wconf 79' lang='lat'>57.</span> <span class='ocrx_word' id='word_1_408' title='bbox 762 4208 824 4268; x_wconf 71' lang='lat' dir='ltr'>qula</span> <span class='ocrx_word' id='word_1_409' title='bbox 857 4220 915 4254; x_wconf 74' lang='lat' dir='ltr'>casu</span> <span class='ocrx_word' id='word_1_410' title='bbox 924 4212 1011 4268; x_wconf 86' lang='lat' dir='ltr'>quarto</span> <span class='ocrx_word' id='word_1_411' title='bbox 1020 4205 1165 4255; x_wconf 79' lang='lat' dir='ltr'>auhatantlri</span> <span class='ocrx_word' id='word_1_412' title='bbox 1177 4215 1270 4257; x_wconf 65' lang='lat' dir='ltr'>audac</span> <span class='ocrx_word' id='word_1_413' title='bbox 1280 4209 1370 4270; x_wconf 80' lang='lat' dir='ltr'>accipi·-</span> <span class='ocrx_word' id='word_1_414' title='bbox 1430 4211 1431 4260; x_wconf 71' lang='lat'>1</span> 
     </span>
    </p>
   </div>
   <div class='ocr_carea' id='block_1_10' title="bbox 317 4265 964 4390">
    <p class='ocr_par' dir='ltr' id='par_1_11' title="bbox 317 4265 964 4390">
     <span class='ocr_line' id='line_1_48' title="bbox 317 4265 964 4329; baseline 0.012 -18"><span class='ocrx_word' id='word_1_415' title='bbox 317 4268 495 4315; x_wconf 63' lang='lat' dir='ltr'>amoenamus</span> <span class='ocrx_word' id='word_1_416' title='bbox 505 4283 586 4329; x_wconf 80' lang='lat' dir='ltr'>equor,</span> <span class='ocrx_word' id='word_1_417' title='bbox 597 4265 621 4314; x_wconf 92' lang='lat' dir='ltr'>h.</span> <span class='ocrx_word' id='word_1_418' title='bbox 634 4283 656 4315; x_wconf 88' lang='lat' dir='ltr'>e.</span> <span class='ocrx_word' id='word_1_419' title='bbox 667 4283 710 4314; x_wconf 90' lang='lat' dir='ltr'>cur</span> <span class='ocrx_word' id='word_1_420' title='bbox 720 4275 788 4316; x_wconf 88' lang='lat' dir='ltr'>non?</span> <span class='ocrx_word' id='word_1_421' title='bbox 857 4269 964 4319; x_wconf 79' lang='lat' dir='ltr'>Crevier.</span> 
     </span>
     <span class='ocr_line' id='line_1_49' title="bbox 350 4329 825 4390; baseline 0.006 -15"><span class='ocrx_word' id='word_1_422' title='bbox 350 4341 363 4388; x_wconf 87' lang='lat'><strong>5</strong></span> <span class='ocrx_word' id='word_1_423' title='bbox 382 4331 454 4376; x_wconf 81' lang='lat' dir='ltr'>Iecur</span> <span class='ocrx_word' id='word_1_424' title='bbox 469 4331 521 4377; x_wconf 71' lang='lat' dir='ltr'>rino</span> <span class='ocrx_word' id='word_1_425' title='bbox 537 4331 630 4390; x_wconf 76' lang='lat' dir='ltr'>capite]</span> <span class='ocrx_word' id='word_1_426' title='bbox 660 4329 700 4377; x_wconf 83' lang='lat' dir='ltr'>De</span> <span class='ocrx_word' id='word_1_427' title='bbox 714 4330 825 4378; x_wconf 70' lang='lat' dir='ltr'>iocinoris</span> 
     </span>
    </p>
   </div>
   <div class='ocr_carea' id='block_1_11' title="bbox 0 0 1444 4772">
    <p class='ocr_par' dir='ltr' id='par_1_12' title="bbox 0 0 1444 4772">
     <span class='ocr_line' id='line_1_50' title="bbox 0 0 1444 4772; baseline 0 1"><span class='ocrx_word' id='word_1_428' title='bbox 0 0 1444 4772; x_wconf 95' lang='lat' dir='ltr'> </span> 
     </span>
    </p>
   </div>
  </div>
 </body>
</html>
