2866 4770
301 272 397 340 LIB.
422 273 554 340 XXIX.
585 274 697 341 CAP.
722 280 773 340 30.
1000 281 1063 344 491

28 405 55 468 in
90 404 242 472 ditionem
278 408 322 472 im
365 409 512 496 riumque
550 407 706 473 Meretuli
742 411 905 474 concessit.
962 409 1066 512 Regio
1074 426 1111 478 u.
1122 428 1153 478 c.
1168 428 1223 492 με.

28 507 126 556 tamen
156 493 284 560 nomine
314 518 334 558 a
355 495 485 560 stinuit:
519 507 751 582 contentusque
780 495 910 561 nomine
939 493 1106 562 modreoss-
1122 493 1153 544 ⁰·
1168 507 1224 551 ²04·

28 579 141 656 tutoris,
165 602 300 666 puerum
324 581 536 658 Lacumacen,
562 582 618 668 qui
640 595 668 646 st
719 583 745 646 is
766 605 801 647 re
825 583 831 596 '
853 605 872 648 e
893 597 1065 669 supererat,

28 685 126 750 regem
141 666 286 753 appellat
335 667 632 756 Carthaginiensem
649 605 788 733 niiilem
816 669 964 747 eminam,
980 693 1067 734 soro-

28 749 61 813 ris
90 751 187 817 filiam
215 753 415 831 Hannibalis,
441 778 523 841 qnae
550 755 694 842 proxime
722 753 847 821 Oesalci
873 757 940 842 regi
966 771 1067 843 nupta

28 835 129 916 luerat,
145 839 346 904 matrimonio
361 841 421 904 sibi
439 841 552 928 iungit,
567 864 623 928 spe
640 840 951 928 Carthaginiensium
967 843 1067 908 socie-

28 924 110 1000 tatis3
135 941 168 990 et
190 949 263 990 cum
290 925 435 1014 Syphace
456 926 630 1013 hospitium
652 940 810 991 vetustum
832 927 943 1014 legatis
966 929 1066 992 missis

28 1025 157 1089 renovat,
174 1013 281 1076 omnia
295 1036 333 1077 ea
347 1012 465 1076 auxilia
483 1035 672 1100 praeparans
690 1014 838 1079 adversus
854 1014 1064 1078 Masinissam.

28 1093 63 1158 Et
87 1095 265 1176 Masinissa,
291 1099 399 1163 audita
422 1113 522 1163 morte
546 1100 660 1186 patrui,
686 1100 760 1164 dein
785 1122 863 1164 nece
886 1100 988 1163 fiatris
1010 1124 1066 1188 pa·
1169 1145 1178 1161 .

28 1182 136 1262 anelis,
164 1208 205 1249 ex
235 1185 391 1272 Hispania
417 1186 451 1248 in
478 1183 705 1249 Mauritaniam
734 1185 895 1272 (Bocchar
923 1208 961 1249 ea
987 1200 1066 1251 tem·

28 1281 137 1352 pestate
149 1294 207 1335 rex
220 1270 406 1336 Maurorum
418 1271 500 1356 erat)
516 1271 638 1335 traiieit
674 1271 728 1336 Ab
744 1295 782 1336 eo
799 1271 933 1359 supplex
949 1271 1066 1336 infimis

28 1355 163 1438 precibus
178 1357 332 1421 auxilium
347 1358 464 1434 itineri,
480 1356 631 1444 quoniam
646 1357 729 1421 bello
746 1380 812 1421 non
826 1372 961 1458 poterat,
974 1372 1066 1446 quat-

28 1461 90 1504 :nor
119 1442 218 1507 millia
247 1442 435 1508 Maurorum
464 1443 652 1529 impetrarit
701 1444 787 1508 Cum
817 1445 864 1521 irs,
895 1445 1066 1531 praemisso

28 1528 131 1592 nuntio
154 1529 196 1592 ad
218 1545 366 1616 paternos
389 1551 525 1616 suosque
546 1530 673 1607 amicae,
693 1552 792 1618 quum
813 1531 954 1595 adfines
975 1531 1066 1618 regni

28 1615 220 1692 semenisset,
234 1615 402 1702 quingenti
413 1615 511 1680 ferme
525 1614 686 1680 Numidae
699 1616 739 1680 ad
751 1638 825 1680 eum
837 1627 1063 1682 convenerunt.

28 1695 120 1783 [gitur
140 1701 264 1765 Mauris
286 1702 371 1779 inde,
392 1702 474 1766 sicut
496 1714 697 1780 convenerat,
717 1715 801 1767 retro
823 1703 865 1767 ad
886 1725 994 1790 regem
1016 1725 1066 1768 re·

28 1785 128 1864 nissis,
145 1810 329 1874 quanquam
344 1787 507 1875 aliquanto
526 1790 630 1853 minor
647 1811 702 1875 spe
721 1789 901 1866 multitudo,
917 1813 977 1854 ncc
991 1811 1065 1855 eum

28 1893 81 1956 qua
103 1886 225 1937 tantam
246 1896 314 1937 rem
336 1873 465 1960 aggredi
488 1875 562 1938 satis
585 1874 727 1952 auderet,
750 1877 954 1952 conveniret3
980 1889 1066 1940 ratus

28 1959 143 2042 igendo
157 1982 194 2023 ac
209 1959 370 2023 moliendo
385 1959 466 2023 vires
482 1982 610 2046 quoque
629 1960 670 2025 ad
747 1960 847 2025 ndum
866 1961 986 2047 aliquid
1000 1961 1066 2026 col-

29 2056 185 2122 ecturum‚
204 2045 416 2132 proficiscenti
438 2045 480 2109 ad
504 2044 681 2133 Syphacem
730 2047 871 2111 acumaci
893 2046 1002 2133 regulo
1024 2047 1066 2111 ad

28 2127 185 2216 l'hapsum
200 2131 345 2195 occurrit.
391 2131 568 2218 Trepidam
583 2155 697 2218 agmen
712 2155 812 2219 quum
833 2133 867 2196 in
888 2133 998 2197 urbem
1016 2155 1066 2198 re-

28 2213 159 2301 ilgisset,
182 2218 293 2282 urbem
316 2215 487 2282 Masinissa
507 2217 610 2317 primo
633 2218 757 2304 impetu
779 2219 882 2306 capit:
908 2241 950 2283 ex
971 2219 1065 2306 regiis

28 2299 94 2366 alios
113 2303 274 2368 tradentes
291 2325 324 2367 se
342 2304 465 2390 recipit,
481 2303 557 2368 ahos
571 2305 636 2367 vim
654 2317 800 2390 parantes
817 2303 942 2369 occidit
988 2305 1066 2370 Pars

28 2389 156 2454 naxima
170 2412 244 2454 cum
259 2391 328 2539 ipso
343 2413 442 2477 puero
456 2391 541 2454 inter
555 2389 726 2454 tumultum
742 2390 782 2455 ad
800 2389 988 2478 Syphacem,
1001 2413 1066 2478 quo

29 2474 155 2539 nimum
179 2477 269 2541 inten
293 2489 383 2541 erant
404 2477 473 2553 iter,
497 2489 718 2562 pervenerunt
765 2475 862 2540 Fama
882 2475 978 2540 huius
998 2498 1066 2540 mo-

29 2559 106 2625 licae
127 2563 184 2639 rei,
201 2563 235 2626 in

29 2643 220 2712 Masinissam
250 2585 285 2711 M

279 2562 412 2712 rincipio
434 2585 541 2626 rerum
562 2584 710 2712 prospere
733 2575 831 2638 actae,
848 2563 1004 2627 convertit
1024 2561 1066 2626 ad

286 2649 351 2712 umi
376 2671 429 2712 as:
468 2647 560 2712 afflue
584 2661 703 2747 autque
734 2648 876 2735 undique
910 2671 952 2712 ex
984 2648 1066 2736 agris

29 2731 158 2820 vicisque
181 2745 304 2798 veteres
325 2734 442 2798 milites
467 2732 576 2812 Galae,
600 2745 632 2798 et
654 2735 831 2800 mvitabant
853 2735 1002 2798 iuvenem
1024 2734 1066 2798 ad

29 2820 272 2906 ecuperandum
296 2835 465 2907 paternum
489 2842 632 2906 regnum.
680 2820 825 2885 Numero
848 2821 986 2884 militum
1009 2819 1066 2883 ali·

29 2919 174 3002 puantum
201 2905 382 2970 Meaetulus
406 2908 582 3004 superabat.
630 2905 716 2969 Nam
740 2909 858 3004 etipse
879 2929 953 2970 eum
974 2928 1066 2970 exer·

29 3003 125 3069 ntum,
146 3014 211 3091 quo
238 2991 400 3078 Capusam
422 3004 551 3067 vrcerat,
570 3004 603 3055 et
626 3013 667 3054 ex
688 3003 823 3076 receptis
844 3004 916 3076 post
933 2991 1064 3054 caedem

29 3077 99 3162 'egis
128 3077 252 3164 aliquot
276 3077 432 3142 habebat:
464 3088 498 3139 et
523 3098 603 3162 puer
629 3074 822 3140 Lacumaces
852 3075 891 3139 ab
920 3073 942 3139 S
987 3075 1065 3141 hace

29 3162 137 3229 iuxilia
165 3162 309 3250 ingentia
338 3161 522 3226 adduxerat
571 3160 765 3236 Quindecim
793 3161 892 3224 millia
919 3183 960 3247 pe
985 3161 1065 3226 itum

29 3245 192 3326 Mezetulo,
207 3249 320 3314 decem
340 3247 440 3313 millia
460 3248 605 3334 equitum
625 3260 723 3311 erant.
772 3247 971 3321 Quibuscum
993 3246 1066 3311 Ma-

29 3333 137 3413 sinissa,
162 3357 365 3434 nequaquam
396 3347 519 3398 tantum
548 3332 691 3420 peditum
722 3333 905 3419 equitumve
934 3333 1065 3410 habens,

29 3420 84 3484 tcie
105 3421 258 3486 conflixit
305 3419 394 3486 Vicit
416 3433 522 3484 tamen
544 3432 577 3483 et
593 3432 737 3484 veterum
757 3418 895 3484 militum
912 3419 1011 3484 virtus
1033 3431 1067 3484 et

51 3639 131 3703 espa
143 3642 525 3718 Cartiaplainus'amsaaiatats's]
560 3639 606 3704 ipsi
625 3641 707 3689 datam
726 3638 752 3686 in
771 3637 953 3686 matrimonium
972 3637 1066 3700 Sopho-

29 3701 527 3780 31hoc1000,etnsquaaaapaasequenn
560 3706 635 3753 nisba
664 3703 722 3752 vid.
734 3709 843 3750 nostrum
854 3717 919 3764 supr.
930 3702 1014 3750 xxviii.
1029 3699 1065 3752 16.

30 3777 155 3828 lunantur,
169 3775 238 3832 patet
253 3770 465 3832 Uarthagmienses
481 3770 527 3818 La·
560 3773 585 3816 et
596 3784 625 3816 ea
636 3782 698 3829 quae
709 3766 742 3814 ibi
754 3767 931 3814 annotavimus
948 3767 1029 3816 Casu.

30 3834 114 3880 umaci
133 3839 158 3882 et
175 3835 299 3882 Meretulo
317 3839 402 3881 eontra
416 3833 526 3882 Masinis·
591 3847 607 3896 9
622 3833 665 3880 Ad
682 3832 817 3893 Thapsum]
838 3831 957 3879 Meudum
975 3829 1001 3878 in
1018 3829 1066 3878 hac

30 3909 70 3942 am
98 3897 192 3946 favisse.
237 3899 319 3958 Atque
346 3896 393 3944 hac
420 3896 527 3944 maxime
561 3911 619 3944 roca
642 3897 718 3944 latere
741 3893 895 3956 smpicantur
918 3894 1000 3955 plures
1021 3893 1065 3942 cri-

30 3973 93 4006 ausa
109 3961 225 4023 suspicari
244 3975 372 4023 possumus
389 3959 525 4008 Numidam
558 3959 609 4018 tici,
631 3967 657 4008 et
682 3958 748 4007 urbis
775 3957 882 4006 clarioris
908 3972 997 4005 nomen
1022 3972 1066 4019 pro

30 4039 34 4068 t
61 4023 303 4086 Carthaginiensibus
328 4023 463 4071 alienatum
494 4023 526 4070 sd
558 4023 639 4072 minus
653 4023 763 4085 cognitae
778 4022 843 4070 urbis
856 4021 1065 4070 nominaalibra·

30 4085 147 4136 lomauos
161 4088 272 4138 descisse
306 4088 451 4150 congruunt
465 4091 525 4134 tem·
558 4087 599 4134 riis
616 4087 733 4148 scriptam
752 4085 888 4148 essequod
906 4089 990 4132 tamen
1008 4099 1065 4132 eon·

30 4165 86 4199 rora.
121 4152 222 4200 Etenim
236 4151 367 4201 Masinissa
381 4151 454 4199 etiam
471 4155 525 4198 tum
558 4149 651 4199 iectura
661 4151 756 4212 assequi
767 4149 969 4197 difficiliusesset

30 4229 44 4260 u
58 4214 182 4278 Hispania
195 4221 256 4276 erat,
267 4231 343 4277 quum
358 4215 410 4262 eius
425 4229 526 4276 regnum
594 4229 603 4262 r
621 4217 657 4263 Et
667 4231 698 4264 aa
708 4215 823 4276 rsaaptis]
842 4212 876 4260 Et
886 4212 981 4272 aliquot
991 4209 1065 4258 habs-

30 4277 159 4329 liezetulus
186 4279 281 4330 invasit.
331 4279 420 4328 Postea
451 4291 526 4326 noras
558 4278 764 4338 bataxiiaquos
775 4275 940 4339 posteasdem
952 4273 1066 4336 Gapums

30 4341 77 4388 »dio
87 4342 140 4391 eius
149 4344 176 4392 in
188 4345 284 4393 Poenos
295 4343 356 4392 vires
366 4341 461 4391 addidit
473 4355 526 4402 pro-
558 4341 620 4404 regis
630 4342 662 4390 sd
673 4355 718 4391 stra
728 4341 795 4403 signa
805 4343 966 4389 revocaverat.
983 4337 1065 4388 cm.

30 4403 85 4452 ecto
106 4408 196 4457 tradita
217 4407 324 4470 Syphaci
346 4413 430 4455 contra
451 4405 526 4454 fidem
