2874 4772
350 189 412 252 276
728 179 842 248 ΤΙΤΙ
871 179 1008 250 LIVII
1080 180 1085 188 '

198 329 272 381 tto.
288 344 341 394 540·
352 329 362 358 ‘
373 322 496 409 misque
510 320 620 385 vestris
641 315 755 396 oblata,
774 319 976 384 memorabile
998 317 1079 384 illud
1095 319 1198 384 edidit
1217 319 1390 408 proelium:

194 397 226 444 A.
242 396 272 445 ⁰·
289 411 342 445 ²¹²·
353 416 436 496 ‘quo
454 407 680 473 documentum
698 405 829 470 dedistis
847 405 999 484 hostibus,
1015 427 1081 470 non
1102 429 1175 472 cum
1192 405 1392 494 Scipionibus

352 496 563 561 ‘exstinctum
584 515 651 558 esse
673 515 790 558 nomen
813 492 1013 559 Romanum
1038 506 1080 570 et,
1102 495 1194 558 cuius
1216 494 1332 581 populi
1352 495 1392 557 vis

352 589 367 620 ‘
373 595 469 670 atque
484 581 583 646 virtus
597 603 663 645 non
680 581 793 645 obruta
806 581 847 644 sit
863 579 1027 646 Cannensi
1042 579 1142 656 clade,
1156 603 1200 644 ex
1216 581 1310 645 omni
1327 604 1392 669 pro·

352 675 362 706 ‘
372 669 455 734 fecto
474 668 604 733 saevitia
616 667 760 732 fortunae
777 689 968 732 emersuram
983 690 1059 732 esse.
1104 665 1215 744 Nunc,
1231 669 1313 754 quis
1331 683 1392 732 tm-

352 762 442 821 ‘tum
456 751 524 820 ausi
538 755 612 820 estis
625 767 738 841 sponte
746 765 858 830 vestra,
874 753 1011 841 experiri
1025 753 1112 831 libet,
1124 769 1289 840 quantum
1303 756 1393 820 sude·

352 843 431 908 ‘atis
451 842 532 907 duce
546 855 650 906 vestro
669 853 805 905 auctore.
851 839 928 905 Non
942 841 1029 905 enim
1050 839 1201 905 hesterno
1214 841 1284 918 die,
1300 865 1393 928 quum

351 930 496 1017 ‘signum
519 927 661 1015 receptui
682 926 758 992 dedi
779 927 984 1014 sequentibus
1006 927 1103 991 effuse
1120 927 1212 991 vobis
1237 929 1393 994 ωώιωιι]

351 1016 503 1094 ‘hostem
511 1015 654 1101 frangere
666 1013 828 1078 audaciam
839 1027 984 1090 vestram,
995 1013 1050 1078 scd
1060 1013 1188 1078 differre
1198 1014 1234 1077 in
1247 1015 1394 1080 maiorem

351 1103 504 1192 ‘gloriam
518 1115 613 1188 atque
624 1101 901 1188 opportunitatem,
912 1100 1016 1164 volui:
1041 1113 1076 1165 ut
1087 1100 1261 1200 postmodo
1270 1124 1395 1190 praepa·

352 1191 429 1254 ‘rati
454 1190 606 1265 incautos,
630 1188 741 1251 armati
765 1187 911 1264 inermes,
935 1202 1031 1274 atque
1059 1201 1156 1252 enam
1182 1189 1319 1274 sopitos,
1346 1212 1396 1278 per

352 1277 569 1342 ‘occasionem
584 1273 712 1361 aggredi
726 1275 866 1361 possetis.
912 1271 983 1338 Nec
998 1273 1092 1338 huius
1105 1274 1288 1339 occasionis
1302 1299 1396 1365 spem,

352 1363 497 1442 ‘milites
509 1363 589 1427 forte
605 1377 733 1437 temere,
749 1359 805 1424 sed
819 1383 861 1424 ex
871 1383 905 1424 re
920 1360 989 1447 ipsa
1002 1373 1189 1447 conceptam
1204 1361 1325 1429 habeo.
1369 1365 1397 1427 A

350 1458 361 1488 ⁴
372 1451 459 1515 vobis
474 1471 601 1550 quoque
608 1449 751 1548 proiecto
765 1448 789 1510 si
806 1447 877 1533 quis
886 1459 1025 1534 quaerat,
1037 1469 1178 1534 quonam
1190 1449 1294 1514 modo
1310 1451 1395 1538 pauci

350 1545 391 1601 ‘a
410 1535 617 1612 mult1s,viet1
637 1557 656 1598 a
674 1533 843 1598 victoribus
864 1547 965 1598 castra
983 1535 1076 1598 tutati
1095 1534 1181 1610 sitis3
1205 1535 1295 1600 nihil
1317 1537 1396 1602 aliud

351 1621 596 1710 ‘respondeatis
635 1642 708 1684 uam
723 1619 757 1684 id
770 1620 874 1708 ipsum
890 1621 1037 1684 timentes
1051 1643 1106 1684 vos
1120 1622 1232 1686 omnia
1249 1637 1286 1687 et
1299 1626 1397 1711 operi·

351 1711 430 1774 ‘bus
444 1709 567 1773 linuata
580 1643 734 1783 haiimisse,
750 1721 784 1770 et
797 1707 808 1770 i
831 1729 881 1771 sos
895 1720 1018 1794 paratos
1039 1707 1282 1795 instructosque
1297 1711 1395 1776 fuisse

350 1795 416 1861 ‘Et
437 1796 482 1860 ita
502 1817 535 1860 se
552 1817 602 1859 res
624 1793 727 1858 habet
773 1731 830 1858 Ad
847 1792 891 1870 id,
914 1793 1010 1880 quod,
1026 1816 1067 1858 ne
1088 1795 1254 1873 timeatur,
1276 1797 1410 1863 sommas

349 1883 454 1960 ‘facit
476 1882 605 1946 minime
628 1881 689 1946 tuti
710 1893 784 1944 sunt
806 1880 967 1945 homines:
991 1881 1075 1967 quia,
1094 1881 1183 2031 quod
1206 1884 1395 1970 neglexeris,

349 1971 531 2035 ‘incautum
557 1980 652 2055 atque
683 1979 825 2054 apertum
852 1966 975 2032 habeas.
1021 1967 1101 2032 Nihi
1137 1969 1294 2034 omnium
1317 1993 1396 2036 nunc

348 2065 359 2095 ‘
369 2057 474 2123 minus
493 2069 640 2120 metuunt
661 2054 776 2131 hostes,
791 2075 888 2141 quam
906 2077 948 2118 ne
966 2053 1081 2118 obsessi
1103 2053 1203 2119 modo
1223 2056 1292 2144 ipsi
1307 2073 1396 2146 atque

348 2143 543 2232 ‘oppugnati
555 2155 655 2206 castra
663 2163 720 2204 sua
730 2139 813 2205 ultro
822 2163 907 2228 oppu
952 2163 1049 2205 emus.
1095 2139 1306 2222 Audemus,
1318 2145 1396 2234 qnod

348 2231 453 2295 ‘credi
467 2251 533 2294 non
547 2241 651 2316 potest
665 2249 793 2292 ausuros
803 2251 869 2292 nos
979 2228 1056 2314 ipso,
1068 2227 1155 2314 quod
1169 2227 1395 2297 difficillimum

348 2315 503 2393 ‘videtur‚
518 2315 702 2379 facillimum
725 2314 793 2378 erit
839 2315 951 2379 Tertia
964 2313 1070 2400 vigilia
1090 2314 1195 2379 noetis
1216 2317 1336 2384 silenti
1351 2343 1396 2406 ag·

348 2403 454 2466 ‘mine
485 2402 599 2467 ducam
627 2423 691 2465 vos
737 2399 945 2488 Exploratum
977 2400 1088 2477 habeo,
1118 2423 1182 2465 non
1216 2405 1395 2492 vigiliarum

349 2497 359 2526 ‘
370 2489 524 2565 ordinem,
538 2511 605 2552 non
619 2489 768 2552 stationes
782 2488 879 2552 iustas
898 2509 974 2551 esse.
1022 2486 1152 2552 Clamor
1165 2488 1203 2552 in
1223 2495 1336 2577 portis
1348 2517 1396 2557 ao·

348 2575 454 2638 ‘ditus
472 2588 505 2638 et
518 2575 639 2662 primus
653 2574 789 2660 impetus
804 2587 903 2638 castra
918 2573 1045 2660 ceperit.
1090 2573 1176 2638 Tum
1192 2577 1287 2642 inter
1307 2581 1395 2680 torpi-

348 2660 427 2725 ‘dos
438 2683 558 2738 somno,
573 2675 786 2748 paventesque
802 2661 843 2724 ad
857 2663 1080 2748 necopinatum
1095 2661 1291 2742 tumultum,
1308 2681 1342 2731 et
1354 2690 1395 2730 ur·

345 2756 359 2785 '‘
370 2769 472 2812 ermes
482 2747 516 2811 in
538 2747 693 2812 cubilibus
707 2749 771 2812 suis
786 2769 957 2835 oppressos,
968 2747 1022 2812 illa
1031 2747 1143 2812 caedes
1156 2748 1293 2831 edatur,
1305 2777 1327 2818 a
1340 2776 1394 2838 qus

347 2842 424 2899 ‘vos
443 2833 589 2899 hesterno
610 2834 663 2898 die
685 2849 844 2900 revocatos
867 2855 959 2922 aegre
979 2834 1132 2899 ferebatis.
1180 2833 1273 2915 Scio,
1296 2841 1393 2904 audss

348 2930 359 2960 ‘
368 2921 469 2986 videri
491 2919 673 2985 consilium:
697 2920 754 2984 sed
767 2920 802 2984 in
817 2921 910 2985 rebus
927 2921 1043 3007 asperis
1062 2936 1096 2986 et
1111 2923 1201 2986 tenui
1216 2946 1280 3024 spe
1296 2927 1393 2991 fortis·

348 3009 448 3073 ‘sima
468 3029 614 3094 quaeque
635 3006 766 3072 conside
789 3007 944 3072 tutissima
964 3021 1056 3072 sunt:
1084 3007 1167 3094 quia,
1190 3010 1216 3073 si
1239 3034 1282 3076 sn
1310 3035 1393 3078 occs-

348 3096 463 3160 ‘sionis
478 3107 648 3171 momento,
664 3093 754 3158 cuius
768 3091 976 3180 praetervolat
987 3095 1214 3194 opportunitas,
1224 3113 1392 3164 cunctatas

348 3181 511 3268 ‘paullum
524 3181 629 3257 fueris,
639 3180 852 3281 nequicquam
867 3203 941 3244 mox
952 3203 1097 3254 Qm1ssam
1108 3203 1252 3268 quaeras.
1307 3187 1392 3251 Unus

346 3268 526 3332 ‘exercitus
554 3268 588 3330 in
617 3289 795 3356 propinquo
823 3280 887 3332 est:
918 3267 983 3332 duo
1011 3267 1097 3332 haud
1124 3269 1237 3355 procul
1271 3273 1389 3338 absum

347 3353 467 3418 ‘Nune
516 3354 731 3441 gredientibus
740 3377 810 3440 spes
819 3354 925 3440 aliqua
933 3367 993 3418 est:
1010 3355 1389 3425 otiamtentsstissestm

348 3450 464 3528 ‘atque
488 3441 613 3505 ilorum
638 3441 728 3504 vires
775 3440 809 3505 Si
833 3440 919 3505 diem
944 3440 1138 3528 proferimus,
1164 3454 1199 3506 et
1222 3443 1390 3511 haeoemae

348 3527 542 3614 ‘eruptionis
563 3527 647 3591 fama
667 3527 827 3592 contemni
849 3525 1044 3604 desierimus
1065 3528 1245 3614 periculum
1272 3547 1330 3610 est,
1350 3555 1389 3595 ne

346 3625 478 3679 ‘omnes
503 3613 609 3691 duces,
639 3635 750 3679 omnes
777 3613 888 3700 copiae
916 3615 1113 3679 conveniant
1159 3614 1245 3681 Tres
1275 3618 1389 3684 deinde

347 3699 472 3776 ‘duces,
483 3713 545 3764 tres
556 3701 712 3765 exercitus
723 3701 945 3765 sustinebimus
955 3698 1102 3777 hostium,
1112 3723 1193 3789 quos
1207 3701 1272 3768 Cn.
1287 3705 1390 3794 Scipio

347 3786 519 3851 ‘incolumi
530 3787 671 3851 exercitu
682 3810 745 3851 non
758 3787 928 3852 sustinuit?
951 3785 998 3851 Ut
1009 3785 1179 3853 dividendo
1195 3793 1308 3877 copias
1323 3816 1389 3881 per-

346 3872 431 3936 ‘iere
453 3871 550 3936 duces
572 3874 680 3950 nostri,
703 3874 748 3938 ita
770 3873 904 3961 separati
926 3895 963 3937 ao
985 3873 1077 3938 divisi
1096 3875 1233 3962 opprimi
1259 3895 1389 3966 possunt

378 4151 392 4199 3
408 4138 451 4185 Ad
464 4137 498 4195 td,
509 4137 580 4200 quod,
590 4151 622 4185 ne
632 4139 759 4196 timeatur]
777 4137 849 4186 Nihil
882 4143 936 4198 tur;
954 4141 1021 4202 quod
1036 4147 1119 4190 autem
1140 4141 1292 4205 neglexeris,
1310 4148 1388 4194 ineas

345 4201 425 4249 minus
446 4205 527 4248 tutum
549 4204 585 4247 est
608 4199 754 4259 hominibus,
776 4215 849 4262 quam
881 4208 935 4251 turn
951 4210 1025 4266 stqne
1040 4209 1151 4267 apertum
1166 4213 1215 4265 est,
1227 4224 1258 4258 ae
1272 4212 1389 4260 facillime

344 4265 410 4326 quod
431 4279 543 4326 praesens
559 4265 656 4311 fortuna
670 4269 737 4311 votat
753 4264 847 4314 timeri:
881 4266 944 4314 hosti
964 4274 1040 4330 petat.
1054 4269 1136 4320 cmv.
1168 4273 1213 4320 Ad
1228 4275 1321 4332 id...
1333 4283 1390 4326 tufi.

344 4329 459 4390 quonism
474 4327 499 4376 id
516 4328 659 4389 plenamque
669 4328 701 4374 sb
711 4327 741 4374 iis
750 4329 848 4389 negligi·
881 4331 912 4380 cl.
923 4330 977 4381 infr.
987 4333 1072 4382 mvi.
1083 4347 1121 4395 32.
