2966 4778
385 193 481 260 LIB.
507 193 637 260 XXIII.
671 195 783 261 CAP.
810 201 859 262 10.
1084 199 1142 260 131

93 335 207 392 ‘surus
235 349 270 392 es
298 327 536 393 Hannibalem?
568 329 680 406 Quid?
710 329 763 394 illa
785 331 878 396 turba
900 342 948 395 tot
972 329 1143 395 liberorum
1155 342 1230 392 tac.
1247 341 1300 404 53⁶·

92 422 359 501 ‘servorumque;
390 414 492 502 quid?
526 416 560 479 in
590 437 689 480 unum
720 418 836 482 intenti
865 418 1007 483 omnium
1037 409 1183 492 oculi3A·
1202 408 1231 456 ⁰·
1247 406 1301 455 ²¹⁶·

91 501 219 586 ‘quidt
241 512 290 566 tot
309 501 450 578 dextrae,
463 513 683 589 torpescentne
699 503 733 566 in
753 505 892 569 amentis
906 503 985 568 illa?
1007 503 1143 568 Vultum

92 585 213 672 ‘ipsius
228 585 429 665 Hannibalis,
441 610 538 675 quern
554 589 665 653 armati
680 591 839 654 exereitus
852 591 1006 655 sustinere
1022 612 1144 677 neque-

91 680 183 750 ‘unt‚
200 694 297 759 quem
311 673 420 738 horret
428 673 565 761 populus
581 674 755 753 Romanus,
769 688 804 740 tu
815 676 1006 741 sustinebis?
1028 688 1070 754 et,
1083 675 1144 741 alia

91 759 235 824 ‘auxilia
248 758 363 837 desint,
380 782 431 824 me
447 759 550 860 ipsum
564 760 668 839 ferire,
678 784 792 862 corpus
804 785 910 827 meum
926 775 1142 850 opponentem

91 854 174 934 ‘pro
203 867 334 934 corpore
366 845 565 925 Hannibalis,
590 847 781 912 sustinebis?
820 847 921 936 Atqui
951 871 1010 936 per
1034 871 1142 913 meum

91 942 224 1082 ‘pecora
242 931 400 1020 petendus
420 931 473 997 ille
489 933 548 998 tibi
564 933 859 1084 transfigenduqque
874 947 931 999 est.
977 934 1142 1000 Deterreri

91 1029 102 1058 ‘
138 1019 168 1083 ic
183 1019 251 1083 siue
266 1033 298 1084 te
313 1019 428 1106 potius,
444 1040 540 1106 quam
561 1019 625 1084 illic
640 1020 734 1084 vinci.
812 1021 917 1086 aleant
932 1043 1042 1108 preces
1056 1021 1141 1106 apud

91 1114 147 1169 ‘te
162 1127 262 1182 meae,
274 1105 356 1170 siout
366 1127 424 1192 pro
435 1118 465 1170 te
479 1104 576 1170 hodie
587 1106 773 1171 valuerunt'
818 1106 1053 1171 Lacrimantem
1065 1107 1140 1171 inde
1151 1115 1219 1165 Patri
1228 1116 1293 1166 cedit

89 1193 242 1256 iuvenem
277 1213 420 1268 cernens,
455 1191 597 1256 medium
631 1191 861 1293 complectitur,
891 1207 999 1294 atque,
1034 1192 1141 1258 osculo
1152 1181 1257 1230 ¹²⁶¹⁰¹¹⁸·

88 1277 236 1354 haerens,
251 1299 316 1342 non
336 1291 411 1342 ante
432 1278 579 1365 precibus
601 1279 730 1357 abstiut,
769 1301 842 1344 uam
861 1281 1005 1366 pervrclt,
1021 1291 1058 1344 ut
1096 1279 1141 1344 la·

88 1363 183 1428 dium
202 1376 345 1450 poneret,
361 1364 523 1452 fidemque
541 1363 641 1442 daret,
659 1365 740 1429 nihil
772 1379 916 1430 acturum
936 1365 1008 1430 tale.
1055 1303 1141 1429 tium

88 1449 226 1526 iuvenis,
248 1457 258 1487 ‘
270 1449 340 1536 Ego
358 1451 509 1536 quidem,’
529 1450 563 1514 in
587 1451 676 1529 uit‘
707 1473 781 1515 uam
804 1452 923 1552 patriae
941 1449 1054 1529 debeo,
1072 1452 1141 1539 pie·

90 1544 211 1600 ‘tatem
233 1535 394 1601 exsolvam
416 1537 507 1636 patri.
585 1559 658 1602 uam
681 1473 774 1602 doleo
791 1559 904 1615 mcem,
924 1537 977 1602 cui
999 1551 1048 1602 ter
1068 1559 1141 1626 pro-

89 1622 198 1686 ‘ditae
213 1623 332 1708 patriae
347 1621 568 1688 sustrnendum
585 1637 632 1688 est
644 1624 783 1700 crimen3
807 1623 915 1701 semel,
925 1647 1026 1712 quum
1035 1624 1141 1689 defec-

88 1707 210 1772 ‘tionis
232 1709 271 1772 ab
295 1707 466 1786 Romanis3
490 1710 616 1788 iterum,
635 1732 735 1797 quum
753 1711 839 1798 pacis
861 1731 935 1775 eum
959 1709 1140 1775 Hannibale

88 1794 199 1859 ‘fuisti
221 1807 347 1872 auctor3
379 1796 473 1860 tertio
495 1795 600 1872 hodie,
624 1819 724 1883 quum
750 1795 963 1862 restituendae
987 1796 1141 1862 Romanis

89 1879 248 1968 ‘Capuae
271 1903 360 1946 mora
381 1895 477 1968 atque
499 1881 764 1968 impedimentum
785 1905 827 1948 es
873 1883 936 1960 Tu,
952 1883 1063 1969 patria,
1078 1882 1139 1947 fer·

61 1989 73 2024 r
88 1976 195 2044 ‘rum,
210 1990 276 2053 quo
290 1989 348 2054 pro
363 1981 395 2032 te
410 1980 547 2032 armatus
562 1967 644 2032 hanc
659 1991 764 2034 arcem
778 1969 917 2034 hostium
933 1968 1001 2045 inii,
1034 1967 1141 2032 uando

88 2062 227 2141 ‘parens
250 2066 429 2140 extorquet,
444 2054 570 2141 recipe.’
615 2053 706 2118 Haeo
750 2077 828 2119 uum
843 2054 982 2131 dixisset,
998 1991 1142 2140 gladium

86 2140 125 2204 in
141 2139 305 2226 publicum
325 2152 412 2204 trans
430 2140 598 2205 maceriam
620 2140 705 2204 horti
727 2162 746 2204 s
767 2140 861 2206 iecit:
887 2153 929 2217 et,
950 2163 1015 2226 quo
1036 2140 1142 2203 minus

85 2247 141 2290 res
156 2239 301 2313 sempecta
315 2241 407 2304 esset,
422 2249 455 2291 se
471 2227 537 2314 ipse
549 2226 694 2291 convivio
708 2226 857 2290 reddidit.

135 2311 268 2377 Postero
296 2312 349 2377 die
379 2326 506 2378 senatus
533 2312 683 2398 frequens
712 2311 805 2377 datus
834 2311 1017 2377 Hannibali
1075 2311 1141 2378 Ubi
1201 2317 1249 2377 10.

113 2399 195 2462 rima
208 2399 276 2462 eius
287 2399 387 2464 oratio
401 2398 575 2487 perblanda
585 2421 622 2462 ac
636 2398 776 2486 benigna
788 2399 859 2477 fruit,
871 2421 936 2487 qua
948 2399 1064 2487 gratias
1075 2399 1141 2486 egit
1150 2399 1278 2449 Hannibal

85 2421 276 2572 {lampenis
288 2484 377 2571 quod
391 2485 560 2549 amicitiam
575 2507 664 2549 suam
682 2484 998 2574 Romanaetsocietati
1007 2507 1141 2573 praepo-
1151 2465 1215 2576 ¹?ss
1225 2465 1280 2578 ἕξ

86 2571 244 2636 suissent:
268 2583 302 2636 et
312 2571 398 2636 inter
408 2583 513 2636 cetera
524 2571 693 2658 magnifica
705 2572 858 2659 promissa
868 2571 1037 2658 pollicitus,
1053 2572 1140 2636 brevi
1148 2543 1206 2641 lidi
1218 2597 1299 2654 postu·

87 2670 188 2744 caput
202 2656 312 2721 Italiae
333 2658 421 2722 omni
437 2657 583 2744 Capuam
598 2658 675 2736 fore,
691 2659 760 2722 iura
783 2679 823 2722 ue
838 2657 914 2722 inde
934 2681 1007 2723 cum
1027 2657 1141 2723 ceteris
1149 2656 1193 2706 tsr.

133 2743 216 2832 pulis
233 2742 416 2808 Romanum
431 2744 527 2808 etiam
541 2745 725 2831 petiturum.
760 2681 884 2810 (llum
898 2767 968 2810 esse
983 2759 1141 2810 exsortem

120 2829 233 2894 unicae
248 2828 405 2895 amicitiae
415 2829 508 2894 foede
526 2831 532 2844 '
573 2853 614 2894 ue
625 2851 734 2896 secum
747 2829 833 2909 facti,
843 2853 939 2981 qssem
952 2853 1057 2918 neque
1072 2853 1140 2895 esse

89 2913 175 2980 Cam
199 2937 306 2994 anum,
328 2938 435 3016 neque
457 2851 670 2996 dioisdlebere,
692 2915 838 3004 Magium
895 2917 1008 2982 eciam.
1055 2915 1140 2980 Eum
1177 2975 1193 2996 ,

197 3025 260 3079 are,
277 3016 314 3066 ut
327 3002 388 3067 sibr
407 3002 553 3081 dedatur,
569 3025 605 3068 ac
620 3025 654 3068 se
674 3015 840 3090 praesente
859 3002 900 3068 de
918 3025 958 3067 eo
977 3002 1139 3078 referatur,

85 3102 282 3176 senatusque
312 3088 492 3154 consultum
518 3089 581 3153 fiat.
640 3088 762 3155 Omnes
791 3089 825 3152 in
855 3111 926 3152 earn
950 3088 1140 3153 sententiam

86 3175 214 3239 ierunt:
262 3197 423 3262 uanquam
438 3197 572 3262 magnae
587 3174 669 3262 parti
684 3187 718 3240 et
734 3175 782 3238 vir
798 3174 948 3260 indignus
962 3195 999 3238 ea
1013 3174 1141 3238 calami·

86 3273 167 3338 tate,
190 3274 223 3326 et
239 3197 335 3326 baud
358 3283 455 3349 parvo
478 3261 571 3326 initio
593 3261 695 3325 minui
715 3259 883 3324 videbatur
907 3260 956 3324 ius
977 3259 1138 3324 libertatis

58 3371 75 3404 2
88 3347 245 3435 Egressus
260 3349 356 3425 curia,
372 3349 407 3412 in
422 3346 541 3436 templo
556 3347 797 3434 magistratuum
811 3345 973 3420 consedit3
997 3365 1141 3433 compre·

87 3433 254 3521 hendique
278 3433 416 3500 Decium
440 3433 596 3522 Magium,
619 3445 715 3520 atque
737 3445 811 3496 ante
833 3431 931 3520 pedes
952 3431 1140 3496 destitutum

86 3543 217 3586 causam
237 3520 342 3586 dicere
363 3521 461 3586 iussit.
509 3519 578 3596 Qui
599 3542 710 3606 quum,
729 3531 877 3585 manente
897 3518 1014 3584 ferocia
1030 3518 1138 3596 animi,

60 3619 223 3694 anegaret
245 3606 314 3695 lege
329 3607 465 3673 foederis
486 3606 522 3671 id
542 3605 614 3693 cogi
631 3627 732 3694 posse,
753 3619 822 3671 tum
842 3606 976 3670 iniectae
998 3617 1139 3681 catenae,

86 3693 230 3781 ducique
252 3705 326 3758 ante
343 3693 488 3759 lictorem
508 3693 542 3758 in
558 3706 660 3758 castra
680 3705 729 3758 est
743 3692 853 3758 iussus.
901 3689 1017 3769 Quoad
1037 3691 1153 3779 capite

125 3958 135 3992 r
155 3945 231 3994 Hono
241 3959 321 3995 mera
331 3945 501 4006 meamea]
519 3945 559 3993 Ita
570 3957 601 3994 ex
633 3943 759 4008 ligandum
770 3958 822 3994 esse
832 3943 949 4004 tribunal,
960 3943 1011 3994 sias
1023 3945 1090 4007 quod
1105 3944 1140 3993 in-

85 4007 264 4058 emendatione
277 4009 398 4058 Rubenii:
417 4014 526 4058 cetemm
536 4010 601 4058 banc
633 4013 750 4071 augurato
759 4013 927 4057 consecratum
938 4009 1067 4068 amasius
1075 4008 1140 4072 quod

84 4087 172 4123 arcem
182 4073 424 4134 dasmdsreoolsbam
433 4073 538 4122 Oroaet
549 4073 600 4134 ple·
633 4072 716 4122 omnia
747 4073 802 4120 loos
832 4073 968 4121 excelstora
999 4077 1142 4128 voearentur

85 4137 603 4249 “atttttata‘stttttat
634 4137 953 4261 “mltmlw‘llt'u
969 4214 1028 4248 ,Ἡ
1052 4197 1076 4245 t
1103 4196 1134 4246 2⁶

84 4215 167 4324 ’ἔξω
179 4215 235 4325 qil
241 4264 368 4314 Hannibal
379 4265 552 4314 divertebatur.
634 4213 943 4328 srq³uuam⁶⁰i09l⁰⁸lirqua
963 4213 1141 4323 conlua‘pos'

123 4343 137 4376 a
157 4329 190 4376 Ia
206 4330 292 4390 templo
306 4329 506 4390 rnapirtrutrsrtm]
525 4328 602 4378 Intel-
635 4333 694 4376 sertt.
953 4408 977 4450 R
993 4392 1011 4449 2
