2866 4770
340 221 403 281 504
723 212 838 278 ΤΙΤΙ
866 211 1001 278 LIVII

187 365 220 414 U.
233 365 262 414 ο.
279 349 428 429 549.Tum
458 359 638 434 praetorum
666 348 847 435 provinciae
873 349 908 412 in
934 359 1051 414 sortem
1077 348 1254 412 coniectae.
1301 346 1384 412 Iuris·

186 429 216 478 A.
233 429 263 480 ⁰·
279 443 335 492 ²⁰³·
343 434 516 500 dictionem
535 436 689 499 urbanam
703 434 821 499 Paetus
836 434 958 512 Aelius,
977 433 1160 498 Sardiniam
1175 433 1214 496 P.
1228 433 1381 509 Lentulus,

345 521 484 586 Siciliam
499 519 536 584 P.
548 519 674 597 Villius,
692 521 875 584 Ariminum
890 543 964 585 cum
978 520 1103 585 duabus
1125 519 1310 606 legionibus
1323 521 1381 605 (sub

342 607 494 672 Lucretio
517 606 632 694 Spurio
653 629 710 672 eac
730 605 873 692 fuerant)
893 605 1089 682 Quinctilius
1104 605 1216 669 Variis
1238 621 1288 670 est
1306 607 1381 670 sorti·

343 706 402 759 tus.
449 691 493 758 Et
508 692 659 758 Lucretio
703 705 884 779 rorogatum
905 693 1084 778 imperium,
1105 705 1144 755 ut
1166 691 1317 756 Genuam
1336 715 1380 778 op

343 779 453 868 pidum
480 801 499 843 a
525 779 666 866 Magone
719 801 802 844 oeno
828 777 969 842 dirutum
991 777 1234 842 exaedificaret.
1279 779 1314 842 P.
1327 777 1380 843 Sci·

343 867 441 954 pioni,
457 887 523 930 non
543 879 606 929 tem
650 866 701 942 ris,
717 864 774 929 sed
795 864 842 928 rei
863 863 1020 951 gerendae
1041 865 1117 941 fine,
1134 863 1247 928 donec
1260 863 1379 929 debella·

344 966 413 1017 tum
435 951 470 1015 in
485 951 595 1016 Africa
608 887 699 1028 liiiet,
715 963 918 1038 prorogatum
933 951 1102 1050 imperium
1117 963 1190 1014 esti
1219 950 1378 1015 decretam-

344 1061 417 1124 que,
433 1051 469 1102 ut
490 1036 678 1124 supplicatio
700 1037 800 1114 fieret,
816 1036 904 1136 quod
926 1036 952 1100 is
973 1059 1007 1100 in
1028 1036 1176 1100 Afii'eam
1200 1037 1378 1123 pmrinciuu

343 1123 524 1200 traiecisset,
540 1137 577 1187 ut
591 1146 629 1188 ea
646 1145 696 1188 res
716 1123 858 1188 salutaris
919 1121 996 1208 pulo
1011 1121 1164 1186 Romano
1180 1123 1308 1210 ipsique
1321 1123 1377 1186 dud

266 1254 275 1272 .
343 1223 438 1310 atque
454 1210 608 1274 exercitui
623 1223 713 1274 esset
760 1209 798 1272 In
817 1207 881 1272 Sici
894 1209 955 1272 iam
971 1208 1030 1272 tria
1044 1207 1148 1271 millia
1166 1209 1308 1274 militum
1321 1224 1377 1272 sunt

341 1309 467 1396 scripta,
490 1309 523 1360 et
546 1296 631 1382 quia,
656 1295 744 1382 quod
765 1295 885 1359 roboris
910 1316 948 1358 ea
976 1295 1142 1380 provincia
1172 1294 1377 1370 habueratis

343 1382 485 1448 Africam
511 1395 723 1447 transvectum
746 1381 867 1457 fuerat3
896 1391 930 1445 et
975 1380 1037 1456 uia,
1062 1402 1104 1443 ne
1130 1403 1201 1466 qua
1228 1381 1331 1446 clamis
1348 1395 1392 1444 eit

342 1467 452 1532 Africa
474 1468 642 1545 traiiceret,
665 1467 874 1554 quadraginta
898 1488 970 1530 navi
993 1487 1029 1530 us
1054 1466 1214 1530 custodiri
1237 1467 1378 1554 placuerat

343 1553 469 1618 Siciliae
492 1555 681 1618 maritimam
701 1575 797 1618 oram.
844 1552 1011 1617 Tredecim
1034 1575 1134 1616 novas
1157 1575 1262 1618 naves
1283 1553 1378 1616 Villiis

341 1661 448 1704 secum
464 1639 498 1704 in
512 1638 651 1705 Siciliam
667 1640 776 1704 duxit:
802 1651 924 1703 ceterae
936 1639 970 1702 iii
982 1637 1090 1702 Sicilia
1103 1651 1237 1704 veteres
1252 1640 1375 1705 refertar.

342 1723 429 1790 Huic
444 1725 534 1790 classi
550 1725 597 1790 M.
609 1725 816 1812 Pomponius,
831 1725 943 1811 prioris
964 1725 1040 1788 anni
1085 1737 1205 1802 raetor,
1228 1745 1376 1814 prorogas

341 1812 474 1912 imperiq
499 1813 705 1899 praepositus,
731 1833 830 1876 novos
856 1809 971 1875 milites
996 1833 1038 1875 ex
1061 1746 1158 1874 ltalia
1184 1812 1376 1877 adrectosin

340 1919 436 1964 naves
465 1898 624 1985 imposuit.
675 1897 790 1962 Parem
815 1897 944 1960 navium
969 1917 1140 1960 numerum
1167 1897 1237 1963 Cn.
1252 1899 1390 1971 Octavia:

340 1985 477 2134 qraetori
498 1984 577 2050 item
598 1983 711 2070 prioris
732 1982 818 2059 anni,
834 2005 907 2047 cum
927 1983 996 2068 pari
1013 1983 1081 2046 iure
1097 1983 1232 2069 imperii
1248 1983 1291 2048 ad
1304 1999 1376 2048 men-

363 2092 413 2134 am
435 2069 599 2134 Sardiniae
617 2091 704 2136 oram
723 2068 835 2134 Patres
855 2068 1071 2132 decreverunt
1118 2067 1288 2134 [acunilus
1307 2091 1377 2156 prae·

340 2167 391 2222 tor
412 2155 478 2221 duo
499 2156 598 2220 millia
620 2155 755 2220 militum
777 2153 853 2220 dare
878 2154 911 2217 in
935 2175 1031 2218 naves
1052 2154 1168 2219 iussus.
1218 2155 1265 2220 Et
1287 2155 1377 2220 Italiac

340 2264 404 2319 ora,
420 2242 497 2328 quia
510 2243 666 2306 incertum
682 2255 758 2318 erat,
774 2261 840 2326 quo
854 2239 978 2304 missuri
993 2239 1125 2304 classem
1143 2240 1378 2330 Carthaginien-

339 2349 389 2392 ses
402 2328 516 2405 forent,
532 2327 736 2414 (videbantur
750 2339 867 2404 autem,
883 2325 1038 2412 quicquid
1052 2325 1216 2391 nudatum
1232 2327 1379 2415 praen'din

337 2427 429 2491 esset,
445 2413 591 2501 petituri)
606 2412 654 2477 Μ
666 2411 800 2489 Marcio,
820 2412 957 2499 praetori
979 2412 1093 2498 prioris
1115 2413 1205 2490 anni,
1224 2437 1300 2479 cum
1321 2413 1378 2478 tod-

338 2498 414 2563 dem
428 2500 561 2564 navibus
576 2499 696 2564 tuenda
710 2499 784 2563 data
798 2511 854 2564 est.
900 2497 978 2562 Tria
995 2497 1096 2562 millia
1114 2499 1263 2564 militum
1277 2502 1310 2564 in
1323 2521 1378 2563 ean

334 2583 465 2650 classem
487 2607 528 2650 ex
550 2585 678 2650 decreto
700 2584 832 2650 Patrum
854 2583 998 2648 consules
1021 2584 1232 2670 scripserunt,
1256 2602 1291 2650 et
1311 2586 1374 2649 das

338 2668 479 2755 legiones
501 2672 636 2737 urbanas
657 2670 699 2735 ad
720 2671 841 2735 incerta
855 2668 938 2735 belli.
985 2668 1164 2756 Hispaniae
1180 2693 1259 2736 cuin
1275 2671 1390 2736 exciri-³

338 2755 422 2819 tibus
437 2756 635 2842 imperioque
650 2757 808 2820 veteribus
822 2757 865 2820 im
908 2756 1072 2833 tatoribus,
1089 2755 1128 2820 L
1141 2757 1293 2823 Lentulo
1304 2755 1375 2822 etl.

338 2839 463 2908 Manlio
478 2842 629 2920 Acidino,
645 2841 800 2908 decretae.
846 2779 972 2928 llieginti
994 2843 1126 2907 omuino
1148 2843 1340 2930 legionibus,
1353 2859 1376 2906 et

227 3013 234 3027 ·
337 2940 467 2992 centum
495 2929 660 3014 sexaginta
688 2930 821 2993 navibus
849 2927 952 3013 longis
981 2949 1031 2992 res
1059 2928 1212 2994 Romana
1240 2953 1282 2995 eo
1309 2949 1375 2992 mni

376 3027 432 3079 sta
1427 3037 1428 3040 ’

335 3035 546 3165 gePraetores
560 3101 594 3164 in
609 3099 786 3186 provincias
797 3099 842 3164 ire
855 3099 938 3163 iussi.
976 3098 1175 3164 Consulibus
1187 3101 1374 3188 imperatum¹

335 3186 435 3271 prius
487 3209 519 3249 m
534 3187 574 3250 ab
589 3187 666 3250 urbe
681 3185 964 3273 proficiscerentur,
979 3184 1071 3250 ludos
1087 3207 1226 3272 magnos
1241 3188 1389 3256 faceram

336 3293 416 3356 quos
424 3209 470 3336 ql.
482 3271 625 3336 Manlius
637 3272 818 3358 Torquatus
832 3271 968 3334 dictator
982 3272 1016 3334 in
1053 3271 1183 3336 uintum
1199 3295 1322 3337 annum
1334 3293 1375 3334 ro·

334 3356 437 3435 visset,
450 3358 476 3421 si
488 3358 603 3422 eodem
617 3370 701 3422 stetu
716 3357 893 3444 respublica
908 3369 1011 3420 staret.
1079 3370 1207 3423 tnovas
1221 3359 1388 3447 religione¹

365 3572 381 3622 6
397 3576 432 3622 Et
443 3576 510 3637 quta,
521 3590 553 3623 na
563 3590 613 3637 qua
624 3572 720 3635 choen]
737 3575 772 3620 El
783 3576 842 3636 quta
874 3579 958 3635 rogato
974 3572 1078 3634 imperio
1093 3589 1149 3621 euin
1168 3576 1333 3638 quadraginta
1346 3589 1377 3621 ss

333 3638 441 3698 reposuit
453 3638 559 3687 Crevier.
571 3653 602 3686 ex
618 3637 707 3686 codicis
723 3637 780 3686 Put.
794 3637 841 3684 lec
874 3638 945 3684 vibus
955 3637 1103 3684 maritimam
1112 3651 1193 3697 oram,
1202 3641 1297 3700 quibua
1304 3640 1379 3688 sas-s

333 3700 400 3748 tione
416 3709 440 3751 et
454 3705 497 3765 qul
511 3709 569 3750 anta
583 3717 641 3764 qua,
656 3702 746 3749 docens
762 3701 841 3762 dupli·
873 3705 972 3749 senatus
987 3701 1119 3748 censuisset
1133 3716 1203 3763 supr.
1215 3704 1289 3753 xxix.
1303 3717 1337 3764 ¹3·
1350 3715 1378 3749 tr

333 3779 386 3812 cem
401 3766 520 3814 rationem
537 3766 626 3824 afferri,
641 3779 683 3812 cur
699 3765 746 3812 tn'a
761 3764 841 3812 millia
873 3764 918 3812 turi
930 3764 1022 3812 iussum
1033 3779 1085 3812 eme
1096 3773 1184 3813 mouet
1198 3767 1313 3818 ream.

333 3827 439 3875 militum
457 3829 482 3876 iii
500 3828 608 3877 Siciliam
626 3828 716 3890 scripta
731 3827 840 3886 tlierlnt3
905 3829 920 3876 8
937 3830 979 3876 Ait
994 3831 1088 3877 incerta
1105 3829 1177 3889 tota]
1197 3830 1320 3880 Similiter
1336 3843 1379 3893 pa*

332 3905 416 3949 unam,
436 3891 494 3952 quia
515 3893 596 3940 insula
617 3907 666 3940 nori
688 3892 747 3940 satis
769 3892 840 3939 firmo
872 3890 917 3939 sim
929 3892 995 3953 apud
1007 3894 1255 3943 nostrumodriidit·
1265 3896 1376 3952 bullivit

331 3954 451 4015 praesidio
466 3961 598 4014 teneretur,
611 3957 722 4014 alteram,
737 3960 765 4003 ut
782 3955 839 4003 novi
872 3957 1016 4004 minister-lo.

331 4017 421 4066 milites
432 4018 615 4079 imponerentur
625 4019 839 4081 lunaremquibus
903 4033 918 4082 9
935 4020 1016 4068 cada
1031 4022 1278 4083 manasticam,
1291 4039 1348 4086 qn
1359 4023 1379 4068 l.

330 4095 373 4129 ora
384 4081 506 4129 maritima
517 4083 684 4132 cintodiretur.
870 4081 998 4144 Manliae]
1018 4081 1047 4131 cf.
1060 4083 1132 4144 Supr.
1144 4086 1225 4134 xxrii.
1238 4100 1284 4146 33.

364 4155 377 4205 7
394 4145 439 4193 On.
448 4146 556 4203 Octavio,
562 4149 672 4206 praetori
680 4148 736 4196 item
744 4149 837 4208 prioris
904 4161 915 4194 i
930 4149 1015 4195 Nonas
1023 4148 1167 4207 celicium]
1181 4149 1274 4198 Maus
1283 4166 1327 4214 per
1334 4165 1378 4212 prr

329 4329 440 4378 sortitum
452 4347 512 4392 esse,
520 4347 584 4380 anno
595 4338 677 4382 autern
690 4335 768 4395 priore
779 4351 833 4397 pro
