2878 4772
347 226 413 285 430
738 216 853 282 ΤΙΤΙ
883 217 1020 284 LIVII

191 371 225 422 U.
237 371 267 422 0.
283 370 339 434 54⁶·
348 368 385 420 ut
399 376 462 431 eos,
480 377 537 441 per
558 353 690 419 idoneos
712 351 858 417 homines
881 353 1022 440 benigno
1037 351 1129 418 vultu
1152 375 1192 418 ac
1214 355 1396 420 sermoneir

192 438 220 486 A.
238 438 268 487 0·
284 434 338 487 ²⁰⁶·
348 441 521 529 hospitium
557 439 705 505 invitatos
739 440 921 526 sopitosque
954 440 1039 516 vino,
1071 440 1251 506 vincirent.
1316 441 1396 505 Hanl

347 527 458 616 procul
478 528 541 591 iam
558 526 753 614 Cartbagine
774 527 916 602 aberant,
932 549 1031 613 quum
1055 549 1098 590 ex
1122 527 1235 592 obviis
1257 529 1408 592 atrditnm:

346 627 474 702 postero
488 613 541 678 die
557 636 685 678 omnem
700 612 876 676 exercitum
892 635 965 676 cum
982 612 1030 676 Μ.
1047 612 1162 678 Silano
1179 615 1217 678 in
1234 615 1396 680 laeetana

346 701 511 801 proficisci,
542 723 608 764 non
638 713 726 764 metu
755 698 851 763 modo
881 701 980 777 omni,
1009 699 1067 786 qui
1098 701 1225 766 tacitus
1256 702 1396 766 insidebu

347 788 470 864 animis,
494 785 638 851 liberavit
661 809 725 862 eos,
748 785 805 850 sed
831 785 982 850 laetitiam
1006 786 1180 873 ingentem
1204 787 1304 853 fecit:
1327 787 1395 874 qood

346 874 447 961 magis
472 873 612 938 habituri
637 873 740 938 solum
769 871 1001 959 imperatorem,
1029 896 1129 959 quam
1158 874 1227 960 ipsi
1254 875 1395 940 futuriiu

347 973 502 1047 potestate
526 960 594 1024 eius
618 971 730 1024 essent
779 957 846 1022 Sub
868 981 1013 1023 occasum
1035 959 1112 1023 solis
1135 961 1261 1025 urbem
1282 961 1395 1048 ingresi

347 1060 431 1124 sunt,
447 1047 687 1132 exercitumque
708 1045 844 1109 alterum
885 1059 1026 1110 arantem
1048 1047 1164 1110 omnia
1185 1047 1231 1112 ad
1251 1048 1313 1113 iter
1327 1048 1394 1111 ride·

346 1147 431 1197 runt.
478 1131 615 1220 Excepti
637 1131 835 1197 sermonibus
857 1068 897 1196 de
920 1132 1075 1196 industria
1097 1135 1306 1220 compositis,
1329 1135 1395 1198 ‘lae

349 1227 439 1283 ‘tum
465 1233 744 1307 opportunumque
771 1217 943 1282 adventum
970 1241 1080 1283 eorum
1112 1219 1309 1306 imperatori
1333 1244 1392 1291 em,

349 1306 458 1392 ‘quod
472 1307 531 1371 sub
546 1305 647 1392 ipsam
661 1305 890 1393 profectionem
906 1304 1034 1370 alterius
1048 1307 1221 1370 exercitus
1233 1309 1394 1380 venissent

189 1409 307 1472 compre
347 1415 480 1479 corpora
494 1405 615 1456 curant.
662 1392 694 1455 A
710 1391 844 1456 tribunis
864 1391 931 1455 sine
952 1391 1018 1457 ullo
1037 1391 1186 1456 tumultu
1201 1409 1392 1459 auctoresee-

189 1474 330 1548 heremite
348 1477 487 1556 ditionis,
503 1501 561 1566 per
577 1479 708 1543 idoneos
722 1478 868 1542 homines
882 1477 1028 1565 perducti
1042 1479 1077 1540 in
1092 1479 1254 1566 hospitia,
1270 1503 1392 1568 compre

189 1539 313 1651 fflfflf
347 1564 439 1629 hensi
459 1587 495 1628 ac
511 1566 609 1630 vincti
630 1578 712 1629 sunt
759 1563 879 1652 Vigilia
898 1577 1011 1652 quarta
1030 1565 1278 1651 impedimenta
1293 1569 1393 1632 exuti-

347 1663 407 1727 tus,
424 1651 514 1714 cuius
532 1652 738 1716 simulabatur
758 1651 828 1728 iter,
844 1651 1000 1738 proficisci
1015 1673 1163 1737 coepere.
1217 1653 1291 1719 Sub
1310 1655 1392 1718 neue

347 1736 438 1825 signa
461 1751 556 1814 mota,
582 1753 614 1802 et
640 1739 681 1802 ad
703 1752 827 1824 portam
851 1751 1011 1802 retentum
1037 1761 1168 1824 agmen,
1195 1741 1391 1827 custodesque

347 1825 431 1888 circa
445 1847 555 1889 omnes
570 1839 676 1911 portas
692 1825 787 1902 missi,
800 1847 840 1889 ne
856 1825 928 1912 quis
943 1825 1020 1889 urbe
1035 1825 1265 1911 egrederetur.
1298 1827 1392 1893 Vocati

348 1911 465 1976 deinde
486 1911 527 1976 ad
549 1912 746 1989 concionem,
762 1912 819 1998 qui
840 1911 940 1998 pridie
955 1925 1118 1988 venerant,
1134 1911 1299 1978 ferociter
1316 1915 1345 1977 in
1360 1915 1392 1977 lo·

347 2021 417 2062 rum
434 1999 475 2062 ad
491 1997 629 2063 tribunal
644 1999 850 2085 imperatoris,
866 2010 903 2062 ut
918 1997 1000 2062 ultro
1020 1999 1165 2062 territuri
1187 2001 1392 2066 succlamatie

333 2085 451 2162 uibus,
466 2098 668 2149 concurrunt
717 2083 819 2149 Simul
839 2098 873 2149 et
891 2084 1063 2171 imperator
1081 2084 1116 2148 in
1136 2087 1290 2152 tribunal
1305 2111 1392 2152 escen·

347 2170 405 2248 dit,
422 2185 454 2236 et
469 2171 592 2236 reducti
607 2171 719 2236 anuati
737 2194 757 2235 a
776 2171 874 2258 portis
892 2171 1006 2234 inermi
1025 2193 1059 2236 se
1079 2172 1239 2236 concioni
1262 2175 1305 2239 ab
1323 2191 1392 2260 tergo

347 2257 627 2322 circumfuderunt
666 2257 753 2321 Tum
768 2257 870 2322 omnis
884 2257 998 2322 ferocia
1014 2257 1167 2334 concidit,
1186 2271 1233 2336 et,
1252 2276 1291 2326 ut
1304 2277 1392 2348 pean

347 2343 536 2422 fatebantur,
549 2343 630 2408 nihil
641 2367 742 2443 aeque
755 2366 809 2408 eos
821 2345 942 2420 terruit,
955 2366 1051 2430 quam
1062 2359 1195 2443 praeter
1209 2368 1308 2433 spem
1318 2349 1392 2411 rubr

347 2443 381 2494 et
407 2431 494 2495 color
519 2431 726 2518 imperatore,
750 2453 846 2518 quem
873 2430 1022 2494 affectum
1045 2453 1167 2494 vmuros
1195 2433 1390 2504 coedideana,

347 2514 528 2604 vultusque,
544 2517 670 2604 qualem
695 2540 735 2581 ne
759 2519 793 2580 in
817 2517 887 2582 acie
907 2515 1037 2605 quidem
1059 2517 1193 2582 aiebant
1215 2521 1389 2584 memiu'asa

351 2599 442 2667 Sedit
457 2604 570 2668 tacitus
590 2603 769 2704 paullisper,
789 2603 892 2668 donec
912 2603 1094 2668 nuntiatum
1115 2617 1177 2680 est,
1196 2605 1391 2672 deductosiu

238 2689 290 2754 27.
348 2687 452 2752 forum
467 2702 610 2754 auctores
625 2690 798 2766 seditionis,
814 2703 847 2754 et
861 2702 970 2776 parata
983 2689 1046 2753 iam
1061 2690 1172 2754 omnia
1188 2714 1277 2759 esse.
1316 2693 1390 2764 Tua

190 2773 333 2851 Quaesu—
348 2773 475 2839 silentio
496 2797 555 2862 per
576 2798 764 2863 praeconem
785 2776 878 2854 facto,
894 2777 940 2840 ita
957 2777 1078 2863 coepit:
1104 2775 1320 2866 ‘Nunquam
1332 2778 1391 2843 mibi

189 2841 323 2954 fflffi
350 2861 550 2926 ‘defuturam
573 2863 758 2940 orationem,
786 2886 850 2949 qna
876 2863 1051 2928 exercitum
1077 2885 1190 2927 meum
1218 2865 1391 2952 alloquerer.
1431 2875 1432 2878 ’

349 2949 509 3014 ‘credidiz
533 2972 600 3014 non
622 2973 687 3038 quo
702 2950 797 3014 verba
818 2973 961 3036 unquam
982 2949 1097 3036 potius,
1114 2973 1220 3050 quam
1240 2975 1305 3030 res,
1320 2973 1392 3018 euer-

349 3036 508 3112 ‘cuen'm3
532 3037 589 3101 sed
603 3038 679 3124 qnia
692 3059 791 3124 prope
806 3059 825 3102 a
839 3036 976 3123 pueritia
990 3037 1024 3098 in
1039 3049 1147 3100 castus
1162 3036 1311 3118 habitus,
1326 3061 1392 3104 mue

349 3131 455 3187 ‘eram
471 3122 658 3188 militaribus
672 3123 817 3210 ingeniis
852 3123 906 3186 Ad
923 3143 977 3186 vos
992 3122 1274 3209 quemadmodum
1289 3125 1391 3213 leque.

349 3218 431 3274 ‘nec
442 3209 619 3286 consilium,
631 3231 692 3274 nec
704 3211 803 3274 oratio
818 3209 1024 3309 suppeditata
1042 3231 1122 3296 quos
1136 3231 1180 3273 nc
1194 3234 1266 3298 quo
1282 3214 1392 3276 nemim

350 3295 502 3381 ‘quidem
518 3295 675 3396 appellare
691 3296 834 3373 debeam,
850 3318 925 3360 scio.
970 3295 1089 3360 Cives?
1111 3296 1168 3383 qui
1184 3320 1207 3361 a
1222 3299 1329 3384 petria
1340 3321 1394 3362 res·

350 3389 360 3421 ‘
372 3395 420 3446 tra
445 3381 603 3447 descistis:
635 3405 675 3447 an
703 3383 843 3447 milites?
877 3383 933 3469 qui
959 3382 1130 3469 imperium
1159 3385 1392 3472 auspiciumque

350 3476 360 3508 ‘
372 3467 534 3545 abnuistis,
561 3469 748 3534 sacramenti
777 3469 964 3556 religionem
992 3469 1138 3555 rupistis:
1172 3469 1312 3536 hostes?
1340 3493 1393 3535 eor-

351 3562 457 3642 ‘pora,
474 3578 537 3634 ora,
550 3555 708 3633 vestitum,
724 3555 868 3620 habitum
883 3555 1001 3620 civium
1016 3577 1171 3642 agnosco:
1196 3557 1298 3634 facta,
1312 3558 1392 3631 dieta

351 3640 511 3719 ‘consilia
543 3642 664 3707 animos
693 3642 832 3707 hostium
861 3641 964 3706 video.
1012 3640 1101 3716 Quid
1130 3641 1223 3707 enim
1248 3667 1319 3722 vos,
1346 3643 1392 3708 nisi

352 3727 461 3815 ‘quod
476 3727 629 3814 Ilergetes
648 3741 682 3793 et
699 3728 862 3805 Lacetani,
879 3740 935 3793 aut
954 3727 1085 3815 optastis
1106 3727 1207 3806 aliud,
1225 3744 1285 3796 aut
1304 3753 1392 3820 mere

352 3813 448 3877 ‘stisi
493 3813 537 3878 Et
557 3815 603 3880 illi
624 3828 731 3880 tamen
750 3815 965 3881 Mandonium
985 3827 1081 3901 etque
1097 3812 1288 3896 Indibilem,
1304 3819 1392 3917 regiae

130 3953 159 3996 N.
290 3898 547 3966 ...fiiobilitatis
560 3901 653 3980 viros,
669 3902 767 3967 duces
786 3901 900 3966 furoris
920 3901 1020 3965 secuti
1038 3913 1129 3964 suut:
1155 3923 1213 3966 vos
1228 3905 1392 3991 auspicium

156 4018 189 4030 r«

386 4125 400 4159 a
418 4110 540 4160 Auditum
552 4145 558 4158 .
570 4145 577 4158 .
589 4145 595 4160 .
607 4113 720 4160 ἱίὸπαοίε
731 4147 737 4161 .
750 4148 756 4161 .
769 4113 858 4172 jecit]
893 4110 1028 4170 circinos
1047 4110 1162 4160 liberavit
1179 4113 1260 4161 modo
1279 4129 1324 4163 eur
1342 4113 1391 4162 nu

352 4175 473 4224 Auditum
484 4179 520 4222 est
531 4173 558 4222 in
568 4179 635 4222 reete
646 4189 712 4234 casu,
723 4181 748 4224 et
758 4176 862 4224 refertur
893 4181 970 4234 metu,
981 4177 1023 4224 sed
1034 4180 1061 4224 et
1071 4173 1190 4224 laetitiam
1202 4175 1333 4239 ingentem
1342 4181 1391 4226 ece

353 4239 470 4287 advehe
480 4237 606 4300 sequentis
616 4240 745 4290 liberavit.
758 4275 764 4288 .
776 4242 859 4301 ‚sealt
894 4240 969 4288 Hane
987 4239 1104 4302 loquendi
1120 4239 1226 4288 lorum
1248 4240 1347 4292 ridetur
1362 4240 1392 4288 el-

354 4299 465 4348 Nuntius
481 4317 513 4350 ex
530 4300 608 4349 obviis
625 4308 749 4363 acceptus,
762 4318 861 4366 nempe,
892 4319 987 4352 amasse
1005 4303 1097 4352 Livius.
1127 4303 1185 4352 viu
1203 4319 1275 4368 supr.
1293 4307 1311 4357 i.
1329 4314 1391 4371 53³¹

355 4362 487 4412 exercitum
504 4377 603 4412 omnem
619 4370 715 4425 postero
732 4366 771 4414 dle
788 4367 860 4426 proli·
893 4367 969 4418 xxvii.
980 4378 1019 4430 45.
1036 4368 1118 4418 Cur.
