2878 4772
326 223 389 288 422
710 211 824 280 ΤΙΤΙ
851 210 989 280 LIVII

172 371 249 422 uc.
265 365 447 434 546.‘mere,
468 354 556 454 qnod
580 375 656 430 non,
700 348 950 416 uemadmodum
972 348 1141 414 Hannibal
1166 349 1203 414 in
1230 347 1344 424 Italia,
1360 349 1397 412 sit
1434 373 1435 378 ¹

171 435 203 486 ι
220 436 250 510 9¹·
261 433 341 512 ‚²⁰⁶·‘
354 441 461 530 Scipio
475 463 510 504 m
526 439 637 504 Africa
651 375 771 504 billum
785 436 929 523 gereret!
953 435 1072 523 Scipio,
1088 436 1226 502 foedere
1245 451 1319 500 tcto
1332 457 1395 500 cun

172 499 285 625 {3¹¹¹
332 527 487 630 Syphace,
502 528 662 614 proiectus
677 547 719 589 ex
735 520 855 601 Africa,
871 522 1041 610 dubiisque
1059 535 1094 587 et
1112 523 1325 610 plerumque
1339 543 1394 585 me

172 627 248 678 num.
330 638 377 680 vra
400 615 435 678 in
458 615 522 679 alto
545 614 679 678 iactatus
697 610 810 687 ventis,
834 610 887 674 die
911 623 1025 696 quarto
1046 608 1165 676 Novae
1184 609 1394 695 Carthsgm's

224 794 274 855 19.
330 712 655 874 polilisupatdgenbicut
673 807 693 849 a
713 782 799 848 bello
819 782 944 847 Punico
964 783 1092 868 quietae
1114 795 1227 859 erant,
1246 784 1297 848 ita
1311 803 1393 868 qua·-
1434 791 1435 798 ’

332 875 407 940 dam
430 874 581 950 civitates,
606 886 736 958 propter
760 869 985 934 conscientiam
1008 868 1134 956 culpae,
1163 885 1266 934 metu
1293 869 1391 954 magis
1434 945 1435 950 γ

332 983 430 1063 qnam
455 961 529 1036 fide,
554 959 678 1045 quietas
703 978 771 1021 csse
797 956 983 1043 apparebat:
1008 978 1148 1042 quarum
1176 957 1329 1020 maxime
1353 955 1391 1018 in·
1434 951 1435 976 ¹

333 1070 438 1135 signes
463 1059 496 1112 et
521 1043 742 1131 magnitudine
764 1056 798 1107 et
819 1065 903 1107 noxa
922 1041 1060 1127 Illiturgi
1079 1055 1114 1106 et
1135 1041 1287 1108 Castulo
1302 1054 1389 1106 erant
1434 1111 1435 1128 ἶ

334 1133 465 1200 Castulo
491 1155 591 1219 quum
615 1129 773 1218 prosperis
795 1130 889 1194 rebus
912 1129 989 1193 socii
1011 1129 1161 1206 firissent,
1188 1147 1270 1216 post
1297 1150 1389 1194 eaesae
1434 1129 1435 1192 l

333 1241 407 1284 cum
429 1219 620 1284 exercitibus
642 1216 806 1302 Scipiones
825 1215 1006 1280 defecerant
1025 1215 1066 1279 ad
1080 1215 1231 1280 Poenos.
1282 1215 1390 1282 lllitm-

333 1306 432 1392 gitani
447 1304 628 1393 prodendis,
667 1303 700 1368 ui
718 1325 759 1366 ex
777 1301 832 1368 illa
851 1301 940 1367 clade
962 1301 1004 1366 ad
1023 1325 1077 1366 eos
1097 1303 1332 1389 perfugerant,
1351 1303 1389 1366 in·

334 1392 588 1478 terficiendisque
609 1327 711 1455 sellus
730 1390 827 1452 etiarn
842 1389 1013 1453 defectioni
1028 1387 1244 1454 addiderant.
1293 1389 1333 1454 In
1346 1411 1389 1452 ets

333 1478 467 1565 populos
492 1479 595 1565 primo
621 1477 770 1554 adventu,
795 1497 894 1561 quum
920 1475 1035 1539 dubiae
1060 1474 1253 1562 Hispaniae
1285 1492 1387 1550 esent,

333 1565 447 1628 merito
470 1565 579 1650 magis,
604 1585 701 1650 quam
723 1562 852 1638 utiliter,
876 1561 1029 1626 saevitum
1052 1561 1144 1628 foret.
1199 1563 1314 1640 Tunc,
1337 1563 1388 1625 ism

333 1649 511 1736 tranquillis
530 1651 633 1727 rebus,
649 1650 726 1737 qnia
747 1661 872 1734 tempus
894 1647 1092 1734 expetendae
1115 1671 1254 1735 poenae
1271 1650 1388 1714 videbe

333 1747 386 1799 tur
399 1736 531 1813 venisse,
553 1737 689 1801 accitum
709 1736 748 1799 ab
764 1734 943 1799 Tarracone
960 1734 998 1798 L.
1012 1733 1181 1800 Marcium
1204 1759 1288 1800 cum
1308 1737 1388 1801 tertis

214 1829 220 1842 ’
277 1830 284 1844 ’
333 1835 422 1909 parte
437 1822 598 1908 copiarum
617 1822 657 1887 ad
674 1820 882 1886 Castulonem
902 1821 1157 1908 oppugnandum
1181 1823 1309 1888 mittit:
1332 1824 1386 1910 ipse

334 1931 407 1974 cum
422 1921 528 1974 cetero
543 1909 686 1973 exercitu
707 1907 827 1994 quintis
841 1907 938 1972 ferme
953 1907 995 1971 ad
1009 1906 1178 1994 Illitnrgin
1195 1911 1314 1974 eastris
1327 1931 1387 1997 per·

332 1995 429 2060 venit.
475 1996 610 2061 Clausae
625 2007 716 2060 erant
730 2008 849 2081 portae,
865 1994 1036 2080 omniaque
1057 1994 1224 2061 instructa
1240 2011 1278 2061 et
1292 2017 1386 2084 parata

333 2081 374 2146 ad
400 2081 670 2170 oppugnationem
697 2080 883 2145 arcendam:
908 2079 988 2144 adeo
1013 2082 1230 2161 conscientia,
1258 2085 1338 2170 quid
1359 2105 1384 2146 se

333 2169 461 2233 meritos
475 2169 602 2246 seirent,
618 2191 676 2268 pro
691 2167 812 2232 indicto
832 2166 870 2230 iis
889 2166 973 2231 bello
987 2167 1099 2231 firerat.
1148 2167 1250 2235 Hinc
1272 2185 1307 2235 et
1324 2170 1385 2234 bor·

229 2279 237 2298 ·
332 2255 392 2319 tari
407 2254 523 2320 milites
541 2254 647 2342 Scipio
662 2276 751 2319 orsus
765 2265 830 2318 est:
855 2252 966 2340 ‘Ipsos
984 2253 1176 2318 claudendis
1193 2257 1303 2343 portis
1317 2255 1384 2320 indi·

334 2347 440 2406 ‘casse
456 2341 518 2405 His
559 2363 627 2418 nos,
643 2341 732 2427 quid,
748 2352 785 2405 ut
802 2340 962 2416 timerent,
982 2340 1086 2405 meriti
1106 2357 1233 2408 essent.
1285 2343 1382 2430 Itaque

333 2428 454 2495 ‘multo
477 2428 512 2492 in
525 2428 691 2493 estioribus
715 2427 828 2490 animis
849 2447 923 2490 cum
944 2427 992 2504 iis,
1008 2449 1104 2512 qnam
1121 2450 1204 2492 curn
1224 2429 1384 2516 Carthagi

334 2516 525 2592 ‘niensibua
537 2514 658 2579 bellum
672 2512 847 2614 gerendum
862 2535 939 2577 esse.
970 2513 1099 2600 Quippe
1115 2537 1198 2578 cum
1215 2517 1286 2582 illis
1300 2537 1382 2618 prope

332 2610 343 2640 ‘
353 2601 422 2665 sine
445 2603 492 2664 ira
514 2601 555 2665 de
578 2601 712 2688 imperto
735 2612 768 2666 et
790 2599 891 2687 gloria
907 2599 1037 2676 certari3
1061 2600 1100 2664 ab
1116 2600 1168 2666 his
1186 2605 1380 2689 perfidiaeet

333 2686 549 2751 ‘crudelitatis
570 2699 604 2752 et
625 2686 751 2752 sceleris
772 2708 891 2772 poenas
910 2685 1104 2785 expetendas
1120 2709 1207 2754 esse.
1260 2690 1380 2756 Venis!

333 2781 488 2859 ‘tempus
505 2796 570 2859 quo
585 2787 618 2838 et
633 2773 801 2838 nefandam
817 2772 1069 2838 commilitonum
1084 2795 1217 2852 necem,
1234 2791 1272 2842 et
1293 2779 1328 2842 in
1345 2799 1382 2840 se·

333 2868 420 2923 ‘met
433 2859 526 2947 ipsos,
537 2860 563 2924 si
578 2859 692 2925 eodem
707 2860 782 2946 luga
795 2857 893 2923 delati
908 2857 1021 2936 forent,
1034 2858 1230 2926 instructam
1245 2863 1381 2929 fianden

332 2955 342 2985 ‘
354 2945 596 3011 ulciscerentur:
622 2959 655 3012 et
669 2946 704 3010 in
718 2967 812 3010 omne
828 2959 954 3031 tempus
967 2947 1055 3032 gravi
1068 2946 1277 3015 documento
1291 2949 1380 3016 sanci·

332 3042 343 3072 ‘
352 3046 434 3109 rent,
450 3055 491 3097 ne
506 3033 579 3120 quis
592 3054 735 3120 unquam
751 3032 934 3098 Romanum
952 3033 1053 3096 civem
1074 3033 1261 3101 militemve
1278 3038 1313 3102 in
1330 3035 1380 3100 ulla

332 3120 479 3184 ‘fortuna
493 3132 708 3219 opportunum
725 3118 859 3183 iniuriae
879 3118 1031 3184 duceret!
1074 3120 1129 3183 Ab
1152 3119 1219 3186 hac
1243 3123 1394 3188 cohorte-5

332 3206 418 3270 tione
433 3205 523 3270 ducis
538 3205 670 3282 incitati,
686 3203 784 3270 scalas
806 3204 914 3270 electis
935 3227 992 3292 per
1014 3204 1195 3292 manipulos
1211 3210 1294 3274 viris
1310 3209 1380 3274 diri·

331 3291 429 3356 dunt:
453 3292 632 3378 partitoque
648 3291 799 3368 exercitu,
816 3291 861 3355 ita
880 3302 916 3355 ut
935 3293 1017 3378 parti
1039 3291 1127 3356 alteri
1144 3293 1285 3360 Laelius
1299 3319 1379 3384 prae·

331 3390 412 3443 esset
438 3376 569 3464 legatus,
593 3377 717 3442 duobus
743 3378 837 3442 simul
863 3378 940 3442 locis
965 3378 1095 3464 ancipiti
1119 3391 1247 3446 terrore
1276 3385 1376 3446 mbern
1431 3455 1432 3460 η

330 3463 565 3551 aggrediuntur.
612 3464 690 3529 Non
707 3463 774 3528 dux
795 3485 886 3541 unus,
902 3479 957 3528 aut
977 3463 1083 3550 plures
1104 3466 1274 3555 principes
1297 3470 1376 3556 oppi-

329 3550 437 3628 danos,
456 3551 513 3615 sed
535 3573 610 3614 suns
631 3551 771 3637 ipsorum
795 3572 837 3614 ex
859 3550 1053 3614 conscientia
1075 3553 1188 3639 cnlpae
1215 3571 1323 3620 metus
1342 3553 1376 3618 al

329 3637 564 3702 defendendam
590 3636 723 3736 impigre
749 3637 861 3700 urbem
887 3636 1038 3702 hortatur.
1085 3637 1128 3702 Et
1154 3643 1376 3717 meminerant,

329 3735 362 3786 et
376 3722 590 3788 admonebant
603 3723 657 3788 ahi
674 3723 761 3800 alios,
778 3721 989 3810 ‘supplicium
1005 3747 1046 3788 ex
1060 3747 1103 3802 se,
1119 3748 1188 3790 non
1203 3728 1375 3802 victoriam,

330 3809 425 3895 ‘peti
472 3809 539 3874 Ubi
557 3810 692 3897 quisque
712 3821 847 3874 mortem
867 3823 1042 3897 oppeteret,
1058 3810 1092 3874 id
1109 3811 1251 3892 referre;
1275 3831 1392 3885 urruns

337 4017 339 4020 “
359 4007 564 4081 βρρροτιιιηιιω
587 4013 709 4071 iniuriae]
736 4011 834 4071 Talem,
865 4025 918 4060 sese
933 4009 1046 4072 invicem,
1062 4013 1214 4074 suppliciunt
1232 4031 1266 4064 ee
1282 4034 1319 4075 u,
1334 4033 1375 4064 ιιι

326 4086 368 4134 qur
385 4071 487 4119 iniuriae
505 4074 624 4123 obnoxius
641 4081 771 4136 estquem
788 4075 833 4124 im·
865 4077 1000 4134 uictoriam,
1016 4077 1076 4137 peti.
1111 4075 1188 4126 Unde
1206 4079 1325 4140 seqnitur
1342 4095 1376 4129 ees
1430 4109 1431 4114 =

327 4151 393 4197 pune
404 4135 500 4184 laedere
511 4136 576 4186 licet.
866 4139 907 4200 qni
931 4138 958 4186 in
980 4137 1033 4188 acie
1058 4139 1132 4187 titum
1155 4156 1205 4189 non
1231 4143 1376 4197 mutuent

357 4215 373 4262 9
392 4201 440 4248 Ubi
451 4201 552 4262 qrtuqrte
561 4208 659 4250 mortem
670 4205 835 4264 oppeteret&
865 4207 951 4264 postea
974 4201 1038 4252 inter
1061 4203 1184 4265 supplicia
1205 4207 1375 4270 audacesque

325 4263 542 4322 reformabunt]
562 4263 641 4325 Supra
651 4266 832 4314 admonuerunt
865 4266 1035 4328 exspiraturus.
1063 4267 1150 4324 Quum
1163 4267 1242 4331 igitur
1252 4287 1375 4322 momen
