2966 4778
365 216 462 282 LIB.
487 214 619 282 XXIII.
654 214 767 283 CAP.
791 219 843 280 26.
1071 219 1133 279 149

80 352 120 416 de
136 375 176 418 eo
190 352 343 453 exercitu,
359 373 456 439 quem
472 351 513 416 ad
522 351 715 439 praesidium
730 350 868 439 Apuliae
883 349 1024 428 haberet,
1040 351 1131 438 quic-
1141 367 1176 419 U.
1188 370 1217 420 c.
1233 367 1289 434 53⁶·

79 461 177 525 quam
191 439 302 503 mium
1139 434 1170 484 Α.
1187 435 1217 484 0.
1233 433 1288 484 216·

121 525 212 589 Dum
241 525 320 590 haec
349 525 383 588 in
419 524 513 590 Italia
544 537 699 612 geruntur
732 547 750 588 a
773 535 924 611 parantur
947 546 998 600 ue,
1027 524 1129 588 nihilo
1186 527 1237 588 26.

78 612 205 698 segnius
226 613 260 676 iu
283 611 442 698 Hispania
462 610 581 676 bellum
602 625 686 676 erat:
710 547 773 675 sed
782 611 824 674 ad
838 633 908 676 eam
951 611 1013 674 'em
1028 610 1128 696 magis
1138 611 1283 685 sagana

77 719 264 785 prosperum
279 697 442 762 Romanis.
481 696 519 762 P.
530 711 563 762 et
577 695 639 762 Cn.
653 696 854 784 Scipionibus
865 697 948 760 inter
959 719 992 762 se
1005 697 1128 783 partitis
1136 675 1266 788 ἔξω

78 785 195 872 copias,
226 797 263 848 ut
293 782 422 850 Gnaeus
451 797 544 860 terra,
575 783 707 847 Publius
737 783 868 847 navibus
893 805 960 846 rem
984 796 1125 868 gererem

79 870 262 936 Hasdrubal
284 870 467 936 Poenorum
489 870 669 956 imperator,
692 869 798 933 neutri
820 869 901 954 parti
921 868 1036 932 virium
1053 869 1128 934 satis

78 957 190 1034 fidens,
202 957 313 1046 procul
329 959 369 1022 ab
384 957 484 1034 hoste,
501 955 666 1020 intervallo
677 978 714 1019 ac
728 955 806 1018 locis
821 968 917 1032 tutus,
931 954 1060 1020 tenebat
1074 978 1127 1020 se:
1161 1023 1165 1039 ι

56 1044 186 1130 5quoad
200 1044 336 1109 multum
352 1067 389 1109 ac
404 1043 460 1108 diu
476 1043 644 1108 obtestanti
662 1054 811 1129 quattuor
826 1040 925 1105 millia
935 1040 1080 1127 peditum
1095 1055 1130 1106 et

100 1131 246 1216 ningenti
265 1132 389 1218 equites
411 1131 445 1195 in
465 1130 723 1217 supplementum
743 1128 829 1192 missi
849 1149 891 1192 ex
913 1127 1024 1192 Africa
1042 1141 1126 1192 sunt.

78 1153 178 1293 I'um,
201 1218 316 1282 refecta
338 1217 467 1282 tandem
490 1239 556 1302 spe,
583 1229 683 1281 castra
704 1238 762 1302 pro
785 1214 834 1278 ius
859 1213 983 1278 hostem
1010 1215 1126 1279 movit:

77 1301 272 1389 classemque
287 1304 402 1390 etipse
418 1304 530 1366 instrui
548 1303 713 1402 pararique
729 1237 818 1365 iuliet
835 1301 877 1365 ad
896 1299 1015 1364 insulas
1035 1301 1130 1366 mari-

78 1387 251 1476 timamque
274 1412 361 1454 oram
384 1388 557 1454 tutandam.
603 1387 643 1452 In
665 1411 734 1475 rpso
756 1388 879 1475 impetu
901 1386 1128 1452 movendarum

77 1474 117 1539 de
132 1477 259 1560 integro
274 1499 380 1540 rerum
394 1474 531 1562 perculit
545 1498 619 1538 eum
631 1475 860 1561 praefectorum
872 1473 1000 1538 navium
1016 1474 1130 1538 transi-

78 1561 139 1626 tio:
164 1562 232 1648 qui,
254 1575 327 1649 post
352 1562 484 1626 classem
506 1561 548 1626 ad
570 1560 696 1626 Iberum
720 1582 778 1648 per
799 1583 948 1647 pavorem
970 1559 1128 1624 desertam

131 1649 214 1713 viter
233 1649 389 1749 increpiti,
411 1671 576 1735 nunquam
597 1646 714 1711 deinde
729 1648 803 1711 satis
820 1646 877 1711 fidi
898 1659 954 1712 aut
972 1646 1057 1722 duci,
1073 1661 1129 1710 aut

76 1671 393 1822 &rhaginerium
415 1735 510 1800 rebus
531 1733 665 1798 fuerant.
711 1732 866 1798 Fecerant
887 1733 922 1797 hi
948 1733 1128 1820 transfugae

55 1834 200 1888 omotum
215 1821 250 1885 in
264 1821 488 1909 Carpesiorum
502 1833 609 1907 gente,
623 1819 883 1907 desciverantque
895 1820 933 1884 iis
948 1819 1129 1886 auctoribus

78 1907 173 1971 urbes
187 1907 328 1994 aliquot:
352 1931 417 1972 una
431 1909 528 1972 etiam
543 1907 608 1972 abi
647 1907 673 1970 is
687 1907 719 1970 vi
734 1919 826 1992 capta
844 1906 954 1970 fiterat
1001 1905 1041 1969 In
1056 1928 1128 1970 eam

117 2006 207 2058 ntem
218 2017 344 2058 versum
353 1996 393 2058 ab
410 1994 564 2059 Romanis
575 1929 695 2058 bellum
709 2006 771 2068 est;
794 1993 973 2077 infestoque
985 1993 1128 2056 exercitu
1137 2011 1281 2061 Hasdrubal

113 2079 262 2145 asdmbal
283 2081 441 2168 ingressus
462 2103 573 2166 agrum
591 2079 739 2154 hostium,
758 2099 816 2164 pro
836 2089 946 2165 captae
968 2090 1041 2142 ante
1060 2075 1252 2150 diestdwtss}⁸

78 2187 197 2251 paucos
227 2166 313 2231 urbis
342 2166 518 2243 moenibus,
551 2163 701 2242 Galbum,
732 2163 872 2228 nobilem
903 2139 1286 2253 Carpesiorum{fsfflifffsslh

78 2251 206 2330 ducem,
226 2275 300 2318 cum
322 2252 428 2317 valido
442 2251 587 2317 exercitu
602 2251 711 2315 castris
725 2272 792 2314 sese
808 2262 981 2327 tenentem,
1075 2251 1222 2317 edicitum.

79 2339 197 2404 statuit
243 2339 420 2404 Praemisso
429 2339 526 2426 igitur
537 2338 599 2402 levi
610 2349 777 2414 armatura,
790 2359 871 2423 quae
881 2336 1011 2402 eliceret
1045 2350 1128 2402 ostes

80 2424 120 2488 ad
134 2439 307 2502 certamen,
322 2425 467 2513 peditum
483 2439 605 2512 partem
624 2423 665 2488 ad
686 2422 946 2510 depopulandum
961 2446 1019 2510 per
1038 2447 1128 2511 agros

79 2511 196 2596 passim
211 2511 340 2590 dimisit,
356 2525 393 2576 ut
406 2511 549 2598 palantes
567 2511 761 2597 exciperent.
808 2509 910 2573 Simul
925 2525 957 2575 et
972 2512 1012 2575 ad
1028 2523 1129 2576 castra

80 2595 236 2662 tumultus
250 2611 328 2676 erat,
343 2611 376 2662 et
389 2620 447 2684 per
466 2620 557 2684 agros
570 2597 709 2684 fugaque
724 2609 758 2660 et
772 2595 904 2670 caedes;
928 2595 1045 2662 deinde
1069 2621 1129 2662 un-

79 2682 179 2771 dique
194 2684 324 2749 disemis
335 2684 501 2749 itineribus
512 2706 612 2771 quum
623 2683 657 2748 in
669 2695 771 2749 castra
784 2705 817 2747 se
833 2683 1034 2770 recepissent,
1047 2683 1128 2749 adeo

79 2782 212 2856 repente
226 2770 361 2836 decessit
375 2771 488 2834 animis
502 2792 607 2857 pavor,
623 2782 660 2834 ut
676 2792 742 2834 non
757 2768 798 2833 ad
818 2769 1018 2837 munimenta
1032 2771 1127 2835 modo

79 2855 283 2923 defendenda
290 2858 364 2922 satis
379 2857 557 2921 animorum
572 2868 663 2932 esset,
675 2855 839 2920 sedetiam
854 2855 895 2920 ad
909 2855 1126 2922 lacessendum

79 2941 205 3008 hostem
222 2943 351 3031 proelio.
398 2941 581 3031 Erumpunt
600 2943 697 3029 igitur
713 2941 839 3028 agmine
854 2963 872 3006 e
893 2943 1010 3018 castris,
1027 2943 1127 3029 tn'pu-

80 3028 206 3096 diantes
227 3052 315 3094 more
336 3053 412 3106 suo,
439 3029 668 3118 repentinaque
691 3050 801 3091 eorum
823 3027 957 3092 audacia
977 3040 1126 3092 terrorem
1136 3043 1246 3106 (torpeat

80 3113 174 3194 hosti,
189 3116 297 3204 paullo
311 3130 385 3182 aute
405 3115 489 3180 ultro
503 3114 677 3191 lacessenti,
693 3113 833 3178 incussit
879 3112 993 3199 Itaque
1014 3126 1047 3178 et
1060 3114 1127 3200 ipse
1136 3112 1251 3218 paurum

82 3200 264 3268 Hasdrubal
279 3203 313 3268 in
327 3202 441 3267 collem
452 3203 527 3266 satis
538 3200 682 3278 arduum,
698 3212 803 3265 tutum
818 3200 950 3263 flumine
961 3199 1057 3264 etiam
1072 3201 1128 3264 ob-
1136 3172 1258 3285 ffilffi

81 3287 174 3365 lecto,
191 3303 259 3353 tum
274 3312 312 3356 co
335 3289 380 3354 ias
394 3286 552 3365 subducit,
564 3298 598 3351 et
611 3287 813 3374 praemissam
824 3285 927 3349 levem
938 3297 1128 3350 armaturam

82 3375 190 3459 equite
228 3399 269 3441 ue
356 3386 405 3440 tos
418 3375 532 3440 eodem
546 3371 677 3459 recipite
701 3382 832 3436 necant
846 3369 920 3435 colli
934 3383 990 3435 aut
1004 3371 1129 3436 flumini

82 3461 156 3524 satis
175 3463 198 3526 fi
221 3485 287 3554 ens,
302 3460 384 3526 vallo
402 3473 503 3526 castra
518 3458 689 3549 permunit.
734 3455 774 3520 In
791 3456 852 3521 hoc
873 3455 993 3522 alterno
1013 3479 1128 3557 pavore

83 3549 255 3614 certamina
277 3547 400 3634 aliquot
421 3560 501 3611 sunt
519 3557 699 3610 contracta:
730 3565 790 3608 nec
817 3541 961 3608 Numida
982 3542 1129 3644 Hispano

63 3651 179 3720 tequea
201 3657 259 3721 par
279 3634 357 3711 fitit3
381 3656 442 3698 nec
465 3631 617 3696 iaculator
638 3629 772 3696 Maurus
793 3643 941 3709 caetrata,
962 3629 1130 3696 velocitate

83 3851 280 3952 Ξῑῗτῗαιῒὲῗ
292 3845 543 3951 “illaillritidiopditiiiri
553 3835 589 3946 (ii-
622 3839 722 3972 onbuiiq
729 3897 900 3959 Carpaeiomm
908 3900 992 3960 pente]
1014 3901 1130 3948 Tartessi-

84 3965 154 4014 detur
161 3969 310 4042 propayurt,
324 3972 350 4014 et
361 3965 427 4027 quod
438 3965 471 4012 de
480 3961 590 4012 terminia
621 3979 690 4012 orum
697 3962 738 4010 luc
746 3963 876 4024 legendum
885 3969 967 4011 censet
976 3963 1130 4022 Crev.,ouiua

83 4027 177 4092 imperti
188 4029 432 4094 proterendisaptius
442 4027 570 4076 diceretur.
623 4027 758 4074 sententiae
775 4027 898 4074 calculum
917 4027 1028 4076 adiecere
1047 4028 1130 4088 plures

115 4106 129 4155 5
146 4097 232 4154 Quoad
245 4096 361 4154 maltam]
379 4093 465 4151 Quoad
479 4090 592 4139 hocloco
624 4090 708 4139 critici.
726 4091 838 4152 Carperii
845 4095 928 4138 autam
937 4091 1003 4139 idem
1011 4096 1080 4138 erant
1087 4089 1129 4150 qui

84 4163 120 4206 eat
212 4156 590 4222 eodoneaucqmadidtemptu
621 4155 762 4216 Carpetani.
774 4169 840 4217 supr.
848 4153 898 4203 xxi
909 4167 932 4216 5.
943 4155 1035 4203 carot.
1043 4153 1121 4214 iil.r4.

84 4175 244 4299 mammen
260 4221 321 4274 editi
337 4222 429 4270 habent
444 4220 494 4276 mei,
504 4217 548 4266 sed
560 4214 589 4264 ri
654 4228 668 4280 7
684 4221 794 4268 Maurus
805 4221 924 4278 caetrata]
949 4220 990 4267 De
1001 4217 1087 4266 caetris
1098 4217 1134 4274 el,

85 4289 162 4348 φωιιᾰ
177 4287 263 4337 nitrtm
278 4285 425 4336 auctoritate
440 4282 590 4346 optimorum
623 4281 677 4331 inst.
689 4281 773 4331 xxviii.
785 4293 808 4343 5.

86 4350 212 4402 codicum:
228 4357 254 4401 et
270 4351 305 4400 sic
320 4349 410 4399 melius
427 4361 537 4397 connexa
554 4349 591 4394 eat
