2874 4772
327 218 423 286 LIB.
447 219 576 286 XXVI.
612 221 722 288 CAP.
746 228 797 287 50.
1016 226 1077 290 337

34 354 154 420 ‘vitio’
197 353 336 435 Deinde,
355 345 695 446 acceptisnominibus
716 359 901 435 civitatium,
920 361 1078 424 recensuit
1089 368 1121 420 U.
1132 371 1161 420 c.
1178 385 1233 433 542·

32 442 185 541 captivos,
200 457 279 530 quot
299 445 452 531 cuiusque
474 444 584 533 populi
606 459 727 510 essent:
752 460 785 509 et
802 444 931 510 nuntios
944 445 1075 510 domum
1085 435 1116 484 A.
1133 435 1163 486 ⁰·
1178 449 1232 484 ²¹²

32 529 130 606 misit,
146 543 182 594 ut
201 530 241 594 ad
258 553 331 595 suos
346 532 479 618 quisque
501 532 700 619 recipiendos
714 532 844 596 veniret
891 531 925 596 Si
940 555 1075 619 quarum

29 613 113 679 forte
129 615 304 681 civitatium
327 617 422 704 legati
443 618 583 695 aderant,
599 617 637 682 iis
658 619 874 704 praesentibus
896 641 968 682 suos
985 619 1075 684 resti-

30 701 111 766 tuit:
140 716 316 767 ceterorum
343 727 450 768 curam
478 705 616 792 benigne
646 704 835 769 tuendorum
863 704 902 769 C.
919 704 1074 770 Flaminio

29 789 193 887 quaestori
208 790 358 855 attribuit.
393 789 483 855 Inter
496 789 576 856 haec
590 814 608 856 e
623 791 729 855 media
742 791 835 856 turba
845 790 990 855 obsidum
1005 809 1150 859 mucore
1161 821 1213 858 mu-

28 872 90 938 her
112 897 229 962 magno
251 889 338 954 natu,
354 875 524 942 Mandonii
546 900 636 954 uxor,
652 877 708 964 qui
728 877 823 942 frater
837 876 982 943 Indibilis
997 871 1179 943 Iler-limm-

27 973 142 1046 gotum
167 962 268 1050 reguli
291 976 368 1040 erat,
386 965 466 1028 flens
489 964 531 1028 ad
556 964 653 1051 pedes
677 964 876 1050 imperatoris
896 965 1073 1050 procubuit,

9 1048 246 1135 robtostarlque
268 1051 383 1136 coepit,
407 1063 443 1115 ut
464 1072 571 1114 curam
592 1050 777 1136 cultumque
800 1050 989 1115 feminarum
1014 1051 1075 1115 im-

27 1134 161 1220 pensius
186 1136 369 1200 custodibus
395 1136 638 1202 commendaret
690 1135 800 1212 Quum
829 1135 945 1236 Scipio,
972 1137 1074 1202 ‘nibil

28 1219 195 1307 ‘profecto
213 1221 416 1300 debiturum,’
432 1223 570 1300 diceret3
595 1236 663 1288 tum
684 1245 791 1288 rursus
812 1221 935 1300 muher,
953 1222 1073 1288 ‘Haud

28 1308 161 1393 ‘magui
175 1307 235 1373 ista
248 1309 397 1387 facimus‚’
413 1309 531 1396 inquit:
553 1309 647 1396 ‘quid
661 1310 748 1374 enim
762 1309 838 1374 huic
848 1309 992 1375 fortunae
1007 1333 1072 1375 non

27 1395 127 1458 ‘satis
142 1395 212 1458 est?
246 1395 321 1460 Alia
335 1418 386 1460 me
401 1419 486 1474 cura,
501 1409 637 1461 aetatem
651 1396 763 1460 harum
778 1395 966 1474 intuentem,
982 1397 1072 1482 (nam

27 1480 121 1566 ‘ipsa
140 1481 203 1546 iam
223 1499 314 1546 extra
334 1482 510 1570 periculum
531 1483 664 1547 iniuriae
683 1481 845 1546 muliebris
861 1482 947 1568 sum)
961 1483 1072 1547 stimu-

27 1566 115 1631 ‘lat'
160 1567 276 1633 Aetate
291 1582 325 1633 et
338 1569 438 1634 forma
451 1570 600 1634 florentes
614 1569 698 1634 circa
711 1582 801 1634 erant
814 1567 959 1634 Indibilis
977 1569 1071 1648 filiae,

25 1653 175 1741 aliaeque
189 1655 353 1720 nobilitate
368 1657 446 1743 pari,
462 1679 544 1743 quae
559 1678 670 1720 omnes
684 1677 754 1720 eam
770 1677 827 1742 pro
841 1667 971 1742 parente
987 1656 1072 1721 cole·

25 1740 115 1804 bant.
162 1739 247 1806 Tum
264 1740 380 1830 Scipio,
398 1742 512 1808 ‘Meae
534 1741 709 1830 populique
729 1741 867 1806 Romani
886 1742 1070 1829 disciplinae

26 1834 146 1892 ‘causa
166 1827 321 1906 tacerem:
339 1829 453 1979 inquit,
471 1838 530 1893 ‘ne
541 1828 636 1980 1quid,
657 1827 745 1916 quod
770 1841 913 1893 sanctum
937 1851 1071 1915 usquam

26 1921 143 1990 ‘esset
158 1914 244 2001 apud
258 1937 316 1979 uos
330 1916 381 1980 vio
393 1928 506 1980 aretin.
577 1938 649 1992 unc,
665 1927 702 1978 ut
715 1913 751 1978 id
764 1936 872 1979 curem
887 1914 1070 2014 impensius,

26 2008 36 2038 ‘
47 2013 155 2066 vestra
169 2024 212 2087 qu
256 2024 296 2066 ue
310 2001 410 2066 virtus
425 2001 625 2089 dignitasque
642 2000 734 2065 facit:
759 2023 840 2115 quae
862 2023 903 2064 ne
926 2024 961 2064 m
982 2001 1071 2065 malis

26 2085 183 2174 ‘quidem
206 2088 247 2152 ob
260 2087 321 2152 'tae
342 2088 465 2154 decoris
486 2086 667 2152 matronalis
688 2086 770 2151 estis
826 2085 849 2151 S
891 2098 992 2151 etatae
1015 2087 1072 2150 de·

24 2173 105 2238 inde
122 2173 309 2261 integritatis
319 2175 389 2239 viro
403 2173 534 2239 tradidit
547 2195 610 2250 eas,
622 2173 767 2259 tuerique
782 2172 846 2236 hau
883 2195 972 2237 secus
983 2194 1072 2238 vere·

24 2259 135 2360 mmde
164 2283 201 2325 ac
229 2260 381 2340 modeste,
402 2283 499 2348 quam
528 2259 688 2347 hospitum
711 2259 862 2346 coniuges
884 2281 920 2323 ac
947 2271 1071 2338 matres,

23 2347 129 2412 iussit.

72 2433 126 2498 Ca
148 2433 211 2497 tiva
224 2433 340 2499 deinde
355 2457 375 2500 a
393 2433 546 2498 militibus
561 2431 730 2497 adducitur
742 2431 784 2496 ad
798 2454 872 2496 eum
887 2430 997 2496 adulta
1009 2432 1071 2496 vir·
1126 2426 1178 2490 50.

23 2543 78 2608 go,
146 2541 184 2584 eo
205 2520 323 2585 eximia
342 2520 452 2599 forma,
469 2540 513 2598 ut,
529 2541 720 2606 quacunque
743 2517 919 2595 incedebat,
939 2541 1071 2583 conver·
1079 2511 1174 2587 81¹9?ss
1185 2513 1227 2562 ¹²¹·

25 2619 111 2671 teret
137 2606 279 2671 omnium
304 2607 420 2673 oculos.
467 2606 583 2695 Scipio,
609 2618 831 2693 percunctatus
856 2604 990 2692 patriam
1015 2576 1193 2693 ptr-iiim]

24 2705 209 2778 rentesque,
235 2693 318 2759 inter
342 2708 447 2760 cetera
471 2716 544 2759 acce
567 2693 602 2770 it,
626 2693 814 2780 desponsam
840 2715 910 2756 eam
935 2692 1036 2780 princi
1059 2693 1144 2757 iveta

9 2779 266 2844 §Celtiberorum
280 2778 489 2846 adolescenti:
515 2716 642 2845 Allucio
657 2802 775 2844 nomen
791 2791 866 2843 erat
900 2716 1071 2867 Extemplb

23 2866 128 2954 igitur
140 2867 322 2952 parentibus
336 2889 515 2955 sponsoque
529 2867 570 2931 ab
584 2866 679 2930 domo
694 2865 811 2942 accitis,
827 2888 928 2951 quum
942 2866 1071 2930 interim

23 2951 163 3029 audiret,
180 2952 324 3040 deperire
347 2976 421 3018 emn
442 2975 574 3040 sponsae
596 2975 712 3027 amore,
735 2951 791 3016 ubi
812 2951 951 3036 primum
973 2951 1071 3028 veuit,

24 3039 221 3104 accuratiore
237 3062 311 3104 euru
325 3060 480 3116 sermone,
492 3061 588 3126 quam
603 3051 757 3124 parentes,
773 3035 952 3122 alloquitur.
999 3036 1072 3100 ίΙιι-
1081 3048 1166 3098 Oratio
1176 3050 1208 3098 eu

25 3124 160 3202 ‘venis’
174 3125 288 3212 inquit,
306 3125 471 3190 ‘iuvenem
486 3123 621 3210 appello,
636 3145 701 3210 quo
723 3123 826 3186 minor
847 3122 888 3185 sit
909 3123 993 3186 inter
1014 3113 1198 3188 nostrum·

26 3211 147 3276 ‘buius
161 3213 313 3276 sermonis
327 3209 526 3276 verecundia.
573 3208 653 3296 Ego,
669 3230 768 3295 quum
782 3230 898 3295 sponsa
913 3220 967 3272 tua
980 3192 1167 3296 captap¹⁰¹¹¹⁸'

25 3307 70 3363 ‘a
96 3296 249 3364 militibus
270 3297 446 3363 nostrised
466 3319 518 3360 me
541 3295 637 3360 ducta
656 3307 747 3372 esset,
766 3293 982 3381 audiremque,
1001 3317 1072 3360 eam

26 3383 111 3448 ‘tibi
129 3383 216 3450 cordi
238 3407 316 3462 esse,
334 3398 367 3450 et
387 3383 490 3448 forma
508 3382 626 3447 faceret
647 3381 754 3459 fidem,
770 3381 846 3467 quia
867 3381 944 3468 ipse,
962 3381 989 3445 si
1010 3381 1072 3446 frui

27 3471 164 3536 ‘liceret
177 3471 254 3535 ludo
268 3471 389 3548 aetatis,
404 3469 588 3556 praesertim
604 3479 690 3533 recto
705 3481 738 3532 et
751 3466 893 3554 legitimo
908 3490 1024 3545 amore,
1039 3481 1073 3532 et

26 3567 118 3622 ‘non
140 3556 315 3644 respublica
332 3557 473 3622 animum
488 3569 631 3621 nostrum
645 3567 839 3641 occupasset,
853 3554 978 3618 veniam
993 3553 1072 3618 mibi

27 3651 38 3682 ‘
50 3643 121 3708 dari
143 3666 289 3731 sponsam
311 3643 484 3732 impensius
505 3641 624 3708 amanti
644 3641 776 3706 vellem:
802 3653 867 3717 tuo,
889 3640 979 3705 cuius
1000 3663 1070 3728 pos·

26 3740 39 3770 ‘
50 3753 133 3808 sum,
149 3730 247 3794 amori
261 3729 360 3795 faveo.
406 3729 481 3795 Fuit
494 3751 609 3818 sponsa
625 3741 681 3792 tua
697 3726 782 3814 apud
802 3749 853 3790 me
870 3726 993 3804 eudem,
1009 3750 1073 3814 qua

26 3816 139 3917 ‘apud
160 3839 283 3882 soceros
305 3830 376 3882 tuos
396 3829 606 3904 parentesque
620 3837 703 3892 suos,
719 3812 927 3878 verecundia:
953 3827 1073 3879 servata

26 3903 111 3969 ‘tibi
130 3917 187 3982 est,
205 3916 241 3968 ut
259 3903 445 3969 inviolatum
465 3917 498 3968 et
517 3902 650 3990 dignum
672 3924 723 3966 me
746 3915 841 3988 teque
859 3899 928 3966 dari
942 3901 1001 3966 tibi
1015 3902 1073 3967 do-

67 4115 244 4180 7Cultnmque
258 4115 425 4177 sennaar-ram]
461 4113 536 4162 Vere·
568 4111 686 4160 trahebat.
709 4111 739 4162 cf.
752 4112 839 4174 Polyb.
850 4125 874 4160 x.
890 4113 924 4161 18.
943 4111 1026 4160 Dore.

26 4179 145 4229 cundiam
161 4179 188 4228 in
201 4180 304 4230 feminas
314 4178 449 4241 significare
460 4176 538 4226 voluit
601 4178 615 4224 8
626 4177 724 4224 alludo
734 4192 821 4226 nomen
831 4179 897 4235 erat]
911 4174 1025 4223 Indibilis
1033 4188 1071 4220 vo

25 4244 160 4294 Mandonii
176 4259 246 4304 uxor,
256 4244 299 4293 sed
312 4242 395 4305 Scipio
409 4241 537 4303 ambiguae
570 4245 638 4288 catur
648 4255 687 4301 ap.
700 4240 758 4288 Vel.
770 4239 909 4300 Max.iv.3.
922 4253 941 4286 1.
954 4236 1073 4285 Lucceius

26 4307 213 4370 significationis
230 4323 315 4357 rocem
332 4309 424 4356 wem
442 4307 474 4354 ad
491 4320 538 4363 ree,
569 4319 609 4366 ap.
628 4305 695 4352 Plut.
718 4304 748 4352 cs.
762 4303 848 4365 Polyb.
868 4317 892 4350 x.
907 4316 944 4364 19,
955 4300 996 4362 qui
1013 4315 1073 4358 rem,

26 4387 94 4435 quae
113 4371 224 4420 habitum
241 4377 368 4420 extentum
385 4371 537 4432 spectabant,
568 4366 711 4428 consponsi
723 4381 821 4424 nomen,
831 4369 957 4412 memorat.
972 4363 1036 4412 Rus.

73 4455 150 4498 VOL.
166 4455 200 4499 11.
883 4446 901 4488 Ζ
