2878 4772
305 223 403 291 LIB.
427 223 593 294 XXVIIL
624 227 736 296 CAP.
763 235 813 297 15.
906 259 913 266 ·
1018 234 1082 300 417

33 370 166 448 tumque
192 373 266 427 ante
286 361 405 427 vallum
427 376 460 429 et
482 364 724 453 trepidationem
751 389 890 444 suorum,
913 381 948 433 et
970 367 1082 455 procul
1094 379 1168 431 tac.
1184 380 1240 444 54⁶·

32 447 123 533 signa
136 447 298 534 legionum
316 449 480 536 fulgentia,
495 450 669 600 plenosque
689 453 827 518 hostium
848 476 976 604 campos
991 455 1080 534 vidit,
1090 446 1122 496 Δ·
1138 444 1169 496 ⁰·
1184 443 1240 496 ²⁰⁶·

32 533 211 618 equitatum
226 557 354 600 omnem
369 549 499 624 extemp
511 559 531 600 o
550 537 585 602 in
605 538 728 625 equites
747 540 873 605 emittit.
936 563 991 628 pse
1006 563 1079 606 cum

30 619 176 704 peditum
203 621 329 708 agmine
354 623 463 686 castris
489 623 666 711 egreditur:
695 648 756 689 nec
781 648 823 690 ex
848 626 958 692 ordine
988 627 1080 692 solito

31 705 204 793 quicquam
226 708 294 774 acie
318 709 504 774 instruenda
525 721 636 775 mutat.
682 710 838 797 Equitum
860 712 923 778 iam
945 713 1002 778 diu
1023 735 1080 778 an·

29 813 106 878 ceps
131 815 239 880 pugna
263 807 348 859 erat:
372 817 433 859 nec
457 794 527 884 ipsa
593 819 610 860 r
634 819 667 861 se
694 796 824 862 decerni
850 811 983 885 poterat,
1004 799 1081 886 quia

29 877 129 964 pulsis
142 879 246 966 (quod
260 903 318 968 pro
374 881 409 944 in
423 881 526 947 vicem
564 882 653 1033 ebali
667 883 702 947 in
717 885 817 948 aciem
832 885 977 971 peditum
992 899 1079 950 tutus

28 977 177 1051 receptus
191 979 266 1031 erat.
330 968 337 990 ¹
357 967 379 1032 d
401 968 456 1031 ubi
477 969 542 1032 iam
563 968 628 1033 hau
671 969 742 1056 plus
762 971 953 1058 quingentos
971 993 1078 1058 passus
1089 989 1221 1054 squam

28 1051 113 1115 scies
134 1052 218 1117 iuter
238 1075 305 1118 sese
327 1053 468 1132 aberant,
483 1055 575 1142 signo
594 1056 738 1142 receptui
753 1056 838 1134 dato,
856 1055 973 1143 Scipio,
989 1055 1113 1145 pate-1¹¹
1124 1058 1239 1108 abania

28 1137 183 1224 factisque
205 1139 378 1217 ordinibus,
402 1141 580 1227 equitatum
602 1164 730 1206 omnem
752 1142 919 1230 levemque
941 1119 1189 1208 armatu-¹⁰⁰⁸‘Q
1222 1185 1227 1188 -

27 1245 106 1300 ram,
128 1225 161 1288 in
183 1225 325 1290 medium
347 1241 509 1313 acceptam
532 1227 728 1315 divisamque
749 1229 785 1292 in
806 1242 911 1315 partes
932 1229 1021 1307 duas,
1043 1231 1078 1294 in

28 1310 176 1374 subsidiis
202 1327 273 1398 post
298 1335 418 1377 cornua
442 1313 533 1379 locat.
580 1312 673 1391 Inde,
699 1315 754 1380 ubi
783 1315 984 1403 incipiendae
1012 1317 1077 1380 iam

12 1418 155 1483 rpugnae
171 1408 235 1461 tem
259 1421 296 1462 us
310 1411 387 1476 erat,
404 1397 466 1464 His
507 1421 566 1465 nos
580 1400 634 1487 (ea
653 1400 760 1465 media
779 1402 861 1466 acies
880 1401 956 1488 fuit)
970 1425 1077 1490 presso

26 1483 129 1569 gradu
150 1482 221 1548 ince
245 1507 298 1550 ere
320 1485 417 1550 iubet
462 1422 535 1573 ldae
558 1509 577 1550 e
599 1486 712 1551 dextro
734 1509 833 1551 comu
855 1487 916 1574 (ibi
938 1511 1076 1576 namque

26 1568 186 1656 praeerat)
200 1571 349 1635 nuntium
365 1571 407 1636 ad
424 1571 567 1637 Silanum
582 1585 616 1638 et
631 1571 789 1637 Marcium
804 1573 913 1652 mittit,
927 1586 962 1638 ut
976 1597 1075 1640 comu

12 1656 239 1726 sextenderent
254 1657 288 1721 in
302 1657 427 1722 sinistra
441 1671 539 1746 purte,
556 1659 824 1746 quemadmodum
840 1683 873 1724 se
890 1660 1074 1726 tendentem

12 1756 47 1808 ta
61 1741 175 1806 dextra
188 1743 358 1808 vidissent:
383 1758 418 1810 et
436 1768 509 1811 cum
530 1745 689 1833 expeditis
704 1747 850 1832 peditum
865 1747 1074 1835 equitumque
1085 1763 1212 1840 ymerium

26 1827 115 1915 prius
135 1851 276 1916 pugnam
298 1846 500 1896 consererent
521 1854 595 1897 cum
617 1832 717 1909 hoste,
733 1855 829 1919 quam
845 1834 928 1898 eolre
944 1828 1166 1899 interemitur·

26 1914 151 1980 mediae
175 1916 258 1980 acies
283 1930 419 2004 possent.
466 1918 517 1983 Ita
541 1917 679 1983 diductis
704 1918 853 1983 cornibus
878 1941 952 1984 cum
976 1919 1075 1983 ternis

25 2000 171 2088 peditum
186 2002 378 2081 cohortibus,
391 2004 552 2092 ternisque
568 2005 713 2091 equitum
730 2004 850 2080 turmiS,
866 2004 983 2069 adhoc
998 2004 1076 2069 veli·

26 2088 121 2164 tibus,
134 2089 230 2153 citato
244 2088 346 2178 gradu
361 2091 394 2154 in
409 2092 532 2156 hostem
544 2090 713 2167 ducebant,
726 2091 931 2177 sequentibus
946 2091 981 2153 in
996 2090 1075 2156 obli·

12 2197 128 2260 rquum
150 2175 227 2240 aliia.
275 2175 370 2240 Sinus
392 2177 427 2242 in
448 2176 556 2242 medio
575 2189 653 2254 erat,
677 2176 752 2262 quia
771 2176 898 2264 segnius
914 2175 1076 2264 Hispano·

24 2283 98 2324 rum
118 2261 208 2348 signa
228 2262 436 2328 incedebant:
460 2278 493 2329 et
515 2263 578 2327 iam
595 2263 805 2328 conflixerant
818 2285 946 2340 cornua,
986 2285 1073 2341 uum,

24 2346 115 2433 quod
129 2347 249 2413 roboris
268 2348 302 2412 in
323 2349 390 2414 acie
410 2349 550 2414 hostium
570 2362 647 2426 erat,
663 2348 765 2414 Poeni
780 2349 923 2414 veterani
1000 2349 1074 2436 'que

24 2433 171 2498 nondum
193 2434 235 2499 ad
257 2435 313 2500 teli
334 2435 515 2502 coniectum
529 2435 698 2512 venissent,
715 2457 820 2523 neque
839 2435 876 2500 in
894 2459 1022 2513 cornua,
1038 2451 1075 2500 ut

24 2519 213 2586 adiuvarent
241 2534 428 2609 pugnantes,
456 2521 631 2587 discurrere
657 2521 820 2600 auderent,
847 2544 888 2586 ne
915 2522 1075 2609 aperirent

24 2605 165 2670 mediam
180 2607 281 2672 aciem
295 2609 435 2673 venienti
455 2631 496 2671 ex
514 2607 645 2670 adverso
659 2607 751 2673 hosti.
799 2610 929 2674 Cornua
943 2608 1074 2694 ancipiti

23 2691 146 2780 proelio
168 2695 377 2779 urgebantur:
401 2715 509 2778 eques,
530 2691 671 2779 levisque
691 2705 858 2776 armatura,
873 2694 994 2771 velites,
1013 2694 1075 2759 cir·

24 2777 205 2844 cumductis
223 2778 279 2843 alis
299 2779 333 2842 in
352 2778 450 2844 latera
464 2779 684 2856 incurrebant3
707 2778 854 2844 cohortes
868 2801 888 2842 a
901 2779 1005 2844 fronte
1021 2803 1075 2844 ur·

12 2865 154 2951 agebant,
168 2878 207 2929 ut
226 2867 451 2952 abrumperent
472 2887 592 2930 cornua
613 2887 632 2930 a
653 2878 759 2930 cetera
783 2865 860 2930 acie.
907 2864 951 2929 Et
972 2888 1073 2950 quum
1173 2907 1182 2924 .

25 2952 66 3016 ab
91 2951 178 3015 omni
196 2949 289 3050 purte
313 2951 559 3038 haudquaquam
582 2973 641 3050 par
662 2973 771 3037 pugna
793 2963 871 3026 erat,
895 2961 963 3013 turn
985 2950 1074 3049 quod

24 3037 120 3106 turba
134 3036 306 3102 Baltarium
327 3037 529 3123 tironumque
546 3035 763 3121 Hispanorum
778 3034 925 3099 Romano
941 3034 1074 3099 Latmo·

49 3146 91 3188 ue
111 3123 204 3188 militi
224 3123 348 3189 obiecta
367 3135 443 3200 erat,
458 3134 501 3199 et,
516 3120 709 3208 procedente
724 3121 787 3185 iam
802 3119 865 3197 die,
880 3120 962 3185 vires
976 3120 1073 3185 etiam

23 3147 164 3275 deficere
179 3208 388 3275 Hasdrubalis
403 3209 579 3274 exercitum
596 3218 776 3294 coeperant,
791 3227 956 3293 oppressos
970 3219 1073 3270 matu-

23 3297 96 3362 tino
111 3296 250 3361 tumultu
264 3308 462 3383 coactosque,
496 3294 658 3380 riusquam
672 3292 744 3357 cibo
758 3313 890 3378 corpora
900 3291 1072 3370 firmarent,

23 3383 142 3469 raptim
156 3382 191 3446 in
206 3383 306 3448 aciem
320 3383 417 3447 exire.
463 3317 519 3445 dd
533 3378 569 3444 id
582 3378 693 3443 sedulo
707 3377 794 3443 diem
809 3391 989 3444 exusserat
1005 3377 1073 3442 Sci·

23 3470 91 3557 pio,
106 3481 143 3534 ut
161 3491 230 3533 sera
250 3491 359 3557 pugna
379 3481 469 3534 esset.
516 3465 603 3530 Nam
624 3466 665 3530 ab
686 3465 821 3552 septima
841 3464 972 3530 demum
994 3464 1073 3529 hora

23 3554 172 3644 peditum
193 3556 284 3643 signa
304 3553 453 3620 cornibus
474 3553 725 3618 incucurrerunt.
771 3549 827 3615 Ad
848 3550 969 3616 medias
990 3549 1073 3615 acies

1367 631 1377 650 ι
1426 579 1427 662 l

1426 673 1427 684 l

57 3740 74 3785 4
85 3727 273 3788 Pro-tromeda]
285 3742 318 3777 sc.
326 3725 441 3776 Leutiore
446 3727 534 3790 gradu,
565 3724 626 3783 ken,
640 3727 727 3786 utpote
740 3721 876 3786 elegantius
890 3727 916 3771 et
931 3723 1001 3772 codd.
1014 3722 1071 3772 Put.

23 3790 233 3854 quemadmodum
247 3807 331 3853 prem
345 3792 407 3854 pede
422 3790 534 3838 incedere
565 3793 591 3836 et
602 3787 696 3836 Victor.
708 3786 839 3836 firmatum.

23 3853 151 3912 dicuntur,
169 3853 211 3916 qui
231 3855 322 3904 lentius
340 3853 533 3918 progrediuntur.
598 3853 665 3901 BE!
685 3867 760 3914 quam
781 3852 812 3899 ob
837 3853 903 3900 omni
922 3851 1007 3913 parts]
1037 3849 1072 3898 Et

24 3917 299 3980 Huicoitotmprodru
310 3917 365 3967 ioh.
376 3917 515 3980 opponitur.
565 3915 756 3977 haudquaquam
776 3929 821 3977 par
839 3929 922 3989 pugna
940 3919 1000 3972 erat,
1017 3920 1071 3988 tum

58 3994 73 4043 5
91 3983 124 4029 In
134 3985 236 4030 rinbtra
245 3983 330 4044 porte]
348 3982 389 4030 Ita
398 3981 534 4029 Rhenanus
565 3977 873 4037 omnibnsdaosmiatum
882 3976 938 4026 rdeo
948 3978 986 4026 vel
995 3992 1072 4026 marr·

23 4061 70 4108 pro
84 4051 190 4094 aetenam
204 4045 326 4095 editomm
343 4045 449 4094 lectione
461 4045 490 4092 ln
502 4044 533 4092 σὺ
565 4057 615 4103 ms,
625 4041 692 4106 quod
705 4043 778 4090 turba
792 4041 919 4090 incondita
935 4039 1071 4090 Baliarium

21 4113 130 4158 nicta-am
138 4115 320 4172 posteaquam
329 4106 535 4170 Bekk.reposuit.
565 4106 722 4167 tironumque
754 4104 923 4168 Hispanorum
957 4104 1072 4152 Romano

58 4171 74 4222 6
91 4175 113 4219 A
126 4175 226 4234 dextra]
246 4173 286 4222 Ad
300 4173 413 4222 dextram
427 4169 535 4233 reposuit
567 4169 703 4230 Latinoque
714 4167 787 4216 militi
798 4169 894 4218 obiecta
904 4171 965 4225 erat,
972 4172 998 4215 et
1006 4165 1072 4225 qnod

24 4236 136 4288 Bckker.
566 4228 1073 4295 procedenteiamdie...(leterurovnlgo

62 4313 75 4362 7
93 4301 267 4362 misceantur
278 4299 460 4364 Hispanorum]
479 4299 535 4355 Qua
567 4295 626 4346 editi
643 4295 737 4344 habent
748 4297 784 4344 Et
798 4302 866 4350 tacita,¹
884 4290 978 4352 scripti,
987 4295 1015 4340 nt
1032 4289 1081 4338 de.

23 4365 127 4426 saffiram
141 4370 301 4426 reposueruut
315 4362 420 4414 Crevier.
433 4359 534 4411 stBelr-
568 4359 754 4409 dinuscitur.
799 4395 800 4398 ,

72 4447 147 4490 voa.
164 4447 199 4490 11.
846 4438 899 4480 Ee
