2888 4768
354 215 417 278 262
738 203 851 273 ΤῙΤΙ
879 203 1015 271 LIVII

200 358 275 410 tto.
292 341 564 430 54o‘praebentes
583 361 714 428 corpora
852 361 885 403 m
899 337 996 404 modo
1010 337 1103 403 inulti
1123 335 1341 414 trucidentur,
1354 359 1399 412 au,

199 425 229 474 ⁸2
246 425 276 474 ⁰·
291 437 346 474 ²¹²·
356 437 366 468 ‘
376 441 444 494 toto
457 427 564 494 animo
577 450 598 492 a
610 361 1053 514 patientlieffxssectmdoque
1067 437 1184 491 eventu
1195 424 1230 488 in
1246 425 1400 512 impetum

356 523 476 602 ‘atque
501 515 579 578 iram
596 536 696 591 verso,
719 526 848 600 agentes
871 512 1097 599 audentesque,
1119 511 1241 598 pertirai
1266 511 1400 576 bostium

356 609 498 679 ‘cruore
512 601 597 666 inter
613 600 841 688 exspirantium
855 599 1056 664 inimicorum
1076 597 1242 663 cumulata
1255 619 1399 684 armaque

357 697 411 754 ‘et
429 709 561 776 corpora
579 687 703 753 cadant.
748 685 916 752 Lucanum
936 685 1129 772 proditorem
1149 707 1188 750 ac
1210 685 1401 770 transfugam

357 783 485 841 ‘omnes
506 786 659 862 peterent
707 772 774 849 Qui
797 795 866 838 eam
884 773 1043 837 victimam
1066 794 1141 859 prae
1163 794 1200 836 se
1224 770 1271 835 ad
1295 771 1402 836 inferos

357 871 368 902 ‘
378 861 522 939 misisset,
538 883 612 927 eum
632 860 728 926 decus
748 859 900 924 eximium
917 859 1078 946 egregium
1103 881 1143 923 ne
1165 857 1324 922 solatium
1338 881 1402 922 snae

358 949 473 1014 ‘morti
488 947 709 1013 inventurum!
752 945 841 1010 Inter
851 945 930 1010 haec
941 946 1067 1032 dictap
1099 945 1404 1010 udameutocircum

356 1036 481 1101 laevum
496 1034 659 1100 brachium
673 1033 800 1110 intorto,
812 1033 901 1118 (nam
916 1054 957 1097 ne
972 1045 1061 1097 scuta
1075 1031 1210 1118 quidem
1226 1055 1345 1097 secum
1357 1053 1403 1095 ex·

358 1120 511 1205 tulerant)
526 1121 559 1185 in
581 1122 686 1186 hostes
708 1119 861 1208 impetum
882 1118 964 1184 lecit
1010 1118 1125 1194 Maior,
1143 1140 1246 1205 quam
1272 1141 1335 1206 pro
1355 1141 1403 1182 no-

356 1229 445 1274 mero
459 1207 634 1284 hominum,
649 1206 755 1272 editur
767 1228 882 1294 pugna
928 1204 1043 1270 Iaculis
1057 1205 1196 1269 maxime
1214 1219 1335 1293 aperta
1347 1227 1403 1270 cor·

356 1317 435 1383 pora
452 1294 679 1369 Romanorum,
698 1305 731 1357 et
750 1315 850 1379 quum
867 1291 1010 1380 undique
1030 1315 1071 1356 ex
1088 1291 1261 1357 altioribus
1285 1291 1363 1356 locis
1377 1292 1403 1354 iu

357 1401 466 1446 cavam
487 1379 602 1446 vallem
626 1379 787 1445 coniectus
810 1391 900 1456 esset,
925 1379 1160 1466 transfiguntur.
1212 1378 1403 1452 Gracchum,

358 1469 422 1532 iarn
450 1467 607 1532 nudatum
642 1465 809 1554 praesidio,
838 1466 946 1529 vivum
974 1488 1012 1530 ca
1052 1487 1086 1529 re
1114 1463 1223 1529 Poeni
1254 1466 1404 1530 nitnntm.

360 1553 514 1619 Ceterum
534 1553 597 1631 ille,
613 1552 811 1640 conspicatus
831 1551 997 1616 Lucanum
1035 1551 1168 1638 ospitem
1188 1551 1285 1616 inter
1299 1552 1404 1626 hostes,

359 1640 438 1705 adeo
457 1639 589 1704 infestus
610 1639 767 1705 confertos
787 1639 910 1715 invasit,
925 1651 963 1702 ut
983 1639 1069 1725 parci
1091 1638 1120 1702 ei
1138 1637 1210 1702 sine
1236 1638 1404 1702 multorum

400 1727 498 1792 micie
515 1749 581 1791 non
601 1738 714 1814 posset
760 1724 950 1790 Exanimem
968 1747 1042 1790 eum
1065 1723 1164 1810 Mago
1183 1723 1406 1812 extempload

396 1812 575 1879 annibalem
594 1813 688 1889 misit,
704 1812 844 1900 ponique
863 1833 937 1877 curn
952 1811 1052 1898 captis
1070 1809 1165 1875 simul
1178 1809 1330 1877 fascibus
1345 1827 1405 1875 ane

360 1900 496 1965 tribuual
512 1900 708 1988 imperatoris
722 1899 820 1964 iussit

403 1985 495 2052 Haec
512 2007 586 2052 vera
602 1985 687 2051 fama
705 1998 761 2050 est
808 1983 971 2050 Gracchus
990 1984 1023 2048 in
1044 1983 1183 2048 Lucanis
1205 1983 1249 2049 ad
1273 2006 1405 2072 campos,

294 2118 303 2136 .
360 2075 417 2162 qui
432 2075 566 2140 Veteres
584 2085 747 2150 vocantur,
764 2071 868 2160 periit
915 2070 1006 2148 Sunt,
1021 2071 1125 2160 quiin
1145 2093 1223 2158 agro
1240 2070 1423 2144 Beneremo

360 2173 446 2237 ωηο,
461 2183 559 2250 prope
584 2159 732 2225 Calorem
746 2158 888 2235 fluvium,
909 2157 1077 2224 ostendant
1101 2181 1120 2222 a
1140 2157 1253 2221 castris
1276 2181 1357 2222 curn
1376 2157 1407 2220 li·

360 2247 499 2313 ctoribus
523 2270 560 2313 ac
580 2247 681 2312 tribus
703 2245 799 2310 servis
818 2244 943 2310 lavandi
963 2267 1057 2309 causa
1074 2265 1292 2331 progressum,
1315 2267 1408 2334 quum

359 2335 439 2400 sorte
454 2334 538 2400 inter
552 2333 660 2399 salicta
672 2333 782 2397 innata
795 2333 871 2419 ripis
889 2332 1024 2397 laterent
1038 2331 1151 2407 hostes,
1167 2330 1301 2395 nudum
1318 2345 1406 2418 atque

359 2421 524 2499 inermem,
536 2421 692 2507 saxisque,
727 2442 787 2483 uae
798 2418 896 2484 volvit
910 2419 1020 2496 amnis,
1030 2429 1303 2505 propugnantem,
1317 2419 1408 2482 inter·

358 2505 486 2572 fectum.
533 2505 625 2584 Sunt,
641 2507 697 2594 qui
705 2443 911 2592 (lamspicum
927 2505 1049 2570 monitu
1064 2505 1256 2592 quingentos
1273 2527 1409 2591 passusa

360 2593 469 2657 castris
489 2615 697 2680 progressum,
712 2593 759 2656 uti
779 2592 849 2656 loco
870 2615 950 2679 puro
970 2614 1114 2678 eaquae
1137 2603 1210 2656 ante
1228 2589 1323 2656 dicta
1343 2613 1422 2679 prot

360 2677 447 2766 digia
465 2692 548 2755 sunt,
564 2693 753 2766 procuraret,
769 2679 809 2744 ab
828 2678 1039 2744 insidentibus
1058 2677 1138 2742 forte
1158 2677 1267 2742 locum
1287 2678 1408 2743 duabus

360 2765 472 2830 turmis
502 2763 715 2830 Numidarum
745 2766 994 2830 circumventum
1023 2765 1168 2829 scribant
1215 2763 1320 2830 Adeo
1355 2787 1408 2828 nec

360 2851 458 2928 locus,
473 2873 533 2916 nec
554 2853 634 2916 ratio
649 2853 757 2916 mortis
779 2852 814 2917 in
827 2852 894 2916 viro
909 2865 973 2916 tam
988 2851 1072 2917 claro
1086 2869 1119 2915 et
1140 2850 1258 2952 insigni
1275 2867 1407 2916 constat.

361 2937 493 3003 Funeris
515 2960 643 3025 quoque
671 2937 808 3003 Gracchi
829 2939 915 3002 varia
940 2951 987 3003 est
1010 2938 1102 3002 fama
1147 2936 1278 3003 Albin
1303 2939 1408 3002 ommis
1442 2957 1443 2996 l

363 3023 516 3090 Romanis
530 3025 687 3113 sepultum
709 3026 748 3090 ab
763 3025 836 3102 suis,
852 3024 905 3089 alii
920 3026 959 3089 ab
981 3023 1161 3088 Hannibale
1176 3024 1225 3109 (et
1244 3046 1288 3088 ea
1303 3025 1407 3112 vulga·
1442 3067 1443 3102 ,

361 3111 425 3177 tior
442 3112 527 3176 forna
547 3113 610 3198 est)
630 3111 759 3177 tradunt
781 3111 816 3174 in
837 3111 992 3176 vestibulo
1015 3110 1208 3176 Punicorum
1232 3125 1406 3176 castrorum

361 3221 474 3285 rogum
494 3211 687 3264 exstructum
710 3220 795 3262 esse:
819 3210 972 3262 armatum
992 3197 1167 3262 exercitum
1188 3197 1421 3262 decucurrisset

360 3307 436 3350 curn
451 3285 596 3372 tripudiis
617 3285 841 3372 Hispanorum,
858 3285 1059 3434 motibusqqe
1074 3305 1233 3348 armorum
1248 3297 1284 3348 et
1300 3307 1407 3371 corpo·

362 3393 433 3436 rum
447 3393 522 3436 suae
536 3373 588 3436 cui
611 3393 652 3436 ue
666 3372 755 3459 genti
770 3370 909 3448 assuetis,
925 3371 993 3458 ipso
1044 3369 1188 3435 annibale
1197 3371 1291 3434 omni
1306 3391 1421 3441 remma
1442 3415 1443 3452 ,

362 3395 726 3544 vermmquelronom
742 3457 906 3545 exsequias
926 3455 1113 3522 celebrante
1159 3455 1253 3521 Haec
1266 3459 1404 3530 tradtmt,

362 3545 473 3632 quiin
496 3543 634 3610 Lucanis
655 3545 702 3609 rei
723 3557 829 3632 gestae
851 3557 994 3609 auctores
1015 3555 1097 3609 sunt.
1144 3541 1179 3607 si
1200 3541 1353 3632 illisqui
1372 3541 1406 3608 al

394 3787 520 3849 quris't]
539 3786 659 3848 quuitur
673 3788 704 3836 de
719 3787 766 3836 hac
781 3801 808 3835 re
822 3787 869 3835 Po·
934 3786 1152 3846 sDeeuowlm]
1181 3785 1304 3834 dolebant
1324 3786 1406 3834 militer

364 3849 445 3911 lybias
454 3849 481 3898 in
491 3849 606 3912 Excerpt.
614 3851 726 3899 Vatican.
735 3851 783 3900 viii.
795 3865 815 3899 1.
826 3849 869 3899 ubi
901 3865 950 3898 uon
970 3850 1049 3898 solum
1068 3848 1248 3898 exercitationis
1267 3864 1355 3909 caua,
1370 3847 1406 3896 sed

365 3912 390 3960 in
407 3913 525 3962 eiusmodi
541 3914 686 3972 infortuniis,
697 3920 778 3963 utrum
794 3915 870 3964 victos
901 3914 975 3962 etism
991 3914 1018 3962 in
1028 3913 1172 3976 quibusdam
1183 3913 1406 3962 sollennibnsmili·

364 3975 536 4038 obiurgaraan
547 3977 576 4026 iis
587 3978 668 4040 potius
682 3979 789 4042 compati
799 3993 868 4042 opor·
901 3977 993 4026 teribus
1008 3978 1142 4026 decurrere.
1164 3977 1194 4026 cf.
1206 3992 1273 4040 supr.
1289 3979 1359 4027 xxiii
1373 3989 1404 4040 35

364 4045 424 4099 teat,
435 4039 536 4091 disserit.
900 4043 965 4091 xxiv.
975 4043 1014 4102 48.
1031 4041 1090 4091 Tac
1103 4043 1167 4090 Anu.
1178 4041 1204 4091 ii.
1217 4053 1239 4104 7.

399 4119 410 4153 1
423 4106 567 4168 Looon]
579 4105 798 4169 Quiaipsaeastm,
806 4107 868 4155 mul·
933 4107 1029 4168 aristae
1044 4108 1132 4170 oniqru
1145 4108 1214 4168 penti
1223 4108 1345 4166 sumtis]
1362 4105 1404 4153 ro

364 4167 443 4231 tipliei
471 4168 514 4216 illo
539 4185 568 4217 ac
589 4170 686 4233 saepius
708 4171 811 4232 repetito
832 4171 868 4218 in·
898 4185 960 4220 suae
975 4171 1062 4234 cuique
1078 4170 1208 4234 legendum
1224 4170 1404 4234 atestensis

364 4233 444 4281 fausto
459 4233 576 4294 angariam
592 4233 681 4294 omine,
692 4235 761 4296 quasi
771 4235 869 4296 polluta
901 4234 942 4282 bat
960 4234 1068 4283 Gronov.
1096 4235 1162 4285 &aas
1179 4235 1318 4299 quttaqsae
1334 4233 1405 4296 orati,
1441 4265 1442 4270 =

364 4301 391 4343 et
408 4296 501 4346 incesta
519 4301 595 4345 erant
629 4297 709 4346 Simili
728 4296 778 4345 fere
796 4311 868 4347 mutu
900 4299 996 4348 mavult
1006 4297 1112 4350 Crevier.

364 4361 431 4409 loona
438 4375 519 4423 parata
529 4360 584 4411 inl’r.
595 4362 663 4412 xxxi.
675 4377 714 4421 44.
732 4359 819 4410 Daax.
