2878 4772
320 209 416 276 LIB.
440 208 588 276 XXVII.
621 209 732 276 CAP.
757 217 808 278 51.
1029 217 1093 280 399

54 345 188 412 hostiurn
208 345 495 434 imperatoremque
510 347 659 425 occisum,
674 347 816 435 legiones
832 346 994 413 Romanas
1007 349 1095 414 inco·
1106 361 1141 412 U.
1152 362 1182 411 ο.
1198 375 1254 424 5⁴⁵·

53 432 160 510 lumea,
175 432 276 498 salvos
298 431 444 498 consules
465 455 542 511 esse,
557 434 719 520 extemplo
734 433 803 498 aliis
824 457 918 535 porro
935 435 1097 522 impertie-
1105 428 1136 476 A.
1153 427 1184 476 ⁰·
1200 437 1256 486 ²⁰⁷·

54 519 129 584 bant
144 519 297 606 gaudium
312 540 414 584 suurn.
462 518 573 595 Quum
595 541 688 608 aegre
710 520 887 586 incurram
908 534 1097 608 perventum

55 618 142 683 esset,
158 604 259 670 multo
281 604 406 692 aegrius
427 618 586 671 summota
607 608 709 684 turba,
725 629 766 672 ne
781 605 929 672 Patribus
951 607 1098 672 miscere·

35 703 114 769 stur‚
129 691 238 757 literae
253 691 288 754 iu
302 703 416 756 senatu
430 690 579 757 recitatae
594 705 677 757 sunt
715 692 797 757 Inde
812 693 958 781 producti
972 693 1008 757 in
1022 715 1099 758 cou-

55 778 177 842 cionem
201 776 306 864 legati.
351 777 390 842 L
404 776 567 856 Veturius,
588 777 689 844 literis
710 779 858 856 recitatis,
881 779 948 866 ipse
974 779 1099 866 planiru

55 864 168 942 omnia,
196 885 277 950 quae
307 876 378 928 acta
402 876 502 941 eraut,
527 865 675 966 exposuit
704 887 778 929 cum
807 865 929 952 ingenti
959 887 1098 943 assensu,

55 962 211 1037 postremo
239 950 336 1014 etiam
365 949 501 1015 clamore
531 972 695 1016 uurvemae
721 951 893 1028 concionis,
918 973 1019 1037 quum
1045 951 1099 1015 vix

55 1035 204 1124 gaudium
225 1036 339 1101 animis
360 1049 520 1124 caperent.
566 1036 753 1102 Discursum
775 1035 851 1102 inde
871 1037 911 1102 ab
930 1036 999 1102 aliis
1016 1037 1100 1102 circa

56 1121 172 1211 templa
186 1121 293 1200 deum,
308 1135 345 1188 ut
363 1135 468 1209 grates
489 1136 640 1210 agereut3
665 1123 705 1188 ab
719 1122 789 1188 aliis
802 1123 923 1200 domos,
939 1136 975 1187 rrt
989 1123 1101 1188 coniu-

55 1209 146 1296 gibus
166 1207 336 1295 liberisque
352 1221 417 1274 tarn
431 1207 549 1274 laetum
572 1209 722 1274 nuntium
745 1209 953 1296 impertirent
1002 1209 1101 1275 Sena-

57 1309 114 1372 tus,
130 1293 219 1382 quod
234 1293 282 1360 M.
295 1294 407 1360 Livius
421 1308 454 1360 et
470 1293 510 1360 C.
523 1294 678 1361 Claudius
700 1296 854 1373 consules,
870 1294 1023 1360 incolumi
1045 1319 1101 1360 ex-

56 1381 166 1458 ercitu,
186 1379 301 1446 ducem
324 1380 464 1447 hostiurn
489 1381 693 1470 legionesque
720 1381 918 1459 occidissent,
943 1405 980 1447 su
1004 1381 1101 1470 plica·

57 1468 176 1532 tionem
189 1467 225 1532 in
240 1465 382 1532 triduum
396 1467 547 1533 decrevit
587 1467 668 1533 Eam
683 1490 721 1533 su
742 1467 945 1556 plicationem
963 1405 1102 1534 (liHos-

58 1553 143 1618 tilius
163 1565 290 1641 praetor
311 1575 369 1642 pro
390 1553 544 1619 concione
566 1554 677 1634 edixit,
693 1492 914 1642 celebrataque
933 1555 1041 1620 aviris
1055 1554 1101 1620 fc·

57 1639 214 1727 minisque
233 1653 290 1705 est
337 1639 457 1706 Omnia
479 1639 596 1728 templa
616 1664 674 1729 per
695 1655 799 1706 totum
821 1639 962 1705 triduum
984 1663 1102 1728 aequa·

57 1723 118 1790 lem
145 1727 270 1791 turbam
295 1725 451 1792 habuere:
484 1749 584 1815 quum
610 1741 772 1794 matronae
799 1725 991 1815 amplissima
1014 1741 1101 1792 veste

58 1835 128 1877 curn
151 1812 267 1890 liberis,
286 1812 420 1900 perinde
443 1836 479 1880 ac
501 1813 528 1877 si
550 1812 744 1880 debellatum
764 1814 855 1892 soret,
871 1813 959 1877 omni
981 1813 1102 1878 solutae

36 1909 155 1976 6metu,
175 1899 244 1964 deis
264 1899 493 1964 immortalibus
515 1913 619 1986 grates
642 1912 780 1987 agerent.
829 1899 953 1965 Statum
972 1920 1102 1986 quoque

58 1985 192 2050 civitatis
210 2008 250 2050 ea
266 1985 398 2050 victoria
417 1985 533 2050 movit:
557 1987 670 2051 utiam
690 1985 777 2064 inde,
792 1985 880 2050 haud
901 2007 991 2050 secus
1006 2006 1102 2071 quam

58 2070 91 2136 in
111 2093 199 2160 pace,
215 2093 266 2136 res
287 2071 372 2137 inter
392 2095 426 2136 se
448 2072 646 2150 contrahere,
664 2070 844 2150 vendendo,
863 2070 1011 2149 emendo,
1033 2093 1105 2135 mu-

60 2169 151 2222 tuum
165 2157 281 2236 dando,
298 2171 465 2246 argeutum
480 2157 637 2222 creditum
652 2157 814 2235 solvendo,
830 2157 994 2222 auderent.

103 2243 142 2309 C.
158 2241 313 2309 Claudius
327 2243 438 2310 consul
453 2267 553 2331 quum
575 2243 610 2308 in
629 2255 730 2309 castra
748 2243 890 2322 redisset,
906 2256 1002 2331 caput
1020 2241 1196 2322 Has-caput

59 2329 207 2408 drubalis,
230 2329 318 2418 quod
339 2343 499 2396 servatum
520 2353 595 2396 cum
615 2353 692 2395 cura
713 2329 871 2408 attulerat,
893 2329 1006 2416 proiici
1029 2341 1103 2394 ante
1112 2323 1256 2436 RQ*

59 2415 197 2481 hostium
226 2417 386 2496 stationes,
416 2417 620 2506 captivosque
650 2415 747 2481 Afros
775 2416 907 2494 vinctos,
939 2429 975 2480 ut
1003 2403 1250 2501 erantcmffi,

59 2502 194 2580 ostendi,
209 2501 290 2568 duos
311 2504 408 2569 ctiam
430 2524 471 2568 ex
493 2503 532 2567 iis
553 2502 671 2568 solutos
693 2503 739 2568 ire
761 2501 802 2568 ad
825 2501 1051 2581 Hannibalem,
1072 2516 1192 2568 eterna

59 2611 254 2678 expromere,
278 2611 360 2677 quae
383 2601 454 2655 acta
476 2603 590 2667 essent,
613 2589 711 2655 iussit
758 2587 932 2668 Hannibal,
953 2602 1042 2655 tanto
1063 2579 1241 2695 dfflfflh·

59 2676 125 2741 mul
148 2675 276 2763 publico
297 2674 505 2763 familiarique
527 2677 608 2741 ictus
629 2675 728 2756 luctu,
745 2683 933 2778 ‘agnoscere
955 2699 988 2742 se
1006 2675 1106 2742 sortu-

61 2769 156 2826 ‘nam
180 2760 280 2827 Carth
322 2762 402 2840 'nis,’
423 2761 523 2828 fertur
542 2762 677 2828 dixisse:
703 2775 873 2850 castusque
899 2760 975 2827 inde
1001 2761 1104 2839 motis,
1115 2783 1242 2834 Hanmual

60 2861 95 2913 ut
109 2848 217 2913 omnia
231 2849 307 2914 auri
320 2847 359 2926 'a,
375 2871 457 2936 quae
479 2848 594 2914 diffusa
612 2847 707 2914 latius
729 2850 811 2914 tueri
833 2871 899 2915 uon
921 2860 1055 2936 poterat,
1071 2847 1139 2912 inin
1150 2855 1229 2897 ωη-

60 2947 239 3000 extremum
253 2931 364 3000 Italiae
387 2933 540 3022 angulum
562 2933 705 2999 Bruttios
725 2933 935 3011 contraheret,
951 2946 984 2997 et
999 2911 1250 3024 Meta-'ffisscffi

59 3019 218 3108 pontinos,
233 3021 394 3086 civitatem
415 3021 604 3098 universam,
620 3021 741 3085 excitos
761 3019 888 3084 sedibus
902 3019 976 3096 suis,
992 3031 1025 3084 et
1040 3017 1161 3092 Lu-ur't.

60 3129 211 3258 qanorum
226 3107 283 3195 qui
300 3129 375 3172 suae
397 3105 528 3172 ditionis
550 3119 649 3184 eraut,
670 3105 705 3169 in
728 3104 890 3170 Bruttium
912 3127 1022 3192 agrurrr
1046 3117 1109 3170 tra·

84 3193 162 3259 uxit

94 3397 108 3448 5
124 3387 187 3436 Inde
195 3387 322 3448 producti]
340 3385 451 3436 Verbum
463 3382 503 3432 hic
515 3399 568 3446 pro-
633 3381 649 3433 6
659 3385 756 3433 Statum
766 3399 861 3448 qaoque
869 3384 975 3433 ciriwtr'r
1021 3383 1107 3442 aare]

61 3449 151 3512 prium.
183 3451 405 3500 Irrtroduorbontur
417 3449 442 3498 iu
457 3453 569 3498 miratum
602 3446 711 3498 Mutavit
774 3447 1028 3496 uniariacreistatum
1040 3446 1065 3493 iu
1076 3445 1108 3494 ci·

61 3528 77 3561 a
87 3512 266 3576 magistratibus
275 3514 359 3577 legati,
370 3515 570 3577 producebantur·
602 3509 686 3562 ritate
708 3575 714 3586 ‚
736 3525 766 3560 oc
777 3511 862 3560 codem
871 3525 936 3559 suno
944 3523 1060 3559 nummus
1067 3524 1109 3557 au·

62 3577 323 3640 adpopulum,rircin
331 3577 483 3627 concionem.
500 3576 570 3626 Beue
601 3591 657 3626 reru
695 3589 784 3624 rrmum
803 3575 901 3626 Romae
921 3587 1049 3637 percrusus
1064 3579 1111 3632 cat,

62 3640 136 3704 igitur
157 3641 182 3692 si
214 3642 277 3701 rrius,
298 3657 374 3704 quum
396 3641 524 3705 reperisset
544 3639 570 3689 irr
603 3591 806 3703 utoolligiturex
818 3637 884 3688 run.
895 3638 931 3688 Η.
943 3637 978 3689 N.
989 3636 1075 3687 xxxiii.
1087 3651 1110 3700 3.

62 3705 160 3768 scriptis
182 3657 229 3753 lle
250 3705 305 3754 loco
326 3707 468 3766 introducti,
490 3703 572 3755 effecit
603 3705 685 3756 (laur.

62 3770 121 3820 inda
128 3770 250 3833 macti.
266 3770 347 3821 cuv.
