2966 4778
379 162 474 228 LIB.
499 162 613 230 xxn.
651 163 762 230 CAP.
787 171 838 231 58.
1076 168 1135 230 115

106 319 148 362 ne
170 296 247 362 deos
270 311 398 384 possent
419 299 553 386 placare,
576 314 609 364 et
654 323 788 365 uaenam
811 302 917 366 futura
944 301 1015 365 linis
1038 299 1133 366 tantis
1145 313 1179 364 U.
1190 314 1220 365 c.
1237 313 1292 376 53⁶·

55 399 99 449 sc
155 383 224 448 ‘bus
237 384 327 448 foret
373 384 507 450 Interim
521 409 562 450 ex
581 387 613 450 fa
658 388 728 451 ibus
741 386 830 452 libris
844 387 996 452 sacrificia
1010 386 1132 474 aliquot
1141 379 1172 426 A.
1189 381 1219 455 c.·
1235 377 1291 427 ²¹⁶·

77 470 332 535 extraordinaria
350 471 448 548 facta3
473 473 557 537 inter
573 495 655 560 quae
677 471 790 538 Gallus
809 487 842 538 et
864 473 968 549 Galla,
986 471 1130 538 Graecus
1139 443 1262 555 am,

76 569 115 620 et
138 554 273 634 Graeca,
296 557 331 621 in
352 558 419 622 foro
441 558 549 624 boario
570 560 629 624 sub
651 573 735 624 terra
756 560 818 625 vivi
842 559 969 624 demissi
995 573 1069 624 sunt
1095 559 1288 623 inimmonne.

52 641 188 708 olocum
203 665 280 708 saxo
294 657 510 731 consaeptum,
525 644 589 710 iam
603 660 678 711 ante
696 646 806 711 hostiis
825 646 981 724 humanis,
998 646 1130 710 minime

79 727 232 793 Romano
242 751 340 807 mero,
356 730 523 796 imbutum.

124 814 261 880 Placatis
282 817 366 894 satis,
386 829 423 881 ut
442 818 601 895 rebantur,
619 817 697 895 deis,
719 817 767 882 M.
780 817 935 883 Claudius
956 817 1129 882 Marcellus

76 902 120 966 ab
137 899 230 966 Ostia
248 901 334 966 mille
352 915 385 966 et
398 902 591 990 quingentos
610 903 735 981 milites,
752 927 831 990 qnos
846 904 880 968 in
901 904 1031 968 classem
1053 904 1130 968 scri-

75 999 153 1136 ptos
164 986 311 1064 habebat,
324 987 471 1066 Romam,
484 1002 521 1054 ut
529 989 599 1053 urbi
613 989 772 1076 praesidio
787 1003 901 1066 essent,
914 989 1025 1054 mittit:
1049 989 1127 1077 ipse,

88 1074 205 1160 egione
228 1074 334 1138 classis
353 1073 407 1160 (ea
427 1075 521 1140 tertia
538 1075 623 1161 legio
641 1074 725 1226 erat?
739 1099 812 1140 cnm
834 1074 968 1141 tribunis
989 1075 1128 1140 militum

53 1161 229 1227 rTeanum
267 1159 445 1224 Sidicinum
478 1162 658 1247 praemissa,
694 1184 790 1226 casse
821 1162 937 1226 tradita
970 1162 1005 1228 P.
1032 1161 1128 1226 Furio

75 1245 175 1310 Philo
196 1244 347 1332 collegae,
366 1269 485 1332 paucos
506 1259 577 1334 post
598 1248 666 1313 dies
690 1248 867 1313 Canusium
889 1248 1012 1335 magnis
1033 1248 1128 1312 itine-

74 1333 167 1396 ribus
195 1332 370 1396 contendit
417 1332 564 1398 Dictator
588 1357 630 1399 ex
654 1335 838 1400 anctoritate
866 1335 996 1398 Petrum
1023 1334 1127 1398 dictus

76 1417 128 1481 M.
143 1417 265 1495 lunius,
292 1431 325 1482 et
351 1419 402 1484 Ti.
418 1417 623 1506 Sempronius
649 1421 797 1506 magister
822 1421 977 1508 equitum,
999 1418 1127 1484 delectu

74 1503 194 1582 edicto,
210 1505 351 1568 iuniores
365 1506 405 1569 ab
420 1504 511 1570 annis
525 1506 752 1593 septendecim,
764 1520 798 1572 et
811 1505 964 1594 quosdam
980 1519 1127 1592 praetex-

75 1603 170 1668 tatos,
186 1591 337 1656 scribunt
385 1590 547 1666 Quattuor
565 1615 606 1656 ex
626 1592 676 1656 his
698 1592 839 1680 legiones
852 1606 886 1657 et
900 1591 987 1656 mille
1002 1591 1126 1678 equites

52 1676 193 1740 reffecti.
240 1674 323 1741 Item
343 1677 384 1741 ad
398 1678 499 1742 socios
522 1676 739 1766 Latinumque
755 1701 881 1756 nomen,
898 1679 939 1743 ad
954 1677 1069 1743 milites
1084 1699 1125 1741 ex

72 1761 214 1826 formula
242 1763 452 1849 accipiendos,
483 1764 623 1828 mittunt
684 1765 794 1842 Arma,
825 1764 896 1843 tela,
927 1764 988 1828 alia
1022 1764 1125 1851 parari

72 1849 210 1914 iubent:
235 1861 268 1914 et
280 1863 388 1914 vetera
402 1849 540 1914 bostium
555 1849 655 1938 spolia
668 1850 840 1916 detrahunt
855 1850 981 1938 templis
996 1849 1126 1936 portici·

72 1936 211 2021 busque.
258 1933 302 1999 Et
315 1935 409 1999 aliam
423 1936 556 2001 formam
576 1937 650 2002 novi
670 1937 813 2002 delectus
832 1937 939 2024 inopia
953 1935 1124 2000 liberorum

72 2021 218 2108 capitum
234 2043 271 2085 ac
281 2022 451 2086 necessitas
465 2021 568 2087 dedit:
592 2035 665 2086 octo
676 2023 776 2087 millia
786 2023 938 2087 iuvenum
948 2020 1124 2086 validorum
1134 2033 1284 2084 notamina

50 2129 118 2178 rex
141 2107 285 2183 servitiis,
303 2107 391 2194 prius
412 2108 606 2172 sciscitantes
625 2107 775 2194 singulos,
796 2107 956 2174 vellentne
978 2107 1123 2184 militare,
1133 2112 1257 2146 servorum

72 2205 186 2281 empta
198 2193 326 2281 publice
341 2207 550 2259 armaverunt
589 2193 654 2258 Hic
669 2193 760 2258 miles
774 2195 874 2280 magis
885 2193 1014 2280 placuit,
1024 2215 1124 2280 quum
1133 2169 1266 2212 armantur.

72 2279 181 2366 pretio
196 2280 318 2345 minore
333 2279 510 2344 redimendi
525 2281 666 2366 captivos
680 2281 772 2366 copia
785 2279 885 2344 fieret

122 2364 274 2452 Namque
290 2365 462 2442 Hannibal,
475 2365 651 2430 secundum
663 2377 727 2429 tarn
742 2387 922 2452 prosperam
938 2365 979 2429 ad
996 2363 1124 2430 Cannas
1180 2367 1232 2428 58.
1275 2361 1281 2373 ‘

72 2473 228 2537 pugnam,
254 2451 381 2516 victoris
406 2452 514 2538 magis,
537 2474 633 2539 quam
659 2451 778 2516 bellurn
806 2452 955 2540 gerentis,
982 2453 1124 2516 intentus

72 2537 171 2614 curis,
189 2560 300 2623 quum,
316 2537 448 2623 captivis
465 2537 627 2637 productis
779 2538 892 2624 tisque,
911 2537 1022 2616 socios,
1043 2539 1125 2604 sicut

72 2622 202 2688 antead
218 2623 369 2687 Trebiam
385 2621 671 2709 Trasimennmque
695 2645 797 2701 acum,
810 2623 947 2710 benigne
959 2624 1123 2702 allocutus,

50 1483 65 1530 8

49 1561 65 1608 9

75 2896 108 2944 Β.
126 2894 288 2958 Ingnrtb.66.
301 2895 384 2944 Plaul.
397 2897 463 2944 Prol.
474 2896 506 2944 ad
518 2897 584 2944 itud.
618 2895 649 2944 ci.
667 2896 697 2944 A.
710 2893 808 2944 Gellius
825 2909 849 2943 x.
873 2895 911 2942 aa.
935 2893 1038 2942 Niebhr.
1060 2894 1077 2941 i.
1098 2908 1124 2940 n.

74 2973 116 3020 ²5·
128 2958 153 3006 in
165 2975 210 3008 um
222 2958 295 3008 suinae
306 2964 392 3008 notum
403 2965 447 3008 eat.
622 2973 689 3020 ¹025·

109 3025 362 3084 5Fotolibualibrir]
388 3023 443 3071 Hos
453 3022 586 3084 Sibyllinos
648 3023 716 3086 9Et
734 3023 847 3084 quadum
867 3022 1045 3084 praeualens]
1071 3019 1123 3076 Qui

73 3085 152 3134 haine
167 3091 280 3134 autumat
298 3085 423 3135 Plutarch.
435 3086 460 3134 in
475 3086 546 3135 Cam.
561 3099 585 3146 3,
617 3086 725 3133 nondum
742 3091 894 3147 praetextam
911 3085 1082 3145 deposuerant,
1096 3089 1124 3131 ut

73 3151 119 3198 sed
132 3165 269 3211 perperam,
277 3158 305 3198 ut
316 3150 419 3198 Niebbr.
430 3149 534 3206 ridetur,
543 3149 585 3210 qui
619 3148 712 3196 virilem
730 3155 811 3210 togam
832 3151 962 3196 sumerent.
996 3146 1069 3195 Pueri
1088 3145 1123 3194 in-

74 3215 153 3262 libros
163 3214 300 3274 Albuneae,
310 3212 419 3275 Sibyllae
433 3212 586 3270 Tiburtinae,
617 3211 689 3274 gemd
706 3217 858 3272 praetextam
869 3216 951 3272 togam
965 3211 1081 3272 gerebant
1091 3210 1123 3258 ad

73 3294 90 3326 a
104 3275 237 3325 Lactantio
252 3276 310 3325 Div.
328 3277 389 3325 Inst
406 3273 422 3324 i.
439 3273 462 3324 6.
481 3290 517 3324 ra.
534 3289 583 3323 me-
617 3290 708 3323 annum
734 3273 821 3322 aetatis
841 3273 891 3322 sere
916 3273 1123 3335 decimum-septi-

74 3345 195 3399 moratae‚
217 3339 258 3388 hic
279 3339 348 3387 innui
368 3345 466 3388 censet:
488 3353 583 3387 necnon
617 3352 693 3386 mum.
710 3337 790 3386 Cass.
825 3337 860 3384 Hi
877 3351 932 3385 vero
943 3336 1064 3384 immunes
1078 3335 1122 3384 mi·

74 3405 125 3452 boe
139 3403 257 3452 marilleio
272 3403 399 3452 Romanoa
412 3417 480 3451 more
494 3417 539 3451 suo
550 3402 584 3450 ia·
618 3400 671 3448 litia
686 3406 764 3458 arant,
774 3398 820 3447 nisi
836 3399 861 3446 in
880 3398 1025 3461 gratissimis
1043 3399 1123 3460 reipu-

73 3475 130 3515 tnm
145 3468 245 3516 eludere
260 3465 373 3526 roiniaae,
387 3465 408 3514 si
422 3480 471 3527 quo
484 3467 584 3514 omento
617 3463 696 3512 blieae
706 3462 862 3524 temporibus

74 3531 167 3580 Gallos
181 3531 219 3578 vel
231 3529 339 3579 Graecos
352 3529 464 3577 homines
478 3530 585 3604 Rommn
654 3541 663 3574 1
682 3525 863 3586 resonante]
893 3525 952 3582 Qua
973 3523 1121 3600 descriptum

73 3592 585 3707 &ammiedddibbbndidllffi
617 3594 830 3716 ffluqnqpffl
846 3589 1123 3702 Iidtirilrbdlmiriilhddib

74 3721 122 3770 tin.
134 3719 177 3770 xii
189 3735 211 3770 a.
227 3720 330 3771 Niebhr.
341 3720 357 3770 i.
369 3735 394 3769 n.
408 3717 476 3768 1126.
618 3717 711 3780 populo
722 3717 836 3764 Romano
847 3717 952 3766 deberet.
985 3715 1070 3765 Simila
1081 3731 1122 3766 ex·

108 3783 190 3834 biam
199 3792 257 3834 anta
264 3786 359 3844 bornb]
371 3783 583 3832 Annoantebunc
616 3782 726 3843 emplum
744 3778 792 3828 vid.
813 3779 867 3828 infr.
884 3779 959 3828 xxrii.
980 3780 1074 3829 10.ubi
1091 3781 1123 3829 de

74 3847 208 3896 undecimo
226 3849 259 3897 ad
277 3848 343 3897 idem
361 3847 450 3906 scelus,
466 3861 515 3908 quo
534 3847 583 3894 iam
616 3843 717 3894 coloniis
755 3843 1122 3894 'tuacaaastminreruraeoe

74 3911 199 3960 imbutum
215 3912 281 3960 bunc
298 3913 380 3960 locum
395 3909 479 3959 scribit
492 3910 585 3968 linus,
618 3910 670 3956 lar
790 3907 922 3970 ,Thucyd
934 3906 983 3956 viii.
995 3923 1033 3969 ²4·

75 3991 153 4038 prava
178 3975 264 4038 religio
291 3976 418 4024 Romanu
444 3974 583 4035 impulerat.
650 3987 663 4021 a
686 3973 841 4021 mater
864 3973 982 4033 ώιριιίω,
1002 3975 1123 4022 veiham

75 4039 160 4090 Graan.
616 4038 735 4096 multare]
754 4036 785 4084 Id
793 4036 903 4084 observa
910 4035 1121 4097 Limuaquianon

110 4113 125 4164 7
142 4105 251 4154 Teanam
263 4105 412 4164 Sabinum]
431 4104 472 4151 Ita
482 4101 585 4158 dictum,
617 4099 660 4148 illo
674 4100 749 4148 modo
763 4100 881 4162 agebatur
896 4113 952 4147 cnm
966 4099 1067 4156 civibus,
1080 4097 1122 4159 qui

77 4173 104 4216 ut
120 4169 152 4216 ab
166 4169 244 4217 altero
255 4168 350 4227 Teano,
362 4167 468 4230 Apuliae
484 4163 585 4226 oppido,
617 4161 1123 4224 noninterrogabantnrvailentnemilitare,

76 4229 271 4294 distingueretur.
617 4225 659 4274 aed
671 4225 738 4274 citati
746 4227 777 4274 ad
786 4225 885 4274 nomina
896 4224 1041 4288 respondere
1051 4226 1123 4278 debe·

109 4295 125 4342 8
143 4297 255 4346 lanima
271 4297 302 4346 ab
320 4297 394 4346 onnia
410 4293 583 4357 replendam]
617 4291 683 4338 bant.
701 4291 781 4339 cm.
902 4355 949 4414 12
