2966 4778
358 263 418 322 118
746 255 859 321 ΤΙΤΙ
887 253 1022 321 LIVIl

201 396 519 463 11·0·n⁶·‘nummis
538 419 605 460 non
625 395 806 460 aestimatus
823 393 924 458 civis?
948 392 1049 458 Suum
1069 393 1203 494 quisque
1224 392 1325 458 habet
1345 396 1420 458 ani-

200 465 232 516 3·
249 465 279 515 ⁰·
295 463 480 559 ²¹⁶'‘mum,
503 482 614 547 Patres
637 480 759 546 conseri
783 481 816 544 ti.
865 477 938 544 Scio
964 479 998 542 in
1021 479 1201 543 discrimine
1223 503 1293 544 esse
1316 481 1420 545 vitam

361 577 556 656 ‘corpusque
572 589 688 634 meum.
815 567 822 581 '
855 588 906 630 me
921 566 1022 630 famae
1040 565 1216 652 periculum
1233 579 1358 644 moret,
1375 589 1419 630 ue

360 663 400 718 ‘a
413 655 502 720 vobis
516 654 659 720 damnati
673 676 709 718 ac
724 675 803 740 repu
831 653 842 715 i
856 653 1022 716 abeamus:
1046 674 1151 738 neque
1166 653 1253 716 enim
1268 675 1327 717 vos
1341 676 1419 741 pre-

361 741 427 805 ‘tio
484 741 619 841 percisse
634 739 780 804 homines
794 737 946 804 credent.'

405 763 513 892 Upieffl
527 827 625 892 finem
639 827 724 904 fecit,
737 824 899 912 extemplo
914 824 953 888 ab
968 847 1008 889 ea
1022 825 1123 901 turba,
1132 846 1214 911 quae
1230 825 1265 890 in
1280 825 1418 890 comitio

359 925 437 990 erat,
468 912 586 978 clamor
614 912 728 978 flebilis
756 925 805 976 est
833 910 983 990 sublatus,
1014 933 1189 998 manusque
1217 911 1260 976 ad
1289 913 1418 976 curiam

361 1001 535 1065 tendebant
543 1013 678 1076 orantes,
689 1012 725 1064 ut
734 997 794 1062 sibi
802 997 927 1075 liberos,
938 997 1086 1076 fratresc
1151 1009 1219 1062 atos
1227 995 1415 1062 redderent.

360 1085 508 1151 Feminas
529 1108 658 1173 quoque
682 1096 785 1148 metus
807 1106 844 1148 ac
865 1083 1035 1148 necessitas
1057 1084 1092 1146 in
1121 1105 1177 1148 oro
1200 1085 1312 1148 turbae
1338 1084 1439 1150 huics

359 1172 499 1236 virorum
519 1172 740 1236 immiscuerat
788 1169 934 1248 Senatus,
952 1170 1117 1234 summotis
1136 1170 1271 1247 arbitris,
1287 1170 1417 1235 consuli

359 1271 500 1344 coeptus.
546 1257 596 1323 Ibi
606 1279 706 1358 quum
721 1257 886 1322 sententiis
897 1257 1078 1333 variaretur,
1090 1267 1124 1320 et
1137 1255 1192 1320 alii
1205 1256 1418 1322 redimendos

359 1343 400 1408 de
446 1344 561 1421 ublico,
579 1343 632 1408 elil
653 1341 775 1409 nullam
796 1341 923 1430 publice
944 1342 1120 1428 impensam
1139 1341 1330 1420 faciendam,
1354 1365 1417 1408 nec

358 1365 573 1516 prohibendos
584 1453 626 1495 ex
659 1430 759 1494 rivato
774 1428 906 1505 redimi;
930 1428 1084 1515 siquibus
1095 1441 1261 1514 argentum
1273 1429 1310 1492 in
1320 1451 1417 1516 prae·

359 1517 462 1581 sentia
476 1517 609 1594 deesset,
686 1516 761 1581 dam
775 1537 817 1580 ex
831 1514 951 1580 aerario
965 1515 1132 1601 pecuniam
1149 1525 1305 1592 mutuam,
1320 1535 1437 1602 prae-9

359 1601 517 1689 dibusque
534 1626 570 1667 ac
584 1602 722 1689 praediis
736 1601 913 1666 cavendum
927 1600 1056 1688 populo,
1072 1614 1256 1678 censerent3
1283 1615 1358 1666 tum
1375 1602 1414 1666 T.

360 1685 502 1752 Manlius
524 1688 716 1776 Torquatus,
737 1688 859 1774 priscae
882 1709 919 1751 sc
941 1687 1035 1750 nimis
1058 1686 1167 1764 druse,
1189 1699 1226 1751 ut
1248 1686 1416 1775 plerisque

359 1772 534 1852 videbatur,
557 1774 739 1851 severitatis,
762 1774 972 1860 interrogatus
994 1774 1194 1850 sententiam,
1218 1773 1264 1837 ita
1286 1772 1416 1839 loeutus

359 1857 476 1925 fertur:
502 1860 557 1925 ‘Si
580 1859 799 1925 tantummodo
818 1858 1029 1946 postulassent
1048 1858 1145 1945 legati
1158 1880 1217 1945 pro
1239 1859 1290 1936 iis,
1306 1860 1367 1946 qui
1384 1862 1417 1924 iu

361 1946 521 2012 ‘hostium
535 1958 691 2034 potestate
706 1958 791 2023 sunt,
807 1958 844 2009 ut
857 1944 1098 2022 redimerentur,
1114 1945 1181 2009 sine
1196 1944 1294 2010 ullius
1309 1946 1416 2011 insec-

361 2035 500 2098 ‘tatione
519 2055 639 2110 eorum,
654 2032 743 2097 brevi
757 2029 947 2096 sententiam
964 2031 1164 2118 peregissem.
1213 2031 1307 2106 Quid
1325 2034 1415 2096 enim

361 2119 466 2185 ‘aliud
481 2143 578 2207 quam
590 2118 784 2184 admonendi
799 2117 918 2194 essetis,
928 2130 966 2181 ut
979 2139 1101 2181 morem
1115 2117 1267 2182 traditrun
1279 2141 1301 2182 a
1314 2119 1415 2206 patri·

361 2207 450 2284 ‘bus,
475 2205 651 2272 necessario
681 2204 722 2269 ad
747 2225 814 2268 rem
844 2202 1011 2268 militarem
1037 2204 1194 2291 exemplo,
1221 2207 1414 2270 servaretis?

361 2293 480 2358 ‘Nunc
502 2307 609 2357 autem
624 2313 725 2379 quum
746 2312 846 2378 prope
867 2288 992 2375 gloriati
1011 2289 1085 2367 sint,
1101 2289 1189 2376 quod
1209 2312 1243 2354 se
1266 2289 1414 2357 hostibus
1472 2303 1473 2373 t

360 2378 574 2455 ‘dediderint
586 2377 799 2465 praeferrique
815 2397 881 2440 non
895 2376 995 2463 captis
1010 2376 1106 2440 modo
1120 2377 1154 2440 in
1169 2376 1237 2441 acie
1252 2377 1295 2441 ah
1310 2377 1413 2443 hosti·

360 2464 447 2541 ‘bus,
463 2463 520 2528 sed
539 2465 635 2527 etiam
656 2463 705 2538 iis,
743 2463 777 2527 ui
792 2461 968 2527 Venusiam
992 2460 1234 2549 Canusiumque
1254 2485 1412 2549 pervene-

360 2558 370 2588 ‘
381 2563 465 2626 runt,
481 2561 580 2636 atque
599 2547 659 2636 ipsi
677 2548 715 2614 Ο.
760 2548 883 2613 erentio
901 2547 1032 2627 consuli,
1048 2571 1187 2636 aequum
1206 2551 1411 2626 censuerint;

360 2635 461 2699 ‘nihil
482 2658 538 2699 vos
559 2657 679 2712 eorum,
702 2634 812 2698 Patres
834 2634 1013 2720 conscripti,
1036 2657 1118 2722 quae
1144 2634 1209 2700 illic
1230 2648 1305 2700 acta
1326 2653 1412 2714 sunt,

360 2721 524 2808 ‘ignorare
547 2721 655 2807 patiar.
702 2720 811 2806 Atque
830 2721 953 2785 utinam
970 2720 1059 2797 haec,
1075 2743 1157 2807 quse
1177 2721 1265 2809 apud
1279 2745 1338 2787 vos
1361 2747 1413 2788 sc·

360 2815 371 2846 ‘
383 2821 470 2871 turus
479 2829 558 2884 sum,
568 2803 700 2870 Canusii
709 2806 794 2892 apud
803 2807 907 2893 ipsum
918 2807 1094 2871 exercitum
1103 2829 1240 2893 agerem,
1252 2809 1411 2895 optimum

361 2905 494 2960 ‘testem
510 2894 521 2957 i
566 2892 654 2956 aviae
669 2891 823 2978 cuiusque
841 2905 874 2956 et
888 2892 1030 2957 virtutis:
1055 2907 1110 2958 aut
1130 2917 1213 2958 unus
1228 2894 1282 2958 hic
1298 2893 1410 2960 saltem

360 2980 504 3046 ‘adesset
522 2915 792 3066 {Sempronius
831 3001 905 3042 uem
927 2978 953 3041 si
968 2978 1020 3043 isti
1035 2978 1151 3043 ducem
1168 2981 1270 3045 secuti
1293 2997 1410 3059 efflent,
1469 3023 1470 3026 =

360 3066 494 3132 ‘milites
514 3065 609 3131 hodie
632 3063 790 3128 incastris
846 3065 976 3140 omanis,
992 3087 1058 3130 non
1080 3065 1197 3153 captivi
1219 3067 1254 3129 in
1269 3066 1410 3131 hostium

360 3161 532 3239 ‘potestate
555 3164 667 3216 essent
728 3149 793 3214 Sed
814 3173 924 3237 quum,
947 3149 1035 3214 fessis
1056 3151 1231 3238 pugnando
1253 3151 1408 3231 hostibus,

360 3248 448 3303 ‘tum
464 3238 595 3303 victoria
604 3237 694 3303 laetis
705 3235 763 3301 eti
802 3235 828 3299 is
841 3235 1001 3323 plerisque
1012 3238 1160 3323 regressis
1175 3237 1209 3300 in
1223 3251 1331 3303 castra
1344 3263 1408 3316 sua,
1468 3259 1469 3270 ³

359 3333 504 3390 ‘noctem
528 3324 570 3388 ad
593 3257 826 3410 erumpendiim
850 3321 981 3386 liberam
1004 3322 1197 3402 habuissent,
1222 3337 1256 3388 et
1285 3347 1322 3390 se
1347 3339 1408 3390 tem

359 3420 567 3476 ‘armatorum
590 3409 757 3474 hominum
780 3407 878 3472 millia
903 3431 1106 3495 penumpere
1129 3409 1225 3474 etiam
1248 3433 1288 3475 oo
1347 3427 1408 3476 rtos

359 3497 485 3562 ‘hostes
500 3495 696 3583 potuissent3
720 3517 825 3581 neque
840 3517 898 3582 per
911 3517 945 3559 se
965 3494 975 3556 i
1014 3495 1025 3559 i
1040 3495 1073 3558 id
1082 3495 1184 3560 facero
1199 3497 1309 3561 conati
1325 3513 1409 3574 sunt,

358 3594 482 3670 ‘neque
503 3582 598 3647 alium
615 3581 705 3666 sequi
719 3580 895 3645 voluerunt
978 3595 1048 3646 octe
1066 3604 1165 3668 prope
1181 3596 1247 3646 tota
1265 3583 1303 3647 P.
1321 3583 1408 3649 Sem·

359 3669 508 3756 ‘pronius
523 3667 704 3732 Tuditanus
715 3689 780 3729 non
790 3665 912 3731 destitit
926 3689 1065 3744 monere,
1077 3667 1236 3733 adhortari
1251 3691 1319 3746 eos,
1332 3671 1407 3735 dum

358 3755 520 3840 ‘paucitas
528 3753 667 3817 hostium
678 3753 761 3816 circa
774 3764 885 3830 castra,
898 3753 974 3816 dum
986 3754 1077 3839 quies
1091 3777 1128 3818 ac
1139 3754 1304 3819 silentium
1317 3772 1408 3832 met,

359 3841 456 3905 ‘dum
480 3863 544 3905 nox
564 3839 728 3925 inceptum
747 3851 878 3925 tegeret,
894 3862 927 3903 se
947 3839 1062 3904 ducem
1080 3854 1310 3928 sequerentur:
1335 3859 1407 3908 anto
1465 3899 1466 3922 ,

391 4076 406 4124 8
421 4071 570 4130 Necessitas]
588 4069 678 4143 Utrum
686 4068 717 4116 de
724 4067 865 4140 calamitate
898 4066 998 4129 praedia
1008 4067 1139 4142 obliganda
1153 4069 1256 4142 populo,
1267 4071 1360 4132 quibus
1370 4087 1406 4118 os·

359 4135 551 4202 publica,ande
562 4147 684 4195 sanguinis
695 4132 865 4180 coniunctione
899 4137 994 4179 veretur
1018 4133 1141 4180 redditum
1167 4147 1194 4179 nr
1217 4149 1260 4180 sas
1286 4136 1406 4195 pecuniae

358 4201 530 4264 accipiendum
558 4198 597 4256 sit,
624 4211 673 4244 non
696 4196 755 4244 satis
779 4195 864 4256 liquet.
898 4209 1013 4254 summas,
1024 4210 1086 4256 quse
1099 4212 1130 4244 cx
1145 4195 1405 4270 serario'mut-uaeda

360 4267 619 4392 Dbmr'raedsbusqru
642 4341 671 4371 oo
691 4323 799 4385 proediis
826 4338 863 4370 oo·
898 4259 1321 4387 qpprlcqqmqgiqupqpppplq
1334 4279 1405 4390 a

359 4395 461 4444 rendam
478 4391 581 4454 populo]
607 4387 712 4436 Praedes
730 4387 823 4436 dandos
841 4391 865 4433 et
898 4392 1031 4435 coneretur.
