3002 4798
360 159 403 218 ιο
744 154 856 220 rrrr
885 131 1024 220 mvn

198 298 234 412 i·
289 312 344 414 a.
363 281 805 440 ruiensis}
963 288 1310 440 assistens
1321 299 1446 458 ιιι

364 461 472 547 cipum
494 459 631 546 animos)
653 459 845 526 Hasdrubali
866 398 976 538 haid?
986 461 1054 525 viro
1076 460 1221 560 impigro,
1244 481 1315 524 eam
1337 479 1421 543 pro-

355 546 500 610 'vinciam
515 546 663 623 destinat,
678 547 845 634 firmatque
861 569 935 612 eum
951 545 1069 610 Africis
1083 567 1221 610 maxime
1235 543 1419 632 praesidiis,

363 630 508 720 peditum
531 631 683 697 Afrorum
705 632 855 698 undecim
877 631 1017 697 millibus
1038 632 1229 719 octingentis
1251 631 1419 717 quinqua-

362 719 461 805 ginta,
478 717 650 806 Liguribus
665 719 824 797 trecentis,
841 718 1018 784 Baliaribus
1033 717 1224 804 quingentis.
1260 715 1316 780 Ad
1331 715 1443 791 hacco

429 805 508 869 'tum
537 805 655 870 auxilia
683 805 785 870 additi
818 805 943 892 equites
972 803 1229 892 Libyphoenices
1257 802 1418 888 (mixtum
1470 831 1471 890 ι

394 891 521 955 unicum
546 891 632 958 Afiis
649 889 764 978 genus)
780 891 923 968 trecenti,
939 903 971 955 et
987 889 1149 954 Numidae
1170 888 1343 975 Maurique
1359 909 1419 952 ac·
1470 891 1471 898 ’

363 975 450 1041 colae
467 975 590 1043 Oceani
605 977 647 1041 ad
661 977 747 1042 mille
759 977 944 1064 octingenti,
956 989 990 1041 et
1003 998 1100 1064 parva
1110 974 1284 1061 Ilergetum
1297 995 1417 1038 manus

362 1085 404 1126 ex
420 1061 586 1149 Hispania,
602 1063 733 1128 ducenti
755 1064 896 1149 equites:
920 1076 963 1142 et,
978 1085 1020 1127 ne
1041 1060 1129 1148 quod
1151 1061 1304 1125 terrestris
1319 1059 1417 1124 dees-

362 1160 412 1212 set
430 1148 540 1212 auxilii
560 1171 671 1236 genus,
687 1148 849 1236 elephanti
869 1146 1133 1249 quattuordecim.
1181 1145 1299 1212 Classis
1318 1167 1417 1232 prae·

362 1245 449 1298 terea
463 1233 537 1298 data
556 1234 598 1298 ad
617 1235 768 1300 tuendam
792 1236 980 1300 marinmam
999 1233 1127 1321 oram,(
1152 1233 1214 1310 uia,
1234 1255 1300 1320 qua
1320 1244 1414 1318 parte

361 1318 437 1384 belli
451 1319 602 1396 vicerant,
618 1343 656 1384 ea
671 1333 740 1384 tum
755 1343 883 1422 quoque
898 1343 966 1386 rem
980 1257 1310 1408 gesturosltomanos,
1322 1317 1414 1384 credi
1427 1350 1437 1383 1

362 1404 502 1504 poterat)
531 1406 763 1506 quinquaginta
792 1429 1048 1508 qmnquercmes,
1075 1404 1290 1504 quadriremes
1311 1404 1412 1504 duae,

363 1505 507 1555 triremes
522 1515 682 1578 qumque:
707 1492 764 1556 sed
775 1505 867 1580 aptae
882 1505 1117 1578 instructaeque
1133 1513 1265 1576 remigio
1280 1502 1414 1577 mgmra

362 1589 395 1640 et
409 1577 491 1641 duae
508 1578 754 1664 quinqueremes
768 1591 868 1656 erant,
884 1592 917 1644 et
931 1579 1075 1643 triremes
1089 1577 1242 1663 quinque.

406 1660 460 1726 Ab
485 1662 629 1728 Gadibus
653 1663 881 1751 Carthaginem
903 1664 945 1729 ad
965 1664 1099 1729 hiberna
1119 1663 1279 1727 exercitus
1295 1661 1410 1726 rediit:

362 1758 458 1833 atque
473 1748 559 1826 inde,
576 1749 734 1836 profectus
740 1763 879 1899 (praeter
894 1749 1069 1814 Etovissam
1087 1749 1209 1825 urbem,
1225 1747 1265 1813 ad
1280 1747 1411 1812 Iberum

198 1841 327 1892 Somnium
363 1834 617 1923 maritimamque
632 1857 720 1900 oram
764 1837 838 1900 ucit
884 1835 944 1913 Ibi,
959 1835 1043 1900 fama
1062 1848 1119 1912 est,
1135 1835 1170 1897 in
1184 1834 1292 1921 quiete
1306 1835 1436 1899 visumr

196 1907 353 1960 ¹¹³¹¹¹¹³¹³⁸¹l⁸¹
362 1920 402 1984 ab
428 1942 467 1985 eo
490 1921 639 1986 iuvenem
668 1922 777 1985 divina
858 1922 917 1997 cie,
942 1921 998 2008 qui
1023 1930 1075 1986 ‘se
1105 1921 1145 1984 ab
1174 1920 1264 1984 Iove'
1289 1919 1412 1984 diceret

363 2005 495 2070 ‘ducem
511 2007 545 2070 in
560 2005 686 2071 Italiam
702 2005 813 2071 Hanni
836 2006 877 2070 ali
893 2007 1040 2070 missum:
1064 2006 1198 2121 proinde
1213 2019 1409 2092 sequeretur,

363 2100 488 2179 ‘neque
502 2115 637 2179 usquam
658 2116 677 2157 a
696 2115 729 2158 se
749 2093 934 2158 deflecteret
953 2091 1069 2157 oculos
1123 2090 1279 2156 Pavidum
1295 2091 1409 2178 primo,
1471 2159 1472 2174 p

360 2201 518 2265 nusquam
552 2179 859 2266 circumspicientem
894 2193 949 2242 aut
982 2179 1214 2265 respicientem,
1243 2189 1408 2254 secutum3
1471 2185 1472 2192 ’

361 2263 489 2342 deinde,
501 2287 577 2329 cura
587 2265 719 2330 humani
734 2265 866 2351 ingenii,
879 2287 989 2352 quum,
1002 2264 1156 2350 quidnam
1167 2263 1202 2327 id
1216 2275 1309 2340 esset,
1321 2263 1433 2350 quod3
1471 2301 1472 2312 ι

361 2350 517 2449 respicere
543 2351 660 2414 vetitus
685 2362 777 2427 esset,
804 2351 938 2436 agitaret
963 2350 1080 2428 animo,
1108 2361 1283 2449 temperare
1309 2348 1409 2450 oculis

361 2435 559 2534 nequivisse3
583 2447 652 2498 tum
669 2434 795 2512 vidisse,
810 2449 883 2523 post
904 2459 972 2500 sese
992 2448 1173 2522 serpentem
1193 2457 1273 2498 mira
1287 2457 1409 2522 magm-

362 2519 474 2584 tudme
490 2543 563 2584 cum
578 2519 701 2608 ingenti
717 2523 864 2586 arborum
879 2544 916 2586 ac
931 2522 963 2586 vi
1002 2521 1140 2586 ultorum
1154 2533 1257 2608 strage
1271 2521 1356 2598 ferri,
1372 2544 1409 2585 ac

361 2618 433 2692 post
447 2605 573 2693 insequi
588 2629 661 2670 cum
675 2606 796 2694 fragore
815 2607 897 2673 coeli
911 2607 979 2671 nim
1001 2629 1074 2671 um:
1099 2620 1178 2684 tum,
1195 2603 1295 2693 ‘'quae
1310 2607 1409 2671 moles

362 2699 429 2768 ‘ea,
473 2692 567 2757 uidve
585 2692 722 2780 prodigii
742 2695 843 2772 essct’
857 2706 1065 2782 quaerentem
1085 2693 1226 2758 audisse:
1252 2691 1409 2758 ‘Vestitu-

362 2784 373 2815 ‘
382 2714 573 2842 mitellas
589 2801 676 2843 esset
699 2794 846 2866 pergeret
865 2801 960 2868 porro
979 2780 1035 2857 ire,
1051 2801 1111 2844 nec
1125 2778 1209 2844 ultra
1222 2779 1407 2865 inquireret,
1472 2851 1473 2858 ἵ

362 2863 563 2950 ‘sineretque
578 2863 691 2928 fatain
705 2863 830 2930 occulto
845 2867 933 2930 esse.'
1472 2877 1473 2880 ’

405 2947 478 3013 Hoc
498 2949 568 3013 visu
589 2949 690 3014 laetus
712 2951 869 3038 tripartito
891 2950 1021 3015 Iberum
1042 2950 1149 3037 copias
1171 2951 1303 3027 traiecit,
1318 2972 1408 3037 prae-

360 3033 472 3110 missis,
495 3035 551 3121 qui
575 3033 741 3100 Gallorum
771 3037 902 3114 animos,
926 3059 990 3123 qua
1012 3035 1226 3100 traducendus
1250 3036 1408 3101 exercitus
1472 3085 1473 3114 ι

360 3133 436 3198 erat,
452 3118 545 3184 donis
558 3121 772 3200 conciliarent,
786 3123 983 3210 Alpiumque
999 3121 1147 3187 transitus
1160 3123 1405 3210 specularentur.
1472 3127 1473 3192 l

360 3204 546 3294 Nonaginta
556 3207 656 3272 millia
666 3208 822 3295 peditum,
834 3207 1003 3274 duodecim
1013 3207 1112 3273 millia
1121 3209 1267 3294 equitum
1278 3205 1429 3286 Iberum,

360 3293 509 3358 traduxit.
556 3291 709 3383 Ilergetes
730 3295 815 3372 inde,
840 3294 1082 3382 Bargusiosque,
1105 3307 1139 3359 et
1160 3294 1352 3376 Ausetanos,
1373 3307 1407 3358 et

361 3375 574 3459 Lacetaniam,
587 3403 669 3468 quae
681 3382 823 3446 subiecta
834 3379 1007 3470 Pyrenaeis
1019 3381 1179 3446 montibus
1194 3393 1250 3458 est,
1266 3379 1404 3468 subegit:

360 3487 496 3553 oraeque
519 3466 594 3531 huic
617 3467 704 3532 omni
725 3467 879 3554 praefecit
901 3465 1105 3544 Hannonem,
1128 3479 1166 3531 ut
1185 3466 1301 3545 fauces,
1325 3488 1405 3553 quae

390 3695 479 3743 ardeo
499 3695 568 3742 houd
587 3695 682 3754 minas]
707 3696 765 3744 Ideo
784 3696 866 3743 minua
898 3695 1246 3759 cie.d01)iv.t24.et‚qui
1262 3697 1326 3746 hanc
1342 3697 1405 3747 dmi·

358 3772 389 3805 ex
400 3757 540 3804 coniectura
551 3755 669 3805 Gronorii
685 3757 711 3805 in
722 3763 866 3806 textumre-
898 3759 982 3820 lesqua
1009 3759 1106 3808 fabulas
1131 3759 1205 3819 ridet,
1229 3761 1285 3810 Pol.
1310 3761 1344 3812 iii.
1357 3759 1404 3821 ⁸4⁸·

358 3819 424 3882 cepit
436 3819 544 3868 Beklrer.
898 3821 965 3871 Bur.

389 3898 405 3948 9
422 3885 566 3932 Baliaribus
587 3885 741 3947 minoratis]
771 3884 865 3934 Deerat
929 3886 1031 3946 wera
1049 3887 1153 3936 hamoni
1169 3888 1277 3949 monii]
1299 3888 1349 3936 Pro
1367 3903 1405 3946 aa,

357 3961 473 3995 numerus
482 3947 550 4008 apud
558 3952 676 3997 noenum.
699 3947 864 3997 Adieciteum
960 3949 1018 3998 duci
1034 3951 1115 3999 rolant
1130 3949 1251 4010 homines,
1265 3965 1304 3999 res
1317 3951 1405 4000 vetitas

357 4009 470 4072 Sigonius
481 4025 512 4058 ex
524 4009 636 4072 Polybio,
648 4025 662 4058 e
673 4025 722 4072 quo
735 4011 798 4060 haec
813 4027 863 4059 om·
909 4027 986 4062 novas
1002 4027 1109 4076 quoque,
1125 4013 1236 4063 insolitas
1254 4019 1280 4063 et
1297 4013 1403 4078 motas)

355 4074 397 4121 nia
408 4074 538 4135 desumpta
547 4079 611 4124 aunt
628 4075 709 4122 Cam.
895 4075 988 4124 sciendi
999 4091 1029 4125 cu
1047 4077 1141 4128 iditate.
1159 4077 1243 4128 Dora.

390 4151 400 4184 r
419 4138 483 4186 Belli
494 4139 616 4197 mont]
633 4153 666 4186 sc.
677 4138 785 4186 Romani
796 4140 863 4188 bello
927 4156 943 4201 4
959 4143 990 4190 N
1054 4143 1104 4190 ’oto
1122 4143 1215 4202 millia]
1238 4141 1280 4191 De
1301 4155 1403 4191 numero

356 4200 450 4250 Punico
461 4200 547 4264 primo.
894 4203 1020 4266 copiarum
1060 4204 1182 4256 annibalis
1193 4207 1223 4256 cf.
1237 4205 1292 4257 Pol.
1303 4205 1338 4257 iii.
1351 4219 1388 4270 35.

387 4279 401 4314 r
417 4267 466 4325 lot,
472 4266 545 4327 foma
554 4266 603 4325 sat]
621 4265 651 4314 ci.
660 4264 718 4316 vu.
728 4265 798 4315 Max.
810 4265 827 4315 ι’.
840 4277 861 4328 7.
