2888 4768
307 197 405 263 LIB.
428 195 540 263 XXV.
574 197 686 264 CAP.
710 204 762 265 32.
1000 203 1063 266 269

20 334 138 434 pinquis
152 335 252 400 etiam
268 333 426 422 inquisitis
446 333 560 400 honori
574 336 730 423 praesidio
754 359 794 402 ue
810 357 928 402 nomen
943 359 981 402 ae
995 357 1063 402 me·
1072 356 1107 408 u.
1118 357 1151 408 c.
1165 370 1221 421 54⁰·

20 445 141 486 monam
156 423 229 488 eiua
243 421 348 486 fuisse.
395 420 469 486 Hoc
484 422 622 488 maxime
638 359 918 524 moddbymmm
934 435 1058 510 captae:
1071 421 1102 472 Α·
1118 421 1149 472 0·
1165 435 1220 473 ²¹²·

19 508 48 571 in
63 510 175 595 quibus
182 508 337 660 ‘plraedae
352 520 479 573 tantum
492 508 562 587 fuit,
578 525 733 596 quantum
748 533 802 574 vix
817 523 910 597 capta
926 509 1062 576 Cartha·

18 595 84 680 gine
99 608 167 660 tum
221 596 305 672 sset,
321 617 394 660 cum
410 618 475 683 qua
488 595 606 660 viribus
621 597 730 683 aequis
745 599 932 663 certabattm

56 681 169 746 Paucis
184 695 262 748 ante
277 682 399 759 diebus,
416 705 512 769 quam
529 681 700 771 Syracusae
716 699 913 784 caperentur,
930 683 969 749 Τ.
983 684 1101 772 01³⁴.-
1113 697 1196 774 orani·

19 767 100 832 cilius
121 792 197 833 cum
221 769 505 856 quinqueremibus
526 770 688 858 octogiuta
704 770 832 836 Uticam
852 771 891 836 ab
907 770 1061 859 Lilybaeo
1070 761 1118 810 ¹¹³⁸
1130 763 1187 811 ω’·

19 856 199 921 transmisit:
226 868 261 920 et
272 878 370 942 quum
387 871 460 921 ante
475 855 581 921 lucem
596 874 722 944 portum
737 857 892 934 intrasset,
904 857 1061 922 onerarias
1070 840 1204 939 ffiffi

18 941 169 1007 frumento
185 959 316 1008 onrmtas
333 943 439 1030 cepit3
463 966 668 1044 egressusque
691 944 726 1008 in
747 956 872 1022 terram,
888 943 1131 1031 depopulat-itera

18 1041 129 1093 tuaest
151 1029 356 1116 aliquantum
379 1030 446 1117 agri
468 1053 551 1094 cuca
566 1030 706 1108 Uticam,
725 1031 939 1118 praedamque
960 1030 1062 1095 omnis

17 1115 133 1212 generis
154 1130 245 1182 retro
267 1116 308 1180 ad
330 1139 426 1181 naves
445 1116 519 1204 egit
565 1110 755 1206 Lilybaeum
774 1118 868 1182 tertio
886 1117 949 1194 die,
966 1139 1061 1204 quam

18 1200 84 1266 inde
106 1203 271 1289 profectus
285 1215 362 1280 erat,
378 1226 451 1268 cum
467 1217 598 1268 centum,
612 1204 742 1292 triginta
756 1203 908 1269 onerariis
929 1203 1062 1268 navibus

17 1286 170 1354 frumento
193 1289 377 1378 praedaque
398 1291 519 1355 onustis
540 1290 653 1356 rediit:
677 1291 775 1379 idque
793 1291 989 1355 frumentum
1006 1313 1063 1354 ex·

18 1375 129 1462 templo
157 1375 331 1465 Syracusas
356 1377 450 1441 misit.
498 1377 597 1452 Quod
618 1379 653 1441 ni
677 1391 741 1442 tam
763 1378 797 1442 iu
819 1393 962 1464 tempore
988 1377 1063 1442 sub-

17 1461 155 1612 reqisset
179 1464 355 1529 victoribus
375 1464 530 1550 victisque
555 1465 674 1552 pariter
695 1465 874 1552 perniciosa
892 1463 991 1528 fames
1013 1463 1062 1527 in-

18 1561 60 1610 sta
80 1562 119 1613 at

56 1633 178 1702 Eadem
202 1649 320 1702 aestate
343 1637 378 1700 in
400 1635 446 1702 Hi
484 1637 566 1715 ania,
582 1662 682 1726 quum
708 1638 838 1703 biennio
859 1637 958 1703 ferme
980 1635 1061 1701 nihil
1118 1645 1169 1704 32.

18 1719 185 1787 admodum
215 1723 420 1789 memorabile
447 1661 569 1789 Halotum
599 1739 690 1804 esset,
721 1725 922 1812 consiliisque
951 1724 1220 1812 magistrantis

18 1827 107 1890 quam
123 1812 231 1888 aruris,
247 1810 366 1876 bellum
381 1824 552 1898 gereretur,
570 1811 709 1876 Romani
729 1812 932 1912 imperatores
947 1810 1062 1898 egressi
1071 1807 1193 1907 &⁸⁸⁹

19 1891 153 1962 hibernis
177 1898 286 1986 copias
311 1897 555 1962 coniunxerunt.
601 1897 651 1963 Ibi
674 1898 840 1963 consihum
864 1897 1061 1974 advocatum,

19 1983 221 2070 omniumque
245 1985 279 2048 in
301 2006 403 2049 unum
423 1999 638 2072 congruerunt
659 1985 853 2060 sententiae3
877 1983 1006 2070 quando
1021 1981 1063 2047 ad

19 2064 49 2128 id
64 2067 206 2136 locorum
230 2071 265 2135 id
287 2071 383 2135 modo
398 2085 504 2135 actum
520 2084 612 2148 esset,
628 2083 665 2134 ut
680 2069 911 2134 Hasdrubalem
928 2068 1063 2133 tenden-

20 2163 79 2217 tem
100 2156 133 2220 in
153 2157 281 2222 Italiam
302 2157 494 2234 retinerent3
519 2169 645 2244 tempus
658 2179 725 2222 esse
741 2155 776 2220 id
790 2156 852 2222 iam
867 2155 928 2242 agi,
944 2168 981 2220 ut
995 2154 1063 2219 bel-

19 2236 79 2304 lum
101 2243 136 2307 in
157 2244 318 2332 Hispania
338 2243 501 2308 liniretur:
525 2257 559 2308 et
573 2244 646 2310 satis
661 2242 702 2307 ad
717 2241 750 2307 id
765 2243 881 2306 virium
893 2241 1064 2308 credebant

19 2330 189 2409 accessisse,
211 2331 325 2418 viginti
346 2329 446 2394 millia
469 2328 703 2395 Celtiberorum
725 2352 764 2394 ea
784 2330 889 2394 hieme
912 2328 953 2392 ad
975 2351 1062 2392 arma

20 2414 159 2482 excitata.
205 2418 287 2483 Tres
301 2417 458 2482 exercitus
472 2429 570 2482 erant.
615 2416 797 2481 Hasdrubal
814 2415 963 2502 Gisgonis
977 2414 1061 2480 filius
1071 2431 1142 2482 vua
1154 2433 1215 2483 Poe

20 2513 50 2562 et
64 2498 170 2590 Mago,
187 2503 367 2570 coniunctis
384 2504 493 2568 castris
508 2504 650 2592 quinque
673 2503 771 2570 ferme
793 2503 917 2568 dierum
939 2503 1000 2567 iter
1022 2525 1041 2566 a
1069 2511 1165 2548 nomm.

20 2580 168 2654 Romanis
189 2593 330 2656 aberant.
376 2589 511 2678 Propior
525 2604 591 2656 erat
607 2589 797 2656 Hamilcaris
816 2589 899 2654 filius
918 2588 1063 2654 Hasdru-

19 2667 75 2750 bal,
87 2689 177 2742 vetus
192 2678 228 2742 iu
245 2676 401 2765 Hispania
415 2677 593 2766 imperator.
638 2677 693 2743 Ad
709 2678 820 2743 urbem
835 2677 964 2741 nomine
980 2675 1063 2740 Ani-

19 2761 118 2846 torgin
142 2764 320 2830 exercitum
345 2763 488 2829 habebat.
535 2763 620 2830 Eum
642 2763 790 2830 volabaut
815 2763 903 2850 prius
927 2762 1064 2862 opprimi

20 2841 111 2912 duces
125 2850 284 2916 Romani:
311 2863 344 2916 et
365 2873 435 2938 spes
457 2863 535 2928 erat,
553 2851 628 2916 satis
649 2872 807 2938 superque
830 2849 872 2912 ad
893 2847 930 2913 id,
948 2849 1063 2914 unum
1102 2851 1104 2858 ’

20 2949 90 2997 esse.
135 2935 197 3004 Illa
219 2938 357 3002 restabat
377 2961 462 3015 cura,
485 2961 537 3014 ne,
557 2938 628 3002 friso
649 2960 688 3002 eo
709 2934 855 3024 perculsi,
879 2933 958 2999 alter
980 2933 1064 2998 Has-

21 3015 127 3086 drubal
140 3039 175 3088 et
189 3023 300 3111 Mago,
316 3025 350 3087 in
365 3023 450 3088 avios
464 3021 561 3087 saltus
579 3036 765 3109 montesque
781 3021 970 3120 recipientes
984 3041 1062 3096 sese,

17 3100 134 3186 ,bellum
149 3111 362 3176 extraherent
410 3108 577 3195 Optimum
598 3108 697 3195 igitur
713 3107 782 3184 rati,
798 3106 906 3171 divisis
921 3105 1063 3171 bilariam
1071 3126 1199 3190 scipiones

21 3193 123 3277 copiis,
139 3199 240 3263 totius
253 3195 348 3262 simul
363 3194 424 3259 His
447 3195 537 3260 auiae
553 3195 701 3281 amplecti
715 3193 844 3270 bellum,
860 3192 906 3256 ita
926 3193 1011 3256 inter
1029 3191 1206 3267 se0¹⁰²9st¹¹¹11

22 3273 201 3364 diviserunt,
218 3298 255 3349 ut
268 3283 305 3348 P.
321 3217 491 3348 Cornelius
504 3281 583 3346 duas
604 3293 708 3368 partes
728 3278 886 3345 exercitus
903 3277 1065 3344 Romano·
1071 3261 1218 3318 nmmum.

22 3382 88 3429 mm
109 3373 330 3458 sociorumque
352 3367 501 3433 adversus
516 3367 690 3454 Magonem
708 3367 842 3431 duceret
862 3377 958 3466 aque
981 3364 1065 3430 Has·

23 3447 202 3535 drubalem3
229 3456 290 3522 Cu.
306 3455 476 3521 Cornelius
497 3477 571 3520 cum
594 3453 687 3518 tertia
706 3467 796 3542 parte
811 3465 926 3517 vetans
943 3452 1064 3517 exerci-

23 3546 79 3616 lus,
96 3541 266 3610 Celtiberis
287 3542 454 3620 adiunctis,
469 3563 542 3607 cum
564 3539 763 3606 Hasdrubale
787 3539 929 3604 Barcino
944 3537 1064 3604 bellum

24 3641 149 3704 gereret
197 3631 273 3696 Una
293 3629 427 3718 profecti
448 3629 541 3694 ambo
555 3628 652 3693 duces
673 3627 904 3712 exercitusque,
922 3625 1065 3692 Celtibe·

24 3707 390 3869 ffiStpraegrgidiientibus,
417 3716 464 3817 ad·
488 3716 604 3800 urbem·
627 3713 1065 3864 Auitorginlpncoongpeqtu

26 3900 93 3946 cum
103 3823 230 3976 udlrlbus
251 3817 475 3956 ffilkdiffi
492 3815 850 3976 gndgiiffisdtitl
857 3900 890 3952 et
901 3823 941 3951 ιΙῘ).
956 3821 1064 3973 Sedlplll

25 3971 177 4050 profectus
192 3978 233 4043 ad
247 3977 436 4042 destinatam
451 3975 526 4040 belli
541 3987 672 4063 partem.

44 4155 71 4230 ¹6
86 4163 203 4217 Adamas
214 4169 332 4227 eaeaitota]
352 4167 525 4216 Adur-tranca-
558 4162 606 4225 tus,
617 4165 663 4213 nisi
675 4166 737 4213 sorte
753 4163 883 4226 legendam
901 4169 932 4212 nt
947 4165 1067 4212 Coautoe·

28 4226 124 4274 almum
138 4245 169 4279 ex
185 4232 281 4282 emend.
293 4231 400 4280 Gronov.
418 4229 527 4292 reposuit
556 4231 610 4292 pin,
619 4230 685 4291 quod
697 4227 803 4290 Appias.
815 4228 881 4276 Bell.
893 4227 967 4290 Hisp.
978 4237 1018 4288 57,
1027 4228 1066 4290 58.

30 4279 130 4340 Beklrer.
559 4299 686 4342 mernorat
708 4293 739 4342 et.
751 4291 830 4340 Strab.
842 4291 875 4340 iii.
888 4305 910 4340 s.
928 4291 994 4340 Itur.

59 4347 230 4423 ldallorpt'n]
252 4359 379 4423 Oppidum
395 4356 481 4408 incerti
498 4357 527 4406 si·
