2878 4772
319 232 416 302 ms.
440 216 621 302 xxvns'
641 235 752 304 oar.
776 243 827 304 aa
1035 246 1100 310 433

15 378 111 449 μοι
126 371 240 437 animis
254 371 374 436 vestris
403 371 498 436 Viam
513 370 637 436 consssii
651 372 804 450 scelerati,
816 373 874 438 sed
888 395 954 440 non
968 375 1010 442 sd
1024 378 1099 444 ulti-
1109 397 1143 449 υ.
1154 398 1185 450 c.
1197 399 1253 464 546·

43 465 56 495 ‘
66 481 155 522 mum
166 457 333 536 dementis,
342 458 477 545 exsequi
485 457 565 523 volo.
588 456 688 524 Mene
696 459 778 538 vivo,
788 473 821 524 et
829 473 935 527 cetero
944 463 1097 531 incolumi
1107 463 1138 514 A.
1155 464 1185 515 0.
1197 464 1252 516 ²⁰⁶·

42 545 221 621 ‘exercita
241 565 316 608 cum
340 567 405 631 quo
429 567 489 632 ego
511 544 565 609 die
588 567 654 609 uno
674 543 903 634 Carthaginem
923 551 1005 636 cepi,
1020 574 1095 618 cum

15 637 132 717 4‘quo
156 643 307 732 quattuor
331 631 547 717 imperatores,
569 643 721 717 quattuor
743 633 901 698 exercitus
926 633 955 700 C
1070 640 1095 690 '-

39 717 226 782 ‘niensrum
249 716 329 794 fudi,
352 716 470 804 fugavi,
496 715 654 804 Hispania
678 717 798 805 expuli,
821 741 876 785 vos
899 733 971 787 octo
995 724 1095 791 milia

40 804 243 880 ‘hominum
267 803 398 868 minoris
423 815 509 868 certe
536 825 646 867 omnes
671 805 775 890 pretii,
799 827 896 892 quam
919 807 1036 874 Albius
1060 824 1094 877 et

38 897 51 927 ‘
65 890 178 954 Atrius
193 901 277 966 sunt,
294 889 410 976 quibus
424 911 480 954 vos
494 888 680 968 subiecistis,
694 887 738 954 H'
820 891 883 957 iam
897 893 1093 980 provinciam

38 975 184 1063 ‘populo
202 975 350 1041 Romano
365 976 506 1064 erepturi
520 975 636 1040 eratis?
681 975 767 1042 Amo
781 978 828 1043 ‘or
841 992 875 1043 et
889 1001 1021 1046 amoveo
1035 1006 1093 1049 no-

15 1087 24 1136 5
38 1069 49 1100 ‘
63 1085 139 1127 men
153 1085 271 1128 meum.
317 1061 411 1127 Nihil
426 1062 510 1128 ultra
525 1061 618 1127 facile
636 1062 790 1130 creditam
805 1077 942 1131 mortem
954 1090 1058 1134 meam
1074 1092 1093 1134 a

37 1149 153 1214 ‘vobis
167 1149 301 1214 violatus
315 1150 383 1214 sim.
432 1148 545 1226 Quid?
567 1149 668 1236 siego
683 1171 830 1228 morerer,
846 1174 972 1218 mecum
987 1177 1005 1219 e
1065 1157 1093 1220 i-

36 1241 169 1300 ‘ratura
259 1235 375 1314 ublicn,
389 1258 515 1302 mecum
538 1257 685 1301 omarum
706 1237 875 1324 imperium
897 1177 1092 1339 populixffi»

35 1329 47 1359 ⁶
60 1321 149 1386 mani
159 1258 258 1386 amutal)
271 1345 313 1387 ne
328 1323 410 1388 istuc
421 1322 462 1387 In
484 1323 544 1387 iter
555 1323 695 1410 optimus
709 1324 865 1389 maximus
880 1325 957 1403 snit,
968 1329 1090 1406 urbem,

35 1408 224 1495 ‘auspicato
249 1407 310 1474 diis
336 1345 516 1475 suetonius
541 1409 575 1474 in
601 1420 767 1474 aeternum
792 1410 963 1490 conditam,
1057 1413 1088 1430 '‘
1139 1453 1145 1464 ·

34 1493 137 1560 ‘huic
152 1507 186 1560 et
200 1495 326 1561 mortali
341 1496 465 1583 corpori
479 1494 645 1583 aequalem
661 1517 737 1561 esse.
783 1495 949 1576 Flaminio,
965 1498 1013 1564 Pa
1058 1523 1088 1578 ο,

35 1589 47 1620 ‘
59 1580 218 1659 Graccho,
231 1582 395 1648 Postumio
408 1582 538 1660 Albino,
551 1581 599 1646 M.
608 1580 773 1660 Marcello,
785 1582 825 1647 T.
835 1583 989 1658 Quinctio
1001 1585 1096 1652 Cris.

34 1675 45 1706 ⁶
57 1669 147 1755 pino,
160 1668 222 1733 Cn.
231 1669 353 1746 Fulvio,
366 1667 418 1734 Sci
441 1669 567 1732 ionibus
578 1667 667 1745 meis,
678 1679 726 1732 tot
736 1679 801 1732 tam
811 1668 979 1756 praeclaris
987 1671 1088 1760 impe·

33 1755 212 1820 ‘tatoribus
224 1777 290 1820 uno
303 1754 384 1820 bello
395 1778 415 1818 a
450 1755 578 1841 umptis,
591 1765 750 1842 superstes
760 1765 808 1818 eet
818 1777 861 1842 po
884 1754 956 1820 ulus
968 1756 1088 1824 Roma-

34 1847 127 1918 ‘nns,
143 1841 278 1928 eritque,
293 1840 380 1905 mille
396 1839 465 1905 aliis
478 1862 566 1906 nunc
580 1840 674 1919 ferro,
689 1862 777 1905 nunc
792 1777 903 1907 morlo
922 1843 1090 1909 morienti*

15 1928 135 1992 5‘bus:
160 1951 233 1992 meo
247 1927 342 1992 unius
356 1927 468 1992 fimare
489 1925 572 1991 elata
588 1925 699 2013 populi
715 1925 855 1992 Romani
876 1939 958 1992 esset
977 1951 1027 1993 res
1048 1953 1087 1995 u·

32 2012 157 2078 ‘blica?
172 2013 240 2080 Vos
251 2013 312 2101 ipsi
321 2013 418 2079 hicin
428 2011 593 2100 Hispania,
603 2023 693 2112 patre
702 2025 858 2162 cppanuo
869 2033 952 2089 meo,
962 1952 1086 2080 duolns

15 2108 43 2166 r‘
54 2101 308 2187 imperator-ibae,
324 2099 507 2176 interfectis,
526 2097 704 2185 Septimum
760 2098 880 2162 areium
900 2097 1016 2165 ducem
1030 2123 1086 2170 vo-

32 2194 43 2224 ‘
55 2187 105 2251 bis
120 2185 269 2251 adversus
283 2186 478 2252 exsultantes
491 2183 613 2249 recenti
622 2182 755 2248 victoria
768 2183 895 2250 Poenos
908 2185 1083 2274 delegistis:

32 2279 90 2338 ‘et
112 2273 157 2338 sic
178 2273 302 2360 loquor,
318 2285 470 2360 tanquam
489 2271 558 2336 sine
578 2269 659 2334 duce
676 2268 852 2358 Hispaniae
871 2271 996 2338 firturae
1016 2273 1085 2339 fue·

31 2359 144 2423 ‘rintl
188 2358 236 2424 M.
255 2358 392 2436 Silanus,
407 2356 521 2424 eodem
535 2357 615 2435 iure,
631 2355 746 2421 eodem
759 2357 895 2444 imperio
909 2379 1035 2425 mecum
1049 2360 1085 2425 in

31 2444 251 2595 ‘provinciam
273 2446 396 2522 missus,
416 2444 455 2510 L
470 2443 578 2546 Scipio
599 2443 695 2508 nater
715 2465 815 2522 meus,
836 2455 870 2510 et
891 2443 930 2510 C.
944 2445 1084 2526 Laelius,

31 2540 42 2570 ‘
67 2531 162 2618 egati,
177 2531 319 2596 vindices
339 2530 512 2596 maiestatis
529 2531 653 2618 rmperii
677 2528 848 2595 deessent?
892 2529 1013 2597 Utrum
1027 2555 1085 2598 ex·

31 2618 173 2682 ‘arcitus
194 2617 359 2695 exercitui,
374 2639 416 2682 an
434 2616 533 2682 duces
547 2617 690 2694 ducibus,
707 2639 750 2682 an
767 2616 914 2721 dignitas,
931 2641 972 2683 an
989 2642 1084 2686 causa

30 2705 230 2856 :aneni
244 2703 530 2856 rantra?
543 2703 1084 2858 nn

30 2877 153 2942 ‘retisl
197 2876 341 2942 Africam
358 2875 482 2953 Italiae,
531 2873 730 2961 arthaginem
747 2875 819 2940 urbi
838 2875 1003 2942 Romanae
1021 2879 1082 2942 im-

29 2972 163 3051 ‘perare
178 2962 324 3028 velletis?
370 2963 478 3038 Quam
495 2961 537 3026 ob
554 2981 672 3025 noxam
685 2960 828 3046 patriae?
873 2961 1081 3028 Coriolanum
1137 2972 1189 3034 29.

30 3048 217 3150 ‘qnondam
242 3049 404 3115 damnatio
429 3046 557 3124 iniusta,
573 3045 723 3110 misarum
747 3057 780 3110 et
805 3045 839 3110 in
865 3047 872 3061 '
918 3069 974 3112 um
997 3049 1082 3113 exsi-

30 3144 40 3175 ‘
51 3135 143 3214 lrum,
159 3147 196 3200 ut
216 3135 278 3201 iret
298 3134 340 3200 ad
359 3133 608 3222 oppugnandam
624 3131 770 3218 patriam,
785 3131 853 3219 imp
889 3133 931 3198 'tr
954 3155 1083 3200 revoca·

15 3221 100 3286 t‘vit
121 3233 230 3287 tamon
252 3243 272 3286 a
292 3220 422 3308 publico
443 3217 613 3308 parricidio
636 3217 758 3306 privata
780 3217 889 3305 pietas.
934 3218 1002 3285 Vos
1024 3221 1081 3308 qui

27 3307 153 3385 ‘dolon
177 3328 260 3395 quae
283 3308 331 3372 ira
355 3307 520 3373 incitavit?
566 3303 810 3392 stipendiumne
834 3303 947 3370 diebus
971 3307 1081 3394 paucis

61 3497 77 3546 3
98 3485 168 3533 Vm
178 3483 448 3597 manilii...smpm']
469 3485 539 3533 Μ
570 3480 725 3542 credidistis,
743 3495 789 3532 noo
806 3481 969 3534 deliberatum
987 3485 1078 3536 habas·

27 3546 298 3611 meoolsstmtionam
304 3562 385 3610 expan
403 3562 451 3597 ars.
466 3547 538 3596 Haec
569 3545 623 3596 ritis
636 3561 705 3596 arma
719 3548 836 3597 unvanus
848 3561 889 3598 ma
904 3547 1077 3613 imperatorem

28 3611 277 3675 estmansScipionis.
302 3611 537 3672 Expendsndocon-
571 3609 758 3660 ssstrumserra.
775 3611 857 3661 Gaas.

27 3675 111 3724 silium
129 3681 245 3737 rantum,
259 3675 335 3726 salim
352 3672 415 3724 illud
432 3674 538 3737 rspsrirs
601 3672 618 3724 6
633 3677 693 3725 Meo
700 3675 963 3737 annosamalasa]
975 3676 1078 3727 Mecum

27 3739 160 3800 eiusmodi,
174 3745 212 3802 ut,
228 3739 274 3790 etsi
290 3739 438 3790 sceleratam
454 3743 481 3788 et
496 3753 537 3788 na-
569 3738 675 3814 sspults.
713 3739 809 3802 Mani
833 3744 872 3788 sst
895 3741 996 3790 verbum
1023 3755 1078 3802 pro·

27 3802 128 3864 surium,
145 3819 195 3853 non
216 3809 300 3854 tamen
319 3802 352 3854 sit
369 3803 403 3854 sd
421 3802 537 3854 ultimum
569 3817 650 3866 prium
665 3803 697 3852 ds
711 3801 844 3853 lunaribus.
867 3804 991 3868 Effusas,
1005 3806 1078 3856 imru.

27 3869 137 3918 demens.
154 3868 236 3918 Cass.
568 3867 636 3931 apud
646 3865 829 3918 TaninAndr.
846 3866 1025 3930 campani.
1040 3882 1079 3922 ιο.

61 3947 78 3992 4
94 3933 217 3990 Qunam
231 3933 402 3994 imperatores]
426 3931 537 3980 Hasdru·
603 3943 616 3994 7
632 3933 767 3994 Qunam
774 3933 914 3992 Marciam]
931 3931 957 3981 N
959 3929 1032 3982 onien
1040 3932 1077 3982 in·

27 3995 99 4044 balss
116 3997 185 4055 duos,
204 3995 356 4045 Hamilcaris
375 4000 401 4044 at
423 3993 538 4058 Gisgonis
568 3999 664 4058 tagram
686 3995 760 4044 huius
780 3994 869 4046 Mucii
893 3996 998 4046 ocournt
1021 3996 1077 4047 inlr.

27 4058 103 4118 filios,
113 4059 246 4122 Magonem
258 4057 417 4120 Hamilcaris,
427 4065 453 4108 ot
466 4059 537 4108 Han·
569 4057 645 4109 xxxii.
657 4073 679 4108 s.
690 4057 733 4108 ubi
744 4065 845 4108 vocatur
856 4059 886 4110 L.
895 4059 1005 4110 Marcius
1015 4060 1076 4123 aaa

27 4137 129 4181 nonem,
150 4123 192 4184 qui
214 4121 367 4172 Hasdnrbali
388 4122 414 4171 in
436 4121 537 4170 Italiam
569 4121 650 4172 timus.
677 4121 767 4184 Itaque
777 4123 899 4186 Septim
910 4123 1010 4174 saleim
1021 4137 1075 4185 ωε-

27 4185 140 4249 prolecto
151 4187 267 4236 suffactus
277 4191 337 4236 arat.
354 4185 440 4235 Sinos.
569 4199 666 4235 noman.
681 4185 764 4236 cass.

61 4261 76 4312 5
93 4251 168 4298 Nshs'l
175 4250 328 4312 ultrasoolls
337 4248 466 4309 mitons]
491 4247 536 4297 FA-
600 4247 616 4296 8
631 4249 738 4300 Pressa
748 4251 843 4314 putas]
861 4249 892 4300 oi.
907 4249 980 4314 Supr.
994 4247 1019 4300 ii.
1035 4262 1075 4312 59,

28 4319 72 4362 to:
90 4312 263 4362 nullaalisin
278 4327 304 4362 rs
319 4312 418 4362 asabis
432 4311 538 4362 violatus
569 4325 608 4375 40.

27 4375 84 4436 sim,
94 4390 169 4438 quam
179 4377 247 4440 quod
256 4375 329 4426 facila
339 4380 443 4427 mortem
455 4391 537 4428 msam

72 4459 146 4505 von.
162 4459 198 4505 11.
855 4438 906 4503 nf
