2966 4778
356 221 451 288 LIB.
475 221 607 288 XXIIL
642 221 753 288 CAP.
776 227 829 290 45.
1059 227 1120 288 169

42 368 163 421 serant
177 367 350 444 castraque.
397 357 446 424 Eo
498 360 561 424 atio
573 358 620 451 (et
635 373 710 425 sunt
724 361 832 425 omnia
841 359 945 448 campi
957 359 1040 424 circa
1052 359 1122 425 No-
1132 369 1166 420 U.
1178 371 1207 420 ο.
1224 383 1280 436 53⁷·

69 442 152 528 lam)
180 459 415 510 concurrerunt
495 446 603 524 lamor,
626 469 668 510 ex
694 460 783 534 parte
811 460 945 534 utraque
971 446 1121 524 sublatus,
1132 437 1162 484 Α·
1179 436 1280 510 ⁰:²¹⁵·

70 530 235 616 proximos
255 553 296 594 ex
310 531 491 599 cohortibus
510 533 558 609 iis,
573 555 656 619 quae
673 533 708 596 in
723 556 812 620 agros
834 532 1020 620 praedatum
1036 533 1123 597 exie-
1131 501 1278 616 fffiffi

71 629 155 693 rant,
178 615 220 680 ad
241 617 396 703 proelium
418 620 480 684 iam
503 619 704 683 commissum
726 620 891 685 revocavit
939 618 983 685 Et
1002 618 1122 684 Nolani

72 702 177 766 aciem
192 701 371 768 Romanam
389 719 563 771 auxerunt:
588 728 668 792 quos
690 705 884 770 collaudatos
899 704 1071 770 Marcellus
1088 707 1123 769 in

73 787 223 853 subsidiis
248 801 341 866 stare,
367 805 400 855 et
428 792 550 856 saucios
576 815 617 856 ex
642 792 709 856 acie
736 793 848 856 efferre
877 792 987 869 iussit3
1015 815 1124 879 pugna

73 873 245 952 abstinere,
261 876 295 938 ni
310 879 350 941 ab
365 899 398 942 se
413 879 540 965 signum
555 878 759 966 accepissent.
805 878 969 942 Pmelium
984 893 1051 944 erat
1066 901 1123 944 an-
1224 929 1234 946 .

74 981 169 1110 cfips:
192 983 317 1026 summa
326 963 358 1027 ri
373 977 406 1028 et
417 964 515 1028 duces
530 964 745 1043 hortabantur,
755 977 790 1029 et
803 964 920 1029 milites
928 965 1122 1052 pugnabant.

116 1045 251 1119 arcellus
266 1047 356 1113 victis
371 1065 443 1114 ante
455 1051 541 1114 diem
558 1049 696 1127 tertium,
707 1049 824 1138 iugatis
838 1064 912 1115 ante
923 1072 1042 1139 paucos
1055 1051 1125 1115 dics

74 1156 95 1199 a
119 1131 243 1211 Cumis,
258 1134 357 1220 pulsis
377 1137 482 1222 priore
504 1157 589 1200 anno
611 1137 651 1200 ab
674 1135 761 1202 Nola
781 1137 821 1202 ab
843 1137 956 1202 eodem
976 1159 1009 1202 sc
1032 1135 1125 1214 duce,

75 1217 177 1284 milite
192 1219 265 1297 alio,
280 1221 398 1286 instare
411 1223 510 1288 iubet
557 1220 657 1287 ‘Non
672 1245 782 1287 omnes
796 1243 863 1288 esse
878 1223 913 1286 in
927 1224 1012 1288 acie:
1058 1245 1128 1288 rae·

76 1303 210 1370 ‘dantes
227 1308 333 1393 vagari
356 1308 390 1372 in
411 1331 504 1395 agro:
528 1308 596 1386 sed,
617 1309 673 1395 qui
717 1321 848 1396 ugnent,
864 1331 1003 1374 marcere
1029 1246 1127 1374 garn-

47 1397 87 1458 9‘
98 1412 182 1540 Em
192 1391 328 1471 luxuria,
344 1393 419 1459 vino
434 1408 467 1460 et
481 1394 601 1472 scortis,
611 1332 821 1481 ommbusque
836 1395 942 1460 lustris
956 1417 1013 1482 per
1027 1407 1127 1460 totam

78 1485 88 1514 ‘
125 1476 240 1543 'emem
255 1479 422 1545 consectus
469 1481 584 1546 Abisse
599 1479 686 1544 illam
699 1481 764 1545 rim
775 1482 991 1568 vigoremque,
1007 1481 1129 1569 dilapsa

78 1570 166 1627 ‘esse
195 1565 310 1630 robora
340 1589 508 1654 corporum
543 1567 795 1652 animorumque,
825 1568 940 1667 quibus
969 1567 1128 1668 Pyrenaei

78 1648 301 1738 ‘Alpiumque
315 1666 462 1740 superata
476 1653 540 1718 sint
553 1653 647 1739 iuga:
671 1651 820 1738 reliquias
837 1653 963 1718 illorum
978 1677 1127 1733 virorum,

79 1736 152 1798 ‘rix
190 1759 278 1801 arma
311 1741 516 1826 membraque
551 1739 752 1816 sustinentes,
783 1761 933 1827 pugnare.
982 1739 1129 1828 Capuam
1218 1793 1220 1802 .

78 1820 277 1888 ‘Hannibali
313 1823 442 1890 Cannas
470 1825 574 1890 fuisse.
636 1824 687 1890 Ibi
714 1827 863 1891 virtutem
898 1826 1054 1904 bellicam,
1084 1827 1130 1891 ibi

79 1907 269 1974 ‘militarem
291 1909 501 1998 disciplinam,
516 1911 560 1976 ibi
607 1912 747 1976 raeteriti
768 1913 919 2000 temporis
940 1913 1066 1988 famam,
1084 1911 1131 1976 ibi

79 1995 304 2146 mimum
323 1997 531 2062 exstinctam!
577 1934 688 2073 guum
706 1998 785 2062 haec
805 2020 846 2061 ex
869 1997 1025 2062 robrando
1046 1997 1131 2062 hosti

193 2080 254 2147 llus
268 2105 395 2148 snorum
412 2083 547 2148 militum
560 2083 682 2147 animoa
693 2084 837 2169 erigeret,
887 2082 1015 2146 annibal
1029 2083 1131 2147 multo

78 2168 276 2254 graviorffim
293 2171 415 2258 probris
429 2169 630 2270 increpabat:
656 2168 779 2269 ‘firma
798 2167 951 2254 signaque
966 2167 1078 2232 eadem
1097 2189 1130 2233 se

80 2253 1132 2427 ‘'ttttt’titillabit&Tffittuttt’ptttttttl

80 2425 237 2490 ‘hiberna
264 2426 410 2514 Capuam
435 2428 572 2506 duxisse,
597 2427 694 2494 alium
720 2425 796 2489 inde
822 2425 977 2489 eduxisse.
1029 2424 1133 2513 Lega-

55 2519 214 2577 1‘tumnc
231 2512 415 2578 Romanum
429 2527 463 2578 et
476 2514 609 2601 legionis
624 2513 719 2578 unius
737 2525 832 2600 atquc
851 2511 918 2577 alae
933 2533 1050 2598 magno
1065 2535 1133 2576 cer-

81 2598 223 2662 ‘tamine
236 2600 293 2663 vix
313 2599 452 2664 toleratis
471 2623 621 2686 pugnam,
661 2621 718 2664 uos
737 2599 831 2663 binae
851 2598 934 2662 acies
954 2597 1134 2663 consulares

81 2691 270 2770 ‘nunquam
280 2686 517 2751 sustinuerunt?
540 2685 650 2750 Marce
676 2683 1134 2762 us,tironemiliteacNolanis

82 2770 261 2848 ‘subsidiia
277 2771 399 2836 inultus
413 2793 471 2835 nos
485 2772 548 2836 iam
566 2771 681 2835 iterum
699 2770 845 2836 lacessit?
890 2769 957 2835 Ubi
975 2770 1029 2835 ille
1044 2793 1134 2836 meus

81 2855 196 2919 ‘miles
214 2871 273 2934 est,
311 2857 345 2921 ui
368 2879 421 2921 ere
445 2869 478 2922 to
499 2879 541 2921 ex
563 2878 647 2943 equo
667 2854 706 2921 C.
720 2856 876 2922 Flaminio
895 2857 1018 2921 consuli
1037 2869 1135 2942 caput

81 2951 92 2980 ‘
103 2941 256 3008 abstulit?
277 2879 342 3020 ulii,
355 2943 410 3030 qui
421 2879 460 3006 la.
471 2941 619 3007 Paullum
634 2941 675 3005 ad
688 2941 817 3007 Cannas
828 2943 968 3007 occidit?
1001 2941 1134 3006 Ferrum

82 3037 192 3092 ‘nunc
214 3028 336 3100 hebeti,
363 3051 402 3093 an
425 3028 555 3100 dextrae
578 3027 728 3114 torpent?
754 3051 796 3092 an
822 3028 901 3115 quid
924 3027 1061 3115 prodigii
1087 3039 1135 3091 est

82 3115 218 3180 ‘aliudl
264 3115 332 3191 Qui
346 3115 440 3201 pauci
455 3115 561 3201 plures
575 3114 702 3178 vincere
720 3113 804 3178 soliti
822 3115 905 3190 estis,
921 3134 1008 3177 nunc
1025 3112 1134 3213 paucis

82 3201 214 3288 ‘plures
223 3202 277 3266 vix
289 3202 420 3266 testatis
468 3201 605 3264 Romam
617 3221 673 3262 vos
687 3213 934 3286 expugnaturos,
947 3199 973 3262 si
988 3222 1060 3285 qma
1074 3198 1134 3262 du-

54 3297 93 3340 2‘
105 3301 203 3366 cerat,
218 3285 627 3373 fortcslinguaiactabatis.
675 3283 771 3348 Enim
784 3285 888 3348 minor
902 3295 950 3347 est
964 3307 1021 3348 rea
1070 3284 1134 3350 Hic

83 3374 245 3460 ‘experiri
261 3374 324 3438 vim
339 3373 554 3522 virtutemque
569 3370 650 3436 volo
698 3369 889 3470 Expugnate
906 3369 1034 3447 Nolam,
1050 3393 1135 3435 cam-

83 3469 245 3546 ‘pestrem
268 3460 391 3536 urbem,
409 3481 475 3524 non
520 3456 639 3534 umine,
659 3477 724 3520 non
748 3477 828 3520 marr
851 3467 999 3543 saeptam.
1046 3455 1135 3523 Hinc

119 3691 134 3738 8
150 3691 186 3738 Et
199 3695 258 3738 suat
274 3690 356 3738 omnia
371 3688 451 3761 compi
465 3687 531 3736 circo
544 3689 594 3736 No-
628 3683 720 3734 ciorum
737 3682 821 3748 copias
836 3683 877 3732 hic
890 3699 948 3732 voce
961 3685 1016 3734 alas
1032 3684 1135 3748 intelligi

82 3755 148 3812 hm]
163 3753 291 3801 Particula
300 3759 324 3802 ct
335 3753 360 3799 in
372 3751 445 3800 simili
457 3749 595 3815 parenthesi
628 3750 681 3798 vult
690 3749 805 3808 Gravior,
814 3752 899 3795 contra
906 3752 989 3796 sutem
998 3747 1070 3798 unius
1078 3750 1136 3812 legi-

83 3817 191 3866 occurrit
202 3817 256 3864 infr.
268 3816 335 3865 xxia
349 3830 387 3878 η.
628 3813 682 3888 onis
691 3813 824 3886 ¹Romanae
840 3811 934 3874 equites
946 3813 979 3876 ab
995 3812 1137 3862 Hannibale

84 3877 597 4006 latzbgziillicbuuilbblbsbtlliliirlinlbbi
628 3877 919 3990 mqruEn'qpplethmtrprthzu
935 3941 988 4000 res]
1007 3942 1051 3989 Ea
1068 3957 1137 3990 auno

84 4023 187 4072 operam
198 4008 267 4067 dant,
278 4007 347 4056 velut
358 4008 423 4055 ferae
439 4006 465 4054 in
482 4006 542 4054 locis
556 4005 596 4053 dc·
628 4007 708 4054 minor
723 4005 849 4053 Drakenb.
866 4010 891 4053 et
908 4004 1016 4054 Beklrer.
1032 4011 1136 4054 serrant.

84 4071 142 4133 riis,
153 4071 309 4122 delitescunt.
331 4070 361 4120 εἰ.
371 4071 460 4119 Festus
468 4087 490 4118 r.
499 4071 596 4118 Lustra
629 4071 706 4118 Enim
715 4071 795 4117 minor
802 4067 924 4116 revocarit
933 4069 1041 4118 Gronov.
1050 4075 1075 4116 et
1083 4083 1136 4130 par·

85 4138 194 4187 Plautus
203 4135 295 4185 Bacch.
303 4149 338 4183 ur
347 4149 368 4197 3.
377 4149 412 4183 ro.
429 4134 481 4184 Cic.
488 4132 597 4195 Philipp.
630 4133 732 4181 ticulam
749 4133 814 4180 mrim
830 4131 942 4181 similiter
959 4134 991 4180 ab
1009 4131 1079 4180 initio
1096 4145 1128 4192 pc

83 4202 113 4252 ii.
123 4199 147 4251 6.
630 4195 692 4244 n'odi
707 4195 813 4256 positam
826 4201 918 4254 monet,
934 4195 989 4244 infr.
1003 4193 1086 4244 mir.
1098 4207 1138 4256 ³2·

123 4279 133 4316 1
151 4265 266 4328 Maioris
285 4265 361 4314 unlus
377 4269 451 4326 atquo
468 4261 536 4321 olas]
556 4259 598 4311 ss
632 4259 714 4308 Plaut
727 4259 857 4322 Epidicr.
868 4273 889 4308 a.
900 4257 938 4322 36.
956 4257 1056 4308 Persii.
1067 4269 1137 4320 aas·
