2970 4772
345 253 442 321 LIB.
466 253 631 322 XXVIII.
662 255 773 324 CAP.
798 263 827 324 3.
1045 266 1110 328 40³

50 389 187 455 itineris
206 387 312 466 modo,
332 389 460 477 penitus
479 387 521 455 ad
539 387 706 456 Oceanum
724 403 759 457 et
775 391 883 458 Gades
900 391 997 459 ducit.
1044 392 1110 460 Ce-
1120 403 1154 454 U.
1165 404 1195 455 c.
1211 415 1267 466 545.

23 487 178 554 aterum,
196 475 303 562 quoad
323 474 532 540 continuisset
552 477 738 555 exercitum,
752 478 950 566 propositum
970 477 1055 545 bello
1075 468 1149 546 se*-
1164 469 1196 520 0·
1212 479 1267 530 ²⁰⁷·

50 561 127 626 fore
162 573 259 640 ratus,
288 575 460 649 antequam
489 560 570 627 fleto
601 561 710 628 Gades
739 563 904 642 traiiceret,
933 565 1109 632 exercitum

51 669 192 714 omnem
214 647 329 734 passim
350 647 385 711 in
406 647 549 712 civitates
570 647 686 726 divisit,
702 661 739 714 ut
759 662 793 714 et
814 651 913 716 muris
934 673 967 716 se
989 650 1061 738 ipsi,
1075 664 1109 716 et

51 733 157 799 arinis
183 753 290 798 muros
315 745 502 798 tutarentur.
550 731 657 821 Scipio
682 735 738 799 ubi
762 735 994 814 animadvertit,
1018 737 1109 802 dissi·
1176 745 1206 805 3.

50 819 318 968 patumdlpassim
347 818 476 918 belluni,
503 829 536 884 et
559 819 760 921 circumferre
785 820 827 887 ad
852 821 990 922 singulas
1016 823 1109 922 urbes

51 927 151 1057 ide?
169 917 677 1056 Ndlttldldieniialinoss'tiiiiindaffi‘enliii
689 919 1110 1092 elegerepppggnssnpnpolpesircipt
1118 1007 1234 1082 Regini.

51 1078 195 1164 pionem
218 1075 347 1140 fratrem
372 1099 446 1140 cuin
471 1075 584 1141 decem
613 1077 751 1142 millius
777 1079 934 1178 peditum,
960 1091 994 1145 et
1022 1071 1261 1146 millei¹¹52¹⁸¹¹⁰i⁰

53 1162 211 1250 equitum
247 1161 288 1225 sd
323 1161 570 1248 oppugnandam
601 1161 872 1250 opulentissimam
901 1165 936 1228 in
964 1163 1003 1230 iia
1033 1135 1242 1230 mihinam.

29 1229 187 1333 grauem,
220 1246 357 1333 osngn
376 1247 500 1312 smmi
519 1246 735 1336 appeliatum)
750 1249 856 1314 missa
905 1249 973 1315 sia
986 1251 1020 1314 in
1035 1249 1110 1316 Me-

53 1335 181 1400 lessum
242 1333 312 1396 ibus
327 1345 375 1397 est
390 1331 553 1420 Hispanae
567 1333 680 1420 gentis.
726 1334 757 1400 A
800 1335 858 1399 rfr
903 1335 976 1400 'ferr
998 1357 1110 1436 argen-

54 1435 134 1485 tum
160 1418 256 1484 etiam
282 1417 404 1484 incolae
429 1417 564 1484 fodiunt.
611 1418 660 1483 Ea
684 1441 741 1484 arx
801 1421 827 1485 it
980 1421 1043 1486 bali
1069 1423 1111 1488 ad

55 1505 268 1570 excursiones
303 1505 387 1569 circa
421 1505 457 1568 in
493 1504 739 1570 mediterraneos
773 1505 908 1594 populos
940 1505 1109 1573 faciendas.

59 1590 186 1678 Scipio,
201 1591 309 1654 castris
331 1611 430 1676 prope
452 1590 563 1654 urbem
584 1590 704 1677 positis,
719 1591 902 1680 priusquam
926 1593 1111 1658 circumval-

57 1678 145 1742 laret
166 1675 288 1752 urbem,
313 1675 398 1740 misit
420 1674 462 1741 ad
485 1689 599 1762 portos,
625 1677 681 1762 qui
704 1699 746 1742 ex
768 1677 948 1765 propinquo
971 1678 1111 1765 alloquio

58 1763 189 1828 animos
203 1773 372 1840 tentarent,
387 1759 630 1848 suaderentque,
646 1775 683 1827 ut
696 1763 868 1828 amicitiam
882 1764 998 1851 potius,
1014 1787 1111 1851 quam

58 1850 139 1924 vim,
155 1846 377 1934 experirentur
396 1847 624 1912 Romanorum.
670 1847 738 1913 Ubi
757 1848 838 1913 nihil
858 1850 961 1936 pacati
981 1871 1111 1936 respon·

58 1935 210 2010 debatur,
233 1932 315 1998 fossa
337 1931 520 2033 duplicique
544 1931 626 1998 vallo
652 1933 846 1998 circumdata
869 1935 958 2011 urbe,
984 1935 1018 1998 iii
1048 1947 1112 2000 tres

58 2031 172 2108 partes
191 2019 366 2084 exercitum
384 2017 517 2082 dividit:
542 2030 578 2083 ut
599 2041 664 2083 una
684 2041 808 2105 semper
829 2040 911 2105 pars,
926 2019 1043 2105 quietis
1062 2021 1112 2084 in·

58 2105 159 2171 terim
179 2104 312 2182 duabus,
327 2115 534 2191 oppugnaret.
581 2103 690 2168 Prima
710 2125 782 2202 pars
800 2126 901 2204 quum
923 2105 1033 2169 adorta
1054 2127 1112 2206 pp-

58 2201 516 2342 tffitttlffitt
529 2188 1111 2342 mtttttlffltttttllffi

34 2363 109 2439 9Et
131 2361 208 2438 iam,
226 2361 283 2448 qui
302 2374 469 2427 erexerant
554 2382 682 2426 murum
704 2359 812 2437 scalas,
830 2360 884 2425 alii
902 2360 999 2426 fiircis
1017 2361 1112 2427 adid

38 2450 172 2536 :ipsum
200 2446 291 2512 factis
315 2446 576 2524 detrudebantur,
602 2446 637 2512 in
662 2445 741 2512 alios
765 2445 833 2534 lupi
858 2468 994 2534 superne
1019 2447 1112 2514 seriei

60 2533 187 2610 iniecti,
203 2534 288 2597 utin
302 2532 444 2620 periculo
458 2545 573 2610 essent,
588 2554 630 2597 ne
650 2532 793 2620 suspensi
812 2531 847 2596 in
864 2554 991 2598 murum
1008 2547 1113 2598 extra-

61 2621 228 2684 herentur.
276 2618 375 2693 Quod
395 2618 449 2682 ubi
471 2617 693 2682 animadvertit
709 2616 826 2706 Scipio,
841 2619 941 2684 nimia
953 2619 1113 2706 paucitate

61 2725 198 2770 suorum
223 2718 435 2791 exaequatum
461 2715 622 2768 certamen
650 2725 728 2782 esse,
754 2716 788 2768 et
812 2704 875 2768 iam
901 2727 941 2770 eo
967 2727 1113 2792 superare

62 2791 203 2890 hostem,
219 2790 308 2877 quod
328 2813 370 2854 ex
392 2811 483 2854 muro
503 2800 680 2876 pugnaret3
702 2789 826 2854 duabus
847 2789 942 2856 simul
962 2791 1113 2877 partibus,

62 2875 451 3027 prist.
463 2875 1114 3060 ..tripudium

63 3048 197 3113 moenia
210 3047 378 3134 repentina
390 3047 467 3132 fuga
480 3047 679 3111 desererent:
702 3057 735 3109 at
746 3045 906 3110 Punicum
918 3045 1114 3144 praesidium

63 3147 169 3211 metu,
183 3154 225 3198 iia
239 3132 366 3220 prodita
379 3134 454 3198 urbs
467 3143 559 3210 esset,
574 3129 691 3196 relictis
710 3129 897 3196 stationibus
917 3153 951 3195 in
965 3151 1066 3196 unum
1080 3153 1114 3198 se

62 3219 241 3306 colligeret.
286 3217 400 3283 Timor
423 3217 499 3282 inde
525 3215 702 3316 oppidanos
725 3215 862 3294 incessit,
886 3239 938 3294 ne,
964 3215 992 3282 ai
1016 3215 1115 3282 hostis

64 3305 181 3370 urbem
196 3305 352 3382 intraaeet,
363 3304 432 3368 sine
447 3301 639 3379 discrimine,
651 3300 780 3367 Poenus
795 3323 837 3366 an
849 3299 1012 3389 Hispanus
1022 3315 1114 3382 esset,

66 3391 156 3457 obvii
169 3390 285 3477 panim
299 3388 515 3456 caederentur.
560 3386 684 3476 Itaque,
699 3386 856 3475 petebas
868 3399 1000 3475 repente
1014 3399 1115 3476 ports,

27 3661 32 3670 ¹
100 3601 118 3654 6
133 3604 292 3666 Propositum
318 3603 392 3663 belo]
421 3600 578 3668 Propositum
610 3599 745 3650 Tartessius
756 3599 887 3664 pertinens.
903 3601 985 3651 cnm.

64 3669 198 3718 muruco
215 3667 318 3729 iquein
328 3681 378 3715 non
388 3665 485 3716 desinat
494 3671 579 3730 petere
674 3665 829 3725 Alllsorols]
848 3664 889 3712 De
899 3663 1117 3713 liocinstruniento

67 3731 163 3794 Scipio.
180 3682 297 3780 timum.
609 3679 699 3777 bodico
716 3728 749 3778 ad
767 3727 922 3790 repellendos
940 3743 982 3777 eos
998 3727 1117 3788 adhibito,

103 3805 118 3857 7
136 3795 257 3856 Oriapio]
276 3793 349 3842 Haeo
363 3793 420 3842 urbs
430 3792 527 3841 videtur
539 3807 578 3842 aa·
610 3791 652 3854 qui
668 3789 766 3840 urbium
784 3805 867 3839 muros
883 3806 929 3865 per
944 3793 1023 3840 scalas
1041 3797 1117 3840 trans-

67 3859 129 3907 uem
146 3871 200 3906 essa
218 3871 282 3918 quoe
298 3871 364 3918 supr.
378 3855 445 3906 xxiv.
456 3869 495 3918 4².
512 3853 579 3904 dicta
611 3853 706 3904 censuri
723 3859 801 3915 arant,
816 3854 847 3904 cf.
858 3853 927 3916 Ispa
941 3855 1047 3905 Poliorc.
1058 3871 1082 3906 v.
1096 3869 1117 3906 i.

67 3928 108 3970 est
119 3923 231 3980 Ausees,
241 3920 292 3969 imo
302 3919 369 3968 idem
380 3934 470 3968 nomen
480 3917 579 3968 diveru-
611 3919 695 3970 Don.

67 3985 145 4034 mode
156 3985 282 4096 wffm'
315 3983 375 4034 Non
390 3983 476 4046 procul
490 3982 580 4033 afiiime
646 3997 656 4030 i
674 3985 709 4032 Iri
718 3983 779 4032 alios
789 3983 857 4046 lupi]
874 3983 962 4044 Lupus
972 3981 1117 4032 instnrmeii·

68 4063 127 4098 eam
144 4063 161 4096 a
208 4049 284 4108 unda,
301 4051 371 4109 patet
389 4063 421 4096 eii
439 4048 495 4096 loco
515 4046 579 4096 Livii
611 4051 665 4097 turn
675 4045 780 4094 ferreum
797 4045 823 4094 in
838 4046 939 4094 modum
955 4046 1046 4095 forficis
1059 4047 1118 4094 den·

69 4112 146 4160 inodo
157 4116 300 4160 memorato.
317 4111 399 4160 cm.
611 4115 692 4158 tatum
724 4109 902 4172 alligetumqus
933 4109 1040 4170 dinibus,
1068 4123 1119 4170 quo

103 4175 284 4234 8Mslessum]
312 4173 370 4222 Hoc
391 4186 481 4222 nomen
503 4171 580 4226 sonat
611 4171 1119 4235 ariesmordicuatanquamluporumden-

67 4237 96 4287 in
107 4235 214 4299 scriptis.
242 4235 390 4296 Gronovius,
400 4241 517 4286 monente
528 4237 581 4286 Rii-
612 4235 687 4296 uiris,
705 4236 873 4298 apprehensos
892 4240 1025 4294 avermtur,
1043 4237 1120 4294 atque

68 4299 155 4360 banio,
166 4300 213 4362 legi
227 4313 299 4362 posse
313 4305 387 4362 putat
397 4301 581 4350 Mosslersss'usa.
613 4298 678 4348 ictus
689 4297 741 4348 eius
752 4299 874 4348 eludatur.
890 4297 922 4347 cl
934 4295 1002 4359 lips.
1012 4295 1118 4346 Poliors.

69 4365 172 4414 Messio
182 4363 251 4425 apud
262 4363 415 4425 Stephanum
426 4362 493 4425 regio
502 4367 539 4414 est
549 4363 582 4413 ad
615 4377 637 4414 i.
648 4363 672 4412 8.
688 4361 797 4412 Turnsb.
809 4361 911 4412 Adicis.
922 4359 956 4409 xi.
968 4361 1007 4412 28.

850 4420 946 4485 nd2
