3002 4798
407 196 501 262 LIB.
526 195 623 262 xxL
658 196 769 262 CAP.
795 203 846 262 33.
1110 201 1152 262 29

143 331 309 397 Hannibal
320 333 360 398 ab
372 332 531 398 Druentia
540 335 708 422 campestri
720 335 858 400 maxime
867 335 982 399 itinere
997 333 1039 399 ad
1053 333 1153 421 Alpes
1163 353 1196 402 U.
1208 353 1237 402 c.
1250 365 1305 416 534

98 439 174 482 cum
197 418 283 482 bona
308 441 386 505 pace
412 419 620 484 incolentium
643 442 683 484 ea
706 420 776 486 loca
803 419 972 485 Gallorum
995 421 1149 507 pervenit
1160 418 1191 466 A.
1207 418 1305 491 03218.

100 503 199 580 Tum,
212 526 397 591 quanquam
411 505 495 569 fama
509 506 684 592 priusque
697 507 819 572 incerta
832 507 867 570 in
882 507 983 570 maius
994 505 1152 570 veroferri
1160 479 1300 594 {312¹}ssin

75 588 214 666 ssolent,
226 602 453 677 praecepturus
468 603 544 669 erat,
555 603 662 656 umen
671 615 713 656 ex
724 593 908 692 propinquo
918 592 985 656 visa
995 592 1152 657 montium
1161 624 1212 672 peu

100 675 247 752 altitudo,
262 677 415 762 nivesque
426 677 516 742 coelo
530 700 629 765 prope
644 677 817 756 immixtae,
834 689 918 742 tecta
932 677 1079 742 informia
1093 679 1154 742 im·

79 761 206 862 rposita
221 762 362 850 rupibus,
377 783 494 861 pecora
510 764 717 851 iumentaque
732 764 853 828 torrida
865 763 993 850 frigore,
1007 763 1153 829 homines

78 847 221 912 amtonsi
235 862 269 913 et
284 847 406 926 incultr,
417 848 566 914 animalia
579 850 783 937 inanimaque
799 850 908 915 omnia
921 849 1057 937 rigentia
1067 847 1152 937 gelu,

101 946 209 998 cetera
233 934 313 1012 visu,
340 957 437 1022 quam
466 935 564 1013 dictu,
590 935 741 1013 foediora,
768 948 920 1000 terrorem
949 948 1151 1001 renovarunt.

78 1019 484 1107 ³Erigentibusinprimos
492 1044 608 1108 agmen
618 1021 714 1087 clivos
724 1033 939 1108 apparuerunt
949 1022 1153 1106 imminentes

101 1105 243 1171 tumulos
262 1106 436 1172 insidentes
451 1105 611 1172 montanis
637 1108 703 1194 qui,
719 1109 746 1172 si
756 1107 853 1172 valles
868 1107 1055 1172 occultiores
1070 1109 1154 1171 inse·

101 1192 233 1269 difflant,
255 1192 355 1257 coorti
377 1193 455 1280 inp
522 1216 574 1258 am
595 1216 629 1258 re
673 1207 737 1271 nte,
760 1194 924 1280 ingentem
946 1191 1053 1280 fugam
1075 1207 1154 1258 stra·

79 1294 94 1339 4
144 1299 241 1364 mque
257 1276 427 1343 dedissent
509 1280 606 1344 annib
652 1279 824 1344 consistere
839 1280 930 1366 signa
944 1280 1050 1356 iubet3
1076 1279 1154 1343 Gal-

102 1301 206 1451 ffique
222 1363 263 1428 ad
275 1363 406 1428 visenda
413 1364 483 1428 loca
493 1366 682 1452 praemissis,
692 1378 860 1452 postquam
875 1367 1040 1452 comperit,
1053 1377 1155 1429 traus-

102 1450 185 1514 itum
199 1471 239 1532 aa
259 1471 326 1514 non
340 1471 418 1527 csse,
428 1464 530 1515 castra
544 1451 629 1516 inter
643 1474 681 1516 co
841 1451 950 1515 omnia
969 1464 1155 1537 praerupta·

103 1557 179 1622 que,
210 1557 307 1622 quam
336 1536 554 1600 extentissima
582 1549 689 1623 potest
716 1559 757 1600 ra
768 1537 808 1613 le,
835 1536 926 1601 locat
982 1537 1068 1601 Tum
1098 1557 1155 1622 per

103 1619 235 1686 eosdem
265 1620 385 1699 Gallos,
415 1620 502 1686 haud
535 1644 611 1687 sane
640 1623 778 1688 multum
811 1623 922 1708 lingua
950 1622 1154 1708 moribusque

103 1707 320 1784 abhorrentes,
333 1729 433 1793 quum
444 1729 478 1772 se
490 1708 735 1772 immiscuissent
744 1708 910 1796 colloquiis
921 1720 1155 1785 montanorum,

103 1792 237 1858 edoctus
265 1793 407 1860 interdiu
435 1806 559 1859 tantum
589 1794 726 1858 obsideri
760 1793 886 1871 saltum,
912 1806 1006 1859 nocte
1036 1793 1070 1856 in
1099 1816 1157 1858 sua

103 1901 266 1965 quemque
289 1878 388 1945 dilabi
409 1879 613 1956 tecta3tluce
635 1877 738 1966 prima
761 1880 858 1945 subiit
881 1879 1029 1957 tumulos,
1052 1893 1089 1943 ut
1112 1885 1172 1943 ex'

104 1987 125 2029 s
165 1977 215 2029 rto
240 1977 336 2052 atque
366 1965 508 2030 interdiu
530 1965 594 2030 rim
623 1988 682 2052 por
710 1967 870 2053 angustias
895 1965 1043 2030 facturus
1089 1964 1155 2029 Die

129 2050 223 2115 ainde
238 2050 418 2139 simulando
432 2051 529 2128 aliud,
546 2073 643 2138 quarn
657 2052 746 2138 quod
758 2051 938 2138 parabatur,
954 2064 1156 2138 consumpto,

105 2157 207 2222 quum
226 2137 351 2215 eodem,
372 2159 437 2223 quo
454 2137 670 2215 constiterant,
685 2137 756 2201 loco
778 2147 880 2210 castra
897 2137 1156 2212 communissent,

105 2222 161 2286 nbi
183 2223 321 2308 primum
336 2223 499 2310 degressos
516 2222 647 2288 tumulis
669 2234 836 2286 montanos
851 2221 1035 2307 laxatasque
1057 2222 1157 2285 sensit

105 2308 275 2386 otutodias,
290 2308 433 2395 pluribus
452 2308 587 2396 ignibus,
604 2329 701 2393 quam
715 2329 773 2394 pro
794 2328 928 2372 numero
946 2307 1155 2384 manentium,

106 2394 141 2458 in
163 2395 303 2494 speciem
316 2394 415 2471 factis,
431 2393 731 2480 impedimentisque
753 2416 828 2458 cum
848 2393 956 2480 equite
979 2392 1106 2470 relictis,
1123 2405 1157 2458 et

105 2499 246 2544 mmma
259 2493 348 2567 parte
363 2479 525 2566 peditum3
549 2480 616 2566 ipse
635 2501 709 2544 enm
724 2479 892 2568 expeditis,
908 2479 1061 2544 acerrimo
1076 2502 1157 2566 quo·

105 2588 170 2652 que
181 2566 259 2642 viro,
269 2566 385 2652 raptim
400 2565 559 2653 angustias
570 2563 693 2630 evadit:
718 2565 820 2652 iisque
836 2565 911 2653 ipsis
923 2565 1063 2643 tumulis,
1076 2584 1158 2652 quos

105 2652 214 2717 hostes
225 2664 403 2729 tenuerant,
415 2651 585 2716 consedit·
614 2651 723 2716 Prima
736 2651 854 2717 deinde
865 2651 937 2716 luce
948 2664 1050 2716 castra
1060 2665 1155 2728 mota,
1260 2701 1270 2720 .

106 2749 141 2802 et
162 2732 289 2824 agmen'
300 2737 459 2824 reliquum
477 2737 626 2802 incedere
648 2737 764 2824 coepit.
810 2736 879 2802 Iam
902 2737 1045 2802 montani
1065 2737 1157 2824 signo
1188 2776 1191 2783 ·

106 2821 183 2888 dato
197 2845 239 2887 ex
253 2822 389 2888 castellis
403 2823 445 2887 ad
459 2823 627 2888 stationem
642 2823 766 2890 solitam
782 2823 1032 2899 conveniebant3
1056 2843 1157 2909 quum

106 2922 240 2996 repente
262 2909 462 2996 conspiciunt
483 2908 571 2987 alios,
592 2931 663 2974 arce
686 2920 841 2996 occupata
861 2921 929 2986 sua,
944 2929 1040 2996 super
1061 2920 1158 2996 caput

105 2995 322 3072 imminentes,
352 2994 430 3060 alios
457 2995 510 3059 via
542 2995 674 3059 transire
704 2995 820 3060 hostes.
882 2995 1029 3081 Utraque
1062 2993 1158 3059 simul

107 3081 233 3146 obiecta
241 3103 291 3145 res
302 3081 401 3146 oculis
413 3081 589 3167 animisqne
601 3081 779 3146 immobiles
790 3103 960 3168 parumper
971 3103 1025 3144 eos
1034 3079 1156 3146 defixit.

107 3166 249 3244 Deinde,
284 3180 321 3232 ut
353 3166 597 3254 trepidationem
631 3167 666 3230 in
704 3167 867 3254 angristiis,
897 3187 1019 3253 suoque
1053 3167 1158 3252 ipsum

107 3252 248 3319 tumultu
266 3253 391 3318 misceri
409 3273 523 3339 agmen
540 3252 659 3329 videre,
674 3253 766 3339 equis
784 3252 921 3317 maxime
940 3252 1159 3327 consternatis,

131 3337 264 3426 uicquid
275 3339 463 3404 adiecissent
472 3339 532 3425 ipsi
548 3339 683 3415 terroris,
696 3338 770 3402 satis
779 3337 1003 3425 adperniciem
1012 3335 1079 3400 fore
1088 3336 1159 3413 rati,

85 3439 100 3488 5
134 3425 240 3490 ‘versis
265 3425 407 3512 rupibus,
430 3425 521 3489 iuxta
542 3424 628 3488 invia
649 3445 685 3488 ac
708 3423 801 3488 devia
827 3421 953 3498 assueti,
976 3421 1159 3486 decurrunt.

109 3610 150 3659 cui
162 3609 192 3658 L.
199 3609 385 3658 Manliusatc.
393 3608 484 3658 Atilius
495 3613 618 3670 praetores
684 3609 875 3671 sldstymts'bur
895 3608 924 3656 in
943 3608 1036 3670 priuos
1057 3609 1158 3669 amaa}

109 3679 246 3787 patrarant,
265 3673 291 3724 iu
312 3673 343 3724 iis
363 3672 424 3722 locis
445 3678 524 3722 castra
545 3673 618 3722 babe-
652 3673 707 3723 Pol.
719 3671 804 3785 {iffi-⁰⁶
863 3736 897 3785 ad
916 3737 1017 3784 viam
1034 3735 1098 3795 lm]
1125 3750 1152 3784 w

776 3752 797 3785 u
1152 3769 1160 3784 0

141 3815 157 3866 9
173 3801 325 3864 Praecepta]
348 3798 439 3849 Auium
455 3799 619 3862 praecognita.
653 3755 752 3863 Iadatis
760 3752 934 3862 suffroniam
945 3813 971 3848 ss
982 3800 1057 3847 ducas
1067 3797 1161 3848 itineris

110 3865 191 3915 Gur.
652 3865 703 3912 lore
713 3863 813 3925 professi
825 3864 928 3912 merant.
946 3862 1032 3912 suos.

145 3943 155 3976 1
171 3929 388 3990 Torrldasripors]
408 3926 503 3976 Passim
510 3929 619 3986 κη’,αηι-
684 3941 698 3988 5
714 3929 827 3978 Diversis
836 3927 953 3988 rupidus]
972 3925 1023 3974 alii
1036 3928 1161 3988 marsis

109 3991 175 4051 burt,
193 3995 282 4041 ωηατ·
300 3992 332 4041 da
352 3991 440 4054 frigore
461 3991 560 4053 plantas
578 4005 619 4038 cu·
650 3993 761 4054 mpibsu.
783 3989 921 4039 Gronovius
931 3990 1062 4051 legandum
1073 3991 1160 4038 suadet

108 4062 210 4116 temque
220 4055 327 4104 hominis
337 4055 459 4105 laedente.
480 4054 511 4104 cf.
521 4053 619 4103 interl.
649 4071 696 4117 per
711 4063 865 4104 marrae
877 4069 961 4128 rupes,
972 4053 1073 4101 foruna
1088 4051 1162 4102 nimis

109 4115 619 4182 45.Plin.H.N.iii.so.Tac.Ann.xiii.35.
653 4119 777 4178 audacter,
797 4124 826 4166 ut
847 4115 971 4168 canario
992 4115 1096 4175 ridetur,
1118 4115 1161 4178 qui

142 4184 251 4232 alnon*
339 4183 351 4241 ]
380 4185 571 4246 Inanimatapua
589 4197 620 4230 ax
652 4183 796 4231 ἀίσσω-απ(
812 4180 902 4230 scribit
934 4181 1035 4230 Diversi
1048 4181 1162 4242 rupibus,

108 4199 411 4362 {seqendstiriiidilionovii
427 4246 535 4309 reposuit
552 4245 617 4296 Beli·
650 4247 728 4359 iiiii
744 4247 810 4296 inuio
831 4261 861 4294 ao
881 4245 958 4304 deuia
975 4243 1162 4340 reponit'Wal·
