2966 4778
360 231 452 298 LIB.
482 232 614 300 xxm
647 233 758 300 CAP.
783 239 834 300 33.
1062 239 1125 303 15⁷

80 373 89 404 ‘
101 363 165 440 Qui
174 387 241 430 non
253 364 435 444 invexisset,
448 368 516 432 eius
527 391 561 433 se
572 391 684 455 agrum
697 369 934 456 populaturum,
946 393 1052 436 servos
1066 371 1126 436 sub
1137 384 1172 438 U.
1182 384 1212 436 c.
1230 395 1285 448 537.

79 451 185 516 ‘hasta
210 453 426 530 venditurum,
454 453 542 518 villas
568 455 791 521 incensurum’
847 456 900 522 Ne
929 451 1167 544 praetoribus*
1183 450 1214 500 ⁰·
1228 463 1286 512 ²¹⁵·

75 537 216 624 quidem,
232 539 291 624 qui
312 540 355 603 ad
369 540 418 604 ius
432 540 606 605 dicendum
621 543 718 607 oresti
739 555 838 620 erant,
854 544 976 608 vacatio
992 545 1032 610 ab
1050 543 1127 609 belli

77 625 347 690 administratione
362 625 437 690 data
450 639 507 691 est
553 626 718 693 Valerium
732 643 911 716 praetorem
925 630 961 696 in
974 629 1127 718 Apuliam

77 711 120 774 ire
159 710 270 788 lacuit,
285 711 325 776 sd
348 713 524 777 exercitum
546 737 566 778 a
588 713 741 779 Terentio
763 716 1002 803 accipiendum:
1026 739 1127 803 quum

74 819 115 860 ex
131 733 242 861 dicitis
260 797 401 884 legiones
415 799 584 877 venissent,
599 799 639 864 iis
658 801 857 888 potissimum
872 803 920 867 uti
934 803 975 866 ad
989 803 1127 889 regionis

56 883 141 954 seius
150 883 365 983 praesidium:
391 885 622 950 Terentianum
634 887 717 951 mitti
728 910 802 951 cum
818 887 925 975 aliquo
940 887 1125 975 legatorum.

55 968 119 1037 sEt
127 969 244 1069 viginti
259 971 402 1057 quinque
412 995 509 1036 naves
518 971 556 1037 P.
567 971 696 1037 Valerio
707 973 799 1038 datae
814 987 898 1052 sunt,
910 975 1028 1061 quibus
1039 995 1127 1039 oram

76 1057 266 1120 maritrmam
291 1058 375 1122 inter
398 1057 604 1124 Brundisium
631 1081 668 1123 ac
691 1059 867 1124 Tarentum
890 1061 987 1125 tutari
1011 1071 1126 1148 posset

75 1141 137 1206 Par
145 1143 277 1207 navium
290 1166 441 1208 numerus
458 1143 499 1220 Q.
513 1145 626 1210 Fulvio
640 1147 777 1232 praetori
790 1147 910 1212 urbano
925 1145 1072 1212 decretus
1087 1146 1129 1212 ud

76 1229 510 1296 suburbanalitoratutanda
559 1231 598 1296 C.
610 1231 763 1298 Terentio
772 1233 953 1320 proconsuli
962 1234 1128 1320 negotium

77 1314 195 1393 datum,
212 1329 251 1381 ut
265 1317 300 1380 in
315 1317 436 1382 Piceno
455 1340 531 1404 agro
545 1340 604 1383 con
629 1319 811 1384 uisitionem
826 1319 965 1385 militum
984 1319 1126 1396 haberet,

77 1399 217 1488 locisque
233 1403 274 1466 iis
288 1403 446 1489 praesidio
460 1417 551 1469 esset
599 1342 642 1469 lit
657 1404 697 1469 T.
712 1404 867 1470 Otacilius
884 1404 1026 1482 Crassus,
1042 1418 1129 1493 post-

77 1509 169 1573 quam
185 1489 301 1553 aedem
314 1489 436 1554 Mentis
451 1491 485 1554 in
499 1490 660 1578 Capitolio
673 1491 842 1569 dedicavit,
855 1492 889 1556 in
903 1491 1043 1558 Siciliam
1054 1513 1138 1557 oum·

77 1573 117 1636 im
160 1575 219 1653 rio,
236 1576 295 1662 qui
306 1575 396 1641 classi
411 1589 578 1662 praeesset,
590 1577 712 1642 missus.

118 1597 260 1726 iiihanc
270 1661 508 1727 dimicationem
519 1661 655 1728 duorum
667 1663 978 1752 opulentissimorum
989 1664 1024 1729 in
1038 1665 1129 1730 terris
1186 1671 1194 1692 ‘
1228 1713 1237 1730 .

77 1747 269 1844 populorum
298 1771 409 1813 omnes
509 1772 524 1812 s
552 1761 728 1837 gentesque
756 1751 878 1816 animos
904 1750 1126 1816 intenderant:

58 1845 158 1904 rrnter
173 1857 258 1920 quos
279 1771 685 1922 Philippuffiaeedonum
706 1859 774 1914 rex,
790 1859 829 1902 eo
844 1836 953 1924 magis,
969 1859 1034 1923 quo
1055 1859 1130 1924 pro-

78 1919 146 2004 pior
164 1919 290 1998 Italiae,
306 1943 343 1986 ac
365 1922 444 1986 mari
459 1933 583 1986 tantum
606 1921 699 1987 Ionio
720 1923 876 1988 discretus
897 1935 973 1987 erat.
1019 1921 1052 1986 Is
1072 1921 1129 1986 ubi

100 2004 212 2070 rimum
229 2007 316 2071 fama
335 2007 466 2094 accepit,
484 2006 700 2073 Hannibalem
719 2009 820 2096 Alpes
839 2023 1077 2094 transgressum,
1092 2019 1130 2072 ut

116 2089 159 2157 llo
184 2094 272 2158 inter
296 2093 458 2158 Romanos
482 2092 694 2179 Poenumque
717 2107 787 2159 orto
812 2094 947 2159 laetatus
972 2107 1049 2170 erat,
1073 2093 1128 2170 its,

58 2177 177 2245 autrius
196 2178 311 2267 populi
333 2179 443 2245 mallet
456 2178 620 2245 victoriam
635 2203 714 2257 esse,
729 2180 858 2246 incertis
880 2181 985 2244 adhuc
998 2180 1127 2256 viribus,

78 2262 249 2332 fluctuatus
260 2266 367 2330 animo
376 2266 502 2330 suerat.-
534 2265 709 2353 Postquam
723 2267 814 2331 tertia
826 2266 889 2330 iam
901 2289 926 2366 p
994 2289 1021 2343 a,
1036 2267 1129 2331 tertis
1138 2259 1271 2339 Platiprius

78 2349 206 2417 victoris
220 2375 297 2418 cum
305 2351 424 2417 Poenis
438 2365 516 2430 erat,
532 2351 572 2416 sd
587 2353 745 2416 fortunam
761 2351 934 2429 inclinavit,
957 2365 1128 2440 egstosque
1136 2355 1180 2452 ἴθ’(
1187 2341 1288 2454 {1⁰:⁰⁹⁶-

78 2435 119 2499 sd
144 2436 363 2504 Hannibalem
385 2438 487 2503 misit:
518 2438 584 2527 qui,
605 2439 741 2504 vitantes
764 2451 875 2526 portus
897 2438 1129 2504 Brundisinum
1138 2420 1257 2517 „fielium

81 2520 365 2612 Tarentinumque,
386 2526 463 2611 quia
483 2524 635 2590 custodiis
653 2525 782 2590 navium
803 2525 1021 2590 Romanarum
1039 2538 1130 2591 tene-
1139 2532 1270 2582 Harmas

79 2607 202 2689 bantur,
213 2611 256 2678 ad
265 2611 417 2676 Laciniae
427 2611 561 2677 Iunonis
575 2611 730 2699 templum
743 2611 777 2674 in
789 2624 905 2676 terram
916 2612 1033 2700 egressi
1044 2624 1127 2678 sunt.
1138 2598 1196 2648 ¹⁰¹³·

81 2691 159 2761 Inde
170 2721 230 2785 per
241 2697 392 2784 Apuliam
403 2710 549 2784 petentes
565 2697 722 2784 Capuam,
734 2698 840 2763 media
850 2698 886 2762 in
896 2698 1054 2786 praesidia
1062 2699 1130 2765 Ro-
1188 2783 1192 2788 ,.

81 2799 172 2848 mana
192 2784 274 2848 illati
295 2796 386 2848 sunt:
418 2783 613 2872 deductique
635 2784 677 2850 ad
699 2783 747 2849 M.
764 2783 929 2850 Valerium
951 2785 1130 2850 Laevinum

60 2895 75 2943 9
102 2883 267 2947 raetorem,
283 2870 368 2934 eirea
381 2869 551 2934 Luceriam
567 2883 668 2935 castra
687 2870 867 2937 habentem.
906 2869 956 2936 Ibi
970 2871 1129 2958 intrepide

115 2977 175 3021 eno
198 2957 299 3020 hanes
307 2955 473 3042 legationis
488 2957 646 3043 princeps,
661 2979 681 3020 a
692 2957 842 3043 Philippo
857 2979 931 3043 rege
943 2980 976 3020 se
988 2958 1129 3034 missurn,

81 3037 132 3117 ait,
142 2980 198 3106 ariJ
199 3042 370 3106 amicitiam
382 3042 629 3128 societatemque
641 3043 835 3129 iungendam
845 3065 918 3107 cum
932 3041 1052 3129 populo
1062 3041 1130 3107 Ro·

82 3143 183 3206 mano,
194 3127 345 3193 mandata
359 3128 475 3192 habere
491 3127 531 3192 sd
547 3128 692 3192 consules
703 3150 739 3192 ao
749 3141 896 3193 senatum
910 3128 1130 3215 populumque

83 3207 274 3278 Romanum.
299 3212 878 3290 Praetor,interdesectionesveterum
887 3213 1132 3278 sociorumnova

84 3298 231 3365 societate
242 3312 306 3364 tarn
318 3300 395 3364 clari
405 3300 488 3386 regis
499 3299 601 3364 laetus
615 3299 798 3376 admodum,
808 3299 915 3363 hostes
929 3322 986 3386 pro
997 3298 1131 3387 hospiti-

82 3377 139 3447 bus
159 3383 293 3450 comite'r
316 3386 454 3473 accepit:
486 3385 551 3464 dat,
574 3386 631 3471 qui
653 3397 893 3471 prosequantur,
915 3384 1030 3449 itinera
1055 3407 1131 3450 cum

84 3488 157 3535 cura
170 3471 399 3549 demonstrent,
415 3494 497 3558 quae
513 3471 591 3548 loca,
608 3492 752 3557 quosque
767 3470 873 3546 saltus,
884 3482 939 3535 sut
955 3471 1130 3549 Romanus,

85 3567 138 3620 aut
151 3557 258 3623 hostes
273 3572 412 3624 teneant.
458 3557 677 3644 Xenophanes
691 3580 749 3643 per
762 3555 920 3644 praesidis
934 3555 1083 3622 Romans
1095 3557 1131 3620 in

120 3786 133 3836 5
152 3779 325 3852 Terssuiaaum
341 3779 422 3852 muru·
446 3775 590 3851 Erercitum
657 3777 874 3839 moramque
883 3776 997 3852 μορίῳ]
1012 3775 1052 3823 Ita
1060 3775 1132 3826 Cres.

87 3834 591 3954 l⁰fftlttldt¹ltfflatltlrtt
623 3839 994 3952 uldilss'sslttlfflw
1005 3839 1132 3892 ΒΜ

86 3917 190 4027 Puggnms
208 3968 341 4017 ostendisse
359 3968 405 4016 sibi
424 3967 520 4016 vidstur
538 3967 590 4016 Du·
659 3967 796 4018 81nosrtt's
811 3969 892 4016 oddus
908 3969 1015 4028 viridate]
1045 3967 1132 4044 Quum

87 4025 135 4078 ker,
157 4032 198 4094 qui
222 4035 354 4082 Tarentum
374 4033 438 4081 mira
460 4031 590 4094 legendum
623 4032 732 4080 nondum
748 4037 942 4091 constaret,uter
957 4033 1132 4095 populusrrn-

84 4094 175 4145 suadet.
261 4163 266 4174 ι
623 4096 669 4144 bus
678 4101 818 4157 praestaret.
861 4161 866 4174 ο

87 4155 590 4329 perstruamus:
622 4159 1049 4286 ,astusastus

88 4295 166 4341 putes
176 4303 302 4339 ruvereus.
