2866 4770
337 219 402 282 att
722 215 836 282 ΤΙΤΙ
865 216 1003 284 LIVII

253 395 260 410 .
276 369 331 422 54⁷·
339 374 443 418 arcem
458 364 559 430 erant,
568 352 719 430 sublatus,
728 353 886 420 incertum
902 354 988 420 unde
1003 353 1187 434 accidisset,
1197 358 1379 422 omninum
1431 413 1432 432 ,

290 435 331 486 ⁰⁵·
340 451 476 526 augente
502 451 658 504 nocturno
685 439 835 518 tumultu,
859 439 992 506 sccioeet.
1040 440 1160 528 Itaque
1182 442 1282 542 'velut
1305 444 1380 532 plen

339 527 402 590 iam
424 525 563 590 hostium
586 547 657 591 arce
677 526 779 590 ten-iti
792 525 905 604 Poeni,
921 527 1036 592 omioeo
1054 542 1251 607 certamine,
1266 531 1302 594 in
1321 531 1379 594 altr·

339 633 406 676 ram
421 633 526 678 arcem
536 611 633 697 (duae
648 625 723 676 suut
737 612 825 676 haud
839 613 976 678 multum
990 614 1076 678 inter
1088 637 1125 678 se
1135 613 1378 702 distantum

339 699 474 786 fugiunt.
522 698 686 786 Oppidani
704 698 817 762 urbem
836 699 1006 777 habebant,
1020 698 1204 766 victoribus
1222 704 1378 789 praemim

339 784 374 849 in
398 785 504 850 medio
525 785 668 872 positam.
715 783 768 848 Ex
794 784 918 850 arcibus
942 785 1065 850 duabus
1089 787 1230 872 proeliis
1256 788 1378 874 quotidie

339 870 463 937 levibus
484 871 670 936 certabatur.
719 867 761 945 Q
772 870 949 936 Pleminius
964 870 1124 949 Romano,
1142 872 1316 938 Hamilcar
1330 873 1379 938 Pu·

339 958 413 1023 nico
461 957 595 1022 raesidio
619 969 782 1044 praeerat:
814 971 1006 1022 arceoeentcs
1028 979 1070 1022 ex
1095 960 1299 1059 propinquis
1320 960 1379 1024 lotis

339 1045 457 1109 subsi'
496 1044 602 1130 copias
623 1045 790 1130 augebant
836 1042 909 1130 Ipse
923 1055 1082 1144 postremo
1097 1046 1258 1112 veniebat
1274 1045 1379 1110 Humi

339 1129 408 1195 bale
432 1153 493 1195 nec
507 1130 730 1196 sutinuissent
744 1128 895 1206 Romani,
907 1129 967 1194 msi
979 1128 1198 1196 Locrensium
1214 1131 1378 1208 multitado,

339 1217 528 1368 exqcerbata
542 1215 689 1303 superbia
703 1227 798 1304 atque
814 1215 945 1280 avaritia
958 1215 1154 1295 Poenorum,
1172 1218 1219 1282 ad
1235 1218 1379 1284 anmoe

339 1325 392 1368 mc
404 1303 530 1368 inesset.

261 1436 269 1452 .
385 1389 528 1478 Scipioni
549 1403 586 1453 ut
606 1384 788 1453 nuntiatum
810 1400 868 1466 cst,
883 1388 918 1452 iu
939 1387 1056 1454 maiore
1076 1387 1275 1456 discrimine
1289 1391 1381 1457 Im'n

339 1497 406 1541 tem
431 1477 521 1553 verti,
549 1475 716 1562 ipsumque
745 1473 959 1540 Hannibalem
984 1474 1180 1553 adventrum
1212 1500 1260 1542 ne
1284 1479 1383 1565 prami-
1431 1497 1432 1546 l

338 1562 429 1627 dium
446 1562 542 1626 etiarn
601 1561 800 1638 riclitaretur,
815 1560 902 1626 haud
919 1559 1003 1626 facili
1021 1561 1096 1625 inde
1115 1583 1194 1628 rece
1220 1577 1271 1642 tu,
1286 1567 1382 1651 etipse

338 1671 358 1712 a
372 1648 531 1724 Messana,
548 1583 600 1712 lle
600 1647 748 1734 Scipione
763 1648 857 1712 frene
873 1647 908 1710 in
922 1647 1078 1734 praesidio
1093 1648 1140 1712 ibi
1155 1585 1288 1726 resscto,
1300 1663 1397 1738 quant

337 1735 476 1823 primum
499 1747 587 1799 aestu
603 1735 721 1801 fretum
740 1733 929 1799 inclinatum
952 1745 1010 1810 est,
1028 1755 1126 1798 naves
1146 1735 1235 1800 mari
1256 1735 1397 1804 oecundot

338 1821 432 1887 misit.
479 1820 522 1886 Et
540 1819 713 1897 Hannibal,
736 1843 756 1884 a
778 1819 914 1885 Butroto
937 1819 1024 1884 amni
1042 1819 1148 1905 (baud
1169 1822 1289 1908 procul
1311 1821 1382 1887 isab

338 1909 417 1974 urbe
443 1906 554 1972 locris
579 1906 683 1991 abest)
707 1906 822 1970 nuntio
847 1906 1027 1993 praemisso,
1052 1919 1089 1970 ut
1113 1907 1166 1971 sui
1193 1907 1273 1974 luce
1298 1910 1382 1996 pinu

338 2015 462 2060 summa
477 1993 507 2060 vi
526 1992 685 2094 proelium
701 2013 775 2056 cum
790 1991 945 2056 Romanis
959 2014 996 2056 ac
1012 1990 1236 2058 locrensibus
1250 2017 1383 2061 consert-

338 2094 420 2158 reut‚
432 2079 509 2144 dum
524 2101 602 2166 ipse,
615 2079 729 2143 aversis
744 2079 892 2144 omnibus
906 2078 941 2141 in
955 2100 1030 2143 eum
1045 2078 1239 2158 tumultum,
1252 2081 1296 2147 ab
1309 2097 1383 2166 tergo

338 2167 450 2232 urbem
476 2167 636 2230 incautam
659 2164 893 2252 aggrederetur,
915 2164 972 2229 ubi
995 2163 1065 2228 lucc
1091 2179 1250 2252 coeptam
1277 2167 1383 2232 invenit

338 2273 566 2354 pugnam,1pse
581 2273 642 2316 uec
656 2252 691 2314 iu
705 2273 810 2316 arcem
824 2273 858 2316 se
873 2248 1045 2327 includere,
1056 2251 1150 2314 turba
1165 2251 1282 2318 locum
1295 2269 1383 2318 artum

338 2335 1385 2513 ttttltmtttttttttlatttstauma

338 2512 391 2577 cul
416 2511 514 2576 muris
543 2510 585 2574 ad
614 2523 765 2574 terrorem
795 2508 934 2573 hostium
959 2507 1060 2572 aciem
1086 2511 1300 2590 osenfflaeet,
1324 2531 1385 2576 cum

338 2597 500 2684 equitibus
524 2595 675 2696 Numidis
704 2595 987 2682 circumequitabat
1014 2595 1138 2672 urbem,
1170 2595 1256 2662 dum
1287 2598 1385 2670 sulse,

338 2681 1141 2867 tffitttgltlttttttl'ffltttt
1173 2681 1387 2857 agal

338 2875 475 2932 murum,
485 2854 649 2941 scorpione
664 2854 738 2930 icto,
749 2853 806 2941 qui
820 2875 983 2940 pronatus
993 2875 1068 2918 eum
1078 2853 1159 2919 forte
1176 2869 1327 2933 steterat,
1336 2870 1402 2920 ter-¹

338 2942 418 3006 ritus
439 2940 515 3006 inde
538 2953 603 3005 tam
625 2939 802 3027 periculoso
816 2961 901 3016 casu,
915 2940 1058 3025 receptui
1072 2962 1192 3006 canere
1233 2965 1317 3008 uum
1335 2945 1387 3006 ius

338 3029 438 3106 sisset,
453 3039 554 3092 castra
576 3025 686 3114 procul
707 3026 747 3090 ab
769 3026 835 3090 ictu
857 3025 913 3090 teli
935 3025 1131 3090 communiit.
1183 3027 1214 3092 C
1285 3031 1294 3043 “
1331 3029 1389 3094 Ro

339 3135 433 3180 mana
454 3137 474 3178 a
495 3111 646 3180 Messana
663 3111 792 3190 Locros,
808 3110 930 3198 aliquot
951 3110 1036 3176 horis
1056 3111 1110 3176 die
1133 3127 1327 3200 superante„
1347 3137 1389 3179 sc

339 3201 448 3265 cessit:
476 3199 611 3286 expositi
638 3221 749 3262 omnes
774 3221 793 3262 e
816 3196 959 3275 navibus,
986 3209 1118 3262 etanta
1143 3221 1304 3266 occasum
1327 3201 1389 3265 sniis

338 3286 451 3350 urbem
470 3285 602 3373 ingressi
622 3298 705 3349 sunt
752 3285 884 3350 Postero
898 3282 951 3347 die
965 3297 1079 3371 coepta
1092 3307 1134 3348 ax
1149 3307 1227 3352 arce
1241 3309 1265 3351 a
1281 3287 1390 3354 Poenis

337 3394 463 3459 pugnat
487 3384 520 3435 et
539 3369 712 3448 Hannibal,
733 3370 797 3435 iam
820 3368 911 3434 scalis
936 3369 1067 3456 aliisque
1094 3372 1250 3437 omuibus
1276 3373 1321 3439 sd
1341 3395 1391 3458 op-

338 3456 566 3547 pugnationem
578 3457 704 3543 paratis,
716 3456 841 3522 subibat
852 3477 976 3522 muros:
1000 3478 1101 3542 quum
1111 3471 1252 3544 repente
1263 3460 1303 3526 in
1314 3481 1391 3534 eum,

338 3650 368 3700 iis
384 3651 504 3710 mblatus,
520 3649 562 3711 qui
579 3655 650 3698 extra
668 3661 749 3698 arcam
768 3653 846 3708 eraut,
878 3661 959 3710 squas
973 3653 1042 3698 aean
1058 3649 1164 3711 propelli
1182 3649 1211 3699 in
1226 3667 1289 3702 cem
1303 3659 1392 3715 pem

337 3717 435 3765 lecisset
451 3715 571 3764 incertum
589 3713 688 3774 Poenis,
702 3715 768 3787 unde
784 3713 846 3761 acci·
881 3716 983 3786 coeptae
1001 3720 1067 3773 arnt,
1083 3727 1166 3762 suuis
1185 3730 1267 3778 qum
1288 3715 1393 3780 sapient

338 3780 430 3839 disset3
452 3777 599 3828 cohibuisset
618 3777 715 3826 Poenos
734 3783 846 3835 incertos,
879 3777 1045 3838 navigandum
1056 3782 1114 3825 etat.
1132 3777 1218 3828 Cur.

337 3847 420 3891 unum
431 3843 463 3890 ab
474 3857 578 3900 arce,an
589 3840 716 3889 abvicinis
727 3840 777 3890 arci
787 3840 847 3888 locis
912 3855 928 3904 9
943 3843 1028 3890 Nasos
1041 3843 1105 3889 mori
1117 3843 1228 3890 mdo
1241 3845 1329 3905 nisit]
1348 3843 1393 3892 Ne
1429 3857 1430 3890 t

337 3905 602 3964 sccidinet‚noctumo
617 3905 726 3953 bimultu
740 3909 845 3967 augente
880 3919 922 3954 tes
938 3905 1050 3953 serendas
1065 3905 1178 3966 permin't
1195 3907 1261 3956 mari
1280 3909 1393 3958 neunda

337 3970 429 4028 omnia,
452 3968 526 4018 etism
549 3984 618 4018 vana
655 3967 773 4018 Similiter
790 3969 841 4017 lere
878 3969 905 4018 id
919 3967 1054 4030 est,motni
1068 3969 1332 4022 matisobsecatnns.
1365 3971 1392 4018 Et

338 4033 435 4082 locutus
456 4037 493 4080 est
515 4031 607 4092 Livius,
624 4031 677 4080 inlr.
695 4033 738 4082 xli
757 4047 778 4081 n.
811 4034 848 4082 Et
879 4033 1052 4096 intelligendus
1063 4031 1163 4095 estipsc
1174 4033 1265 4096 Scipio
1278 4035 1322 4084 his
1332 4035 1389 4084 mv]-

337 4096 489 4148 oonaarsotio
511 4097 539 4142 in
563 4099 662 4145 &rouro
686 4097 845 4146 {addulam
880 4098 925 4145 bns
944 4101 1028 4146 rectm
1044 4097 1126 4156 luisse,
1147 4103 1174 4144 nt
1194 4107 1301 4148 comt
1320 4115 1351 4148 ex
1368 4101 1392 4144 u·

337 4161 442 4210 altorum
454 4159 483 4204 t'n
495 4159 557 4206 ulios
569 4159 845 4220 loculamentum
878 4176 942 4221 quas
952 4165 1093 4222 sequuntur.
1109 4161 1193 4210 cm.

337 4221 593 4272 dettbs'ntraoallam
604 4227 670 4270 eust.
688 4224 770 4271 θην.
913 4239 923 4272 r
941 4225 1073 4286 Scorpium
1090 4226 1144 4284 iste,
1162 4227 1209 4288 pus·
1226 4261 1254 4274 ..
1268 4263 1276 4276 .
1290 4264 1300 4276 .
1313 4226 1389 4290 ferti

371 4286 386 4332 8
403 4287 484 4342 Qum
497 4285 604 4344 primum
618 4286 793 4356 ecstajretum
806 4289 843 4334 in-
879 4287 966 4344 Qnum
982 4287 1004 4336 is
1020 4287 1063 4362 qui
1079 4287 1141 4336 forta
1156 4290 1297 4349 proximus
1312 4293 1337 4340 ei
1352 4303 1390 4338 tte

338 4347 456 4396 etinctum
478 4347 526 4404 est]
553 4346 638 4400 Quum
662 4361 769 4408 primum
790 4348 845 4402 asti
879 4357 950 4409 terat,
961 4365 1087 4413 scorpione
1099 4351 1247 4404 tentant.
1267 4355 1355 4406 Οιετ.
