2888 4768
360 220 456 288 LIB.
480 221 609 289 XXIV.
639 222 751 291 CAP.
775 230 805 291 6.
1054 235 1112 297 181

60 357 124 421 bus
139 357 210 422 solis
225 357 330 423 aditus
340 359 373 423 in
389 361 520 426 domum
535 361 717 426 familiarior
728 373 805 440 erat,
817 363 1067 430 Andranodorus
1078 378 1112 432 et
1122 383 1156 434 U.
1167 385 1197 435 0,
1212 397 1268 448 537·

62 443 219 531 Zoippus,
228 446 339 532 generi
349 445 509 525 Hieronis,
520 460 553 512 ct
565 447 687 512 Thraso
698 449 839 535 quidam,
850 449 890 514 de
902 450 970 516 aliis
978 453 1110 540 quidem
1119 449 1150 498 Α·
1166 449 1196 500 ⁰·
1212 461 1267 513 ²¹5·

58 531 157 594 rebus
171 530 257 596 baud
277 555 467 621 magnopere
488 535 714 600 audiebantur:
738 536 902 601 tendendo
922 551 1029 604 autem
1044 539 1109 606 duo

58 617 103 680 ad
121 616 409 705 Carthaginienses,
420 620 543 686 Thraso
558 621 599 686 ad
610 621 791 686 societatem
808 622 996 703 Romanam,
1008 639 1109 692 certa·

56 703 149 768 minc
164 727 201 770 ac
215 705 327 770 studiis
348 706 509 772 interdum
525 707 559 771 in
575 731 607 772 se
630 709 858 773 convertebant
871 711 1012 776 animum
1030 713 1107 778 ado·

56 787 225 856 lescentis:
249 815 349 878 quum
360 794 545 872 coniuratio,
555 795 589 858 in
606 795 731 882 tyranni
740 808 836 882 caput
843 797 935 874 facta,
948 798 1106 865 indicatur
1114 823 1244 886 eonspira

56 898 117 962 per
135 875 301 942 Callonem
316 880 487 980 quendam,
503 881 668 968 aequalem
683 880 884 970 Hieronymi,
900 897 934 948 et
950 884 1014 948 iam
1028 886 1104 952 inde
1114 887 1148 936 tio
1159 888 1184 937 in
1195 889 1248 940 01'112

32 981 75 1028 sa
90 986 193 1050 puero
201 965 236 1029 in
251 987 358 1030 omma
367 967 532 1032 familiaria
542 968 611 1033 iura
624 982 792 1033 assuetum.
838 968 941 1034 Index
952 994 1053 1036 unum
1064 995 1105 1039 ex
1113 958 1195 1016 ΨΜ*

54 1050 230 1116 coniuratis
245 1050 459 1132 Theodotum,
471 1078 491 1119 a
504 1077 569 1141 quo
583 1055 650 1142 ime
665 1054 841 1143 appellatus
854 1070 930 1134 erat,
941 1059 1104 1126 nominare

53 1137 172 1222 potuit.
214 1138 279 1213 Qui
289 1141 534 1228 comprehensus
546 1141 716 1228 extemplo,
727 1141 922 1230 traditusque
932 1143 1104 1212 Andrano-

53 1223 138 1288 doro
149 1225 352 1312 torquendus,
363 1227 404 1292 de
419 1251 452 1294 se
466 1228 534 1315 ipsc
545 1226 633 1294 haud
646 1241 834 1295 cunctanter
845 1229 952 1308 fassus,
961 1233 1104 1298 conscios

53 1310 188 1376 celabat.
233 1313 407 1392 Postremo,
446 1337 523 1379 unm
538 1315 685 1381 omnibus
707 1315 913 1381 intolerandis
931 1319 1103 1404 patientiae

53 1395 215 1464 humanae
230 1338 633 1481 cmciatibuslaceraremr‚
649 1403 767 1467 victum
787 1402 877 1468 malis
891 1426 925 1468 se
940 1404 1101 1484 simulans,

53 1485 173 1549 avertit
193 1486 233 1550 ab
254 1487 387 1552 consciis
409 1489 444 1550 iu
465 1488 606 1554 insontes
627 1488 791 1567 indicium,
815 1489 1013 1556 'Pbrasonem
1034 1515 1101 1558 esse

53 1584 217 1636 auctorem
232 1573 354 1638 consilii
369 1575 529 1653 mentitus,
545 1598 615 1653 nec,
631 1575 691 1640 nisi
711 1587 776 1640 tam
791 1576 914 1663 potenti
928 1576 1010 1642 duce
1025 1601 1103 1644 con·

29 1657 139 1735 9fisos,
155 1681 222 1724 rem
242 1672 361 1725 tantam
376 1684 505 1726 ausuros
519 1663 558 1727 ab
577 1662 674 1727 latere
695 1664 832 1750 tyranni,
847 1686 983 1751 quorum
997 1665 1101 1753 capita

52 1744 205 1809 vilissima
239 1747 373 1834 fingenti
409 1748 494 1813 iuter
529 1747 653 1814 dolores
729 1749 787 1814 mit
848 1772 888 1814 ue
924 1773 1097 1817 occurrere.

53 1829 201 1896 Maxime
221 1833 327 1898 animo
342 1835 470 1921 tyranni
484 1835 634 1900 credibile
649 1835 683 1900 in
709 1836 803 1900 'cium
849 1835 941 1902 hraso
955 1838 1101 1904 nomina·

54 1927 103 1982 tus
119 1917 204 1982 fecit.
250 1917 363 2006 Itaque
378 1921 538 2008 extemplo
553 1921 688 1986 traditur
706 1922 748 1987 ad
762 1922 969 2010 supplicium:
993 1923 1100 1989 adiec-

33 2004 145 2090 1tiquc
168 2028 289 2092 poenae
315 2008 413 2072 ceteri
440 2009 531 2073 iuxta
559 2008 707 2073 insontes
755 2008 964 2073 Consciorum
992 2032 1097 2090 nemo,

52 2112 155 2240 quum
175 2092 231 2157 diu
252 2094 355 2158 socius
376 2094 498 2158 consilii
520 2108 728 2180 torqueretur,
744 2108 799 2158 aut
821 2094 921 2173 latuit,
937 2108 993 2160 aut
1006 2096 1096 2184 fugit.

83 2190 197 2243 autum
208 2179 269 2243 illis
283 2180 317 2243 in
332 2180 449 2245 virtute
471 2180 587 2246 aclide
603 2179 760 2244 Theodoti
777 2180 911 2246 fiduciae
926 2181 1002 2246 fuit:
1027 2196 1099 2247 tan·

52 2275 187 2351 tumque
202 2265 262 2353 ipsi
278 2266 447 2331 Theodoto
461 2267 576 2331 virium
590 2265 631 2331 ad
642 2267 965 2332 arcanaoccultanda.

94 2350 156 2429 Ita,
173 2353 259 2439 quod
278 2375 379 2417 unum
393 2352 555 2418 vinculum
576 2375 650 2418 cum
666 2352 819 2418 Romanis
841 2353 997 2419 societatis
1019 2368 1096 2434 erat,
1163 2372 1192 2434 6,

52 2436 219 2504 Thrasone
234 2439 356 2505 sublato
375 2439 524 2518 emedio,
540 2439 701 2528 extemplo
722 2439 918 2506 hauddubie
934 2441 975 2505 ad
989 2441 1098 2508 desec-

51 2525 173 2589 tionem
192 2547 242 2590 res
262 2527 438 2613 spectabat:
461 2526 557 2612 legati
580 2549 622 2592 ue
642 2527 685 2592 ad
707 2525 922 2593 Hannibalem
944 2528 1040 2606 missi,
1058 2552 1143 2603 acad
1155 2555 1251 2605 Hanni-

29 2611 172 2676 :remissi
194 2613 234 2677 ab
256 2635 295 2677 eo
315 2635 388 2677 cum
411 2550 603 2691 Hannibale,
618 2613 718 2679 nobili
739 2614 950 2692 adolescente,
969 2613 1015 2678 Hi
1038 2620 1183 2703 po-bqlem
1194 2621 1230 2670 in·

50 2712 151 2763 crates
173 2711 206 2763 et
232 2698 401 2788 Epicydes,
416 2700 483 2764 nati
505 2699 709 2788 Carthagine,
725 2700 782 2766 sed
796 2701 922 2766 oriundi
944 2701 984 2768 ab
1022 2683 1187 2791 yra-chm‘*

49 2785 134 2850 cusis
159 2785 268 2850 exsule
298 2807 366 2864 avo,
390 2787 493 2851 Poeni
517 2787 578 2874 ipsi
603 2799 746 2852 materno
773 2809 899 2875 genere.
944 2788 1010 2853 Per
1031 2790 1095 2872 hos

49 2869 160 2936 iuncta
170 2873 300 2938 societas
311 2872 530 2939 Hannibaliac
542 2872 736 2961 Syracusano
746 2885 900 2960 tyranno:
924 2877 1093 2942 neciuvito

50 2955 232 3024 Hannibale
242 2959 328 3046 apud
342 2975 513 3048 tyrannum
524 2974 716 3025 manserunt
761 2961 824 3046 Ap.
840 2960 994 3026 Claudius
1025 2985 1094 3026 rae-

50 3058 108 3123 tor,
122 3046 212 3109 cuius
229 3045 336 3112 Sicilia
349 3046 511 3133 provincia
524 3059 599 3123 erat,
612 3046 668 3110 ubi
682 3069 721 3110 ea
733 3047 865 3133 accepit,
877 2984 1036 3134 extemplo
1048 3045 1093 3114 le·

48 3131 188 3216 gatosad
200 3131 435 3220 Hieronymum
444 3133 543 3196 misit:
567 3133 632 3218 qui,
643 3154 743 3218 quum
752 3154 818 3197 sese
829 3133 1091 3199 adrenovandam
1100 3156 1185 3220 Legae

47 3218 241 3296 societatem,
251 3241 333 3319 quae
347 3240 421 3283 cnm
435 3241 493 3282 avo
507 3217 625 3296 firisset,
635 3219 756 3283 venisse
771 3218 923 3295 dicerent,
937 3242 995 3307 per
1008 3219 1091 3283 ludi·
1101 3221 1174 3296 Rom.
1182 3239 1229 3298 ¹rer

49 3303 153 3370 brium
168 3305 269 3370 auditi
283 3305 466 3392 dimissique
482 3317 557 3369 sunt
578 3306 617 3370 ab
632 3319 803 3392 quaerente
818 3328 875 3392 per
889 3305 994 3370 iocum
1009 3285 1231 3400 Hie-lssdffi?

48 3412 192 3480 ronymo,
217 3401 316 3479 ‘quac
331 3391 458 3457 fortuna
473 3391 512 3456 iis
533 3413 659 3479 pugnae
677 3391 719 3455 ad
741 3390 869 3456 Cannas
883 3390 1015 3456 fuisset?
1035 3393 1089 3458 vix
1098 3413 1150 3463 diti.

49 3479 233 3544 ‘credibilia
251 3479 337 3544 enim
358 3479 479 3567 legatos
498 3476 689 3542 Hannibalis
710 3499 844 3542 narrare.
890 3476 993 3556 Velle,
1011 3480 1091 3566 quid

79 3667 95 3714 8
111 3667 258 3715 Familiaria
275 3668 333 3715 tara
349 3668 484 3726 armatam]
507 3669 553 3714 Aa·
588 3683 608 3715 r.
620 3665 643 3714 6.
661 3665 694 3714 ix.
708 3681 744 3728 13.
761 3664 830 3715 xxiii.
843 3667 880 3716 28.

46 3737 169 3792 sumptam
176 3745 220 3793 pro
228 3740 351 3781 cantatam
359 3731 488 3794 legendum
498 3746 553 3779 con·
622 3731 717 3779 abiam
737 3733 889 3790 Hannibale,
911 3732 985 3780 nobili
1011 3733 1088 3783 adole·

47 3793 104 3842 iecit
124 3795 257 3844 Ruhnken.
275 3796 307 3843 ad
324 3795 391 3845 Vell.
411 3795 508 3844 Patere.
528 3793 552 3843 ii.
584 3794 856 3854 wmueJQuumhnim
864 3795 1012 3845 Hannibalis
1020 3811 1088 3846 men·
1151 3804 1154 3812 '

49 3873 85 3922 29.
584 3859 749 3920 tionusquam
764 3858 824 3908 alibi
840 3862 1089 3918 occurratabeoden

78 3939 94 3986 9
110 3925 223 3974 Anauros
239 3925 269 3973 ab
286 3925 361 3973 latere
379 3925 493 3985 manni]
512 3923 552 3971 Ab
583 3924 726 3972 Hannibale
735 3925 993 3974 mbtleradoleaoentaa
1007 3926 1087 3988 legeu-

47 3987 235 4036 Iatercalicuius
245 4003 297 4036 ease
308 3987 430 4045 dicuntur,
441 3988 482 4049 qni
495 3991 552 4035 sunt
584 3987 643 4035 dnm
660 3987 754 4036 oennrit
769 3987 851 4050 Sigon.
883 3988 931 4037 Sed
947 4005 1022 4051 quum
1039 3990 1087 4039 Po-

48 4049 98 4098 eius
108 4052 247 4110 familiares,
257 4058 282 4100 et
293 4051 346 4100 eius
358 4052 502 4113 plerumque
516 4058 551 4098 te.-
584 4051 663 4113 lybius
671 4050 709 4101 vii.
719 4067 740 4100 a.
752 4052 817 4100 hunc
828 4052 908 4114 iprum
919 4054 1088 4103 Hannibalem

47 4121 107 4175 gunt
122 4116 205 4166 latera.
240 4116 373 4165 Eddantc
384 4115 491 4166 Gronov.
506 4131 551 4163 aa·
583 4121 709 4174 memoret,
730 4115 797 4163 haud
817 4116 919 4165 dubium
938 4118 1041 4176 videtur,
1057 4117 1087 4165 il·

46 4195 120 4230 raror.
144 4182 183 4229 Ab
206 4182 280 4231 latere
302 4181 359 4231 inde
378 4197 418 4230 eor
439 4183 550 4229 nominat
582 4180 643 4239 lum,
654 4185 784 4241 postquam
799 4180 939 4242 imperatori
951 4180 1086 4230 Hannibali

47 4246 227 4307 qraantqmd
239 4245 329 4295 Stroth.
340 4249 429 4304 serrat,
440 4242 550 4306 quamvis
581 4243 722 4292 mactatam
738 4244 847 4293 iunctam
862 4243 1018 4304 renuntiavit,
1032 4260 1085 4307 par·

49 4319 97 4356 usa
109 4310 183 4357 fidem
194 4310 216 4359 ei
228 4325 276 4358 non
287 4307 386 4358 faciant.
582 4311 619 4356 tas
634 4307 715 4356 nullas
734 4307 876 4369 eucapiae,
889 4312 915 4357 et
930 4308 1021 4357 idcirco
1037 4324 1087 4358 non

82 4372 188 4423 rOeteri
203 4376 275 4424 tacta
291 4375 409 4432 tancmer]
435 4371 548 4433 ctSupr.
581 4371 914 4433 ampliuscommemoratnm
925 4371 1006 4422 fuisse.
