2874 4772
336 210 434 278 LIB.
457 211 587 280 XXVI.
622 211 734 280 CAP.
758 217 810 280 21.
1035 219 1100 283 305

47 348 147 412 mixta
161 368 201 412 ex
216 347 304 411 omni
318 370 437 434 genere
452 348 618 414 hominum
633 349 836 415 absumebat:
860 360 896 414 ut
911 351 991 416 arcis
1005 373 1099 439 prac-
1108 365 1142 416 U.
1153 365 1185 418 ο.
1200 379 1255 430 54¹·

44 432 162 497 sidium
181 433 277 498 etiam
298 434 367 499 sine
386 435 522 514 invecto,
538 435 613 522 quia
627 437 722 535 pauci
739 448 839 512 erant,
855 459 896 501 ex
916 449 989 504 ante
1004 431 1136 525 prae-A·
1153 431 1183 486 ⁰·
1199 445 1255 486 ²¹¹·

44 531 155 606 parato
169 521 338 584 sustentari
357 533 480 608 posset;
504 521 687 587 Tarentinis
706 519 860 609 classique
875 545 916 587 ne
932 523 1094 588 invectum

93 604 176 670 ‘dem
196 606 361 670 sufficeret
408 606 555 672 Tandem
579 608 697 673 maiore
738 607 826 685 retia,
842 629 938 695 quam
953 624 1094 686 venerat,

14 715 31 748 2
43 628 151 756 blaesis
162 691 290 756 dimissa
301 706 358 757 cst.
405 693 547 758 Annona
560 692 648 758 haud
658 631 795 758 mulium
806 694 982 759 laxaverat:
1007 696 1093 782 quia,

40 793 166 842 remoto
178 777 336 842 maritimo
348 779 515 865 praesidio,
525 780 658 844 subvehi
669 780 865 844 frumentum
876 803 942 846 non
952 795 1086 868 poterat.

91 862 242 928 Eiusdem
254 865 380 929 aestatis
395 866 494 942 exitu,
506 864 554 929 M.
567 864 739 930 Marcellus
753 888 795 930 ex
812 865 919 930 Sicilia
932 867 1096 954 provincia
1151 875 1202 934 21.

39 973 145 1036 quum
163 950 203 1014 ad
222 951 333 1015 urbem
349 951 495 1027 venisset,
511 974 531 1015 a
552 949 591 1016 C.
604 951 663 1016 Cal
688 952 781 1016 urnio
803 965 947 1039 praetore
966 966 1094 1019 senatus
1103 959 1238 1007 Marcellus

39 1037 77 1100 ei
94 1036 136 1100 ad
154 1035 266 1101 aedem
286 1035 438 1102 Bellonae
459 1037 551 1102 datus
566 1050 621 1102 est
708 1038 833 1125 iquum
857 1039 1007 1104 derebus
1027 1037 1227 1135 asessemil}

38 1123 140 1209 gestis
161 1122 367 1201 disseruisset,
386 1135 519 1272 guastus
539 1123 655 1188 leniter
673 1146 739 1188 non
761 1147 850 1188 suam
873 1146 904 1188 m
947 1125 1094 1212 '‚quam
1133 1101 1223 1135 urm.

9 1207 385 1295 3militum,vicem,quo
417 1209 580 1297 provincia
589 1209 733 1274 confecta
741 1211 916 1275 exercitum
949 1235 966 1276 e
1011 1225 1093 1278 rtare

38 1317 110 1360 non
125 1292 273 1372 licuisset,
284 1295 464 1381 postulavit,
477 1311 513 1360 ut
528 1295 737 1383 triumphanti
752 1297 864 1360 urbem
879 1296 959 1362 inire
984 1298 1092 1364 iceret.

37 1379 86 1444 Id
100 1403 165 1445 non
176 1380 364 1468 impetravit.
413 1379 523 1456 Quum
535 1379 643 1446 multis
651 1381 755 1446 verbis
767 1393 873 1448 actum
883 1395 975 1461 esset,
985 1399 1093 1450 utrum

37 1466 150 1530 minus
171 1467 363 1544 conveniret,
379 1467 469 1532 cuius
490 1468 620 1532 nomine
643 1468 790 1545 absentis,
809 1469 850 1532 ob
872 1491 922 1532 res
943 1492 1092 1558 prospere

38 1552 144 1616 ductu
159 1553 226 1617 eius
246 1565 358 1640 gestas,
375 1553 564 1640 supplicatio
579 1553 708 1618 decreta
721 1553 812 1631 foret,
829 1567 862 1620 et
883 1554 944 1619 diis
963 1557 1093 1621 immor-

37 1638 159 1704 talibus
178 1639 304 1704 babitns
319 1639 430 1716 honos,
446 1640 476 1703 ei
491 1641 649 1727 praesenti
669 1662 785 1740 negare
801 1641 1015 1728 triumphum:
1040 1665 1092 1720 an,

7 1747 142 1811 squam
167 1725 290 1790 eadere
314 1726 490 1790 exercitum
516 1727 686 1791 successori
711 1727 882 1806 suasissent,
908 1729 1006 1815 quod,
1030 1730 1093 1794 nisi

35 1825 192 1876 manente
214 1812 248 1874 in
270 1812 433 1898 provincia
453 1811 547 1890 bello,
564 1835 629 1876 non
651 1812 884 1890 decerneretur,
905 1837 979 1878 eum
1002 1816 1094 1902 quasi

35 1896 201 1961 debellato
224 1898 319 1962 trium
342 1897 428 1975 hare,
447 1921 547 1984 quum
570 1899 737 1975 exercitus,
760 1899 847 1963 testis
869 1899 974 1964 meriti
996 1914 1092 1987 atque

34 1983 193 2048 immeriti
205 1921 369 2070 triumphi,
382 1985 522 2060 abesset3
546 1983 688 2048 medium
699 1984 812 2060 visum,
824 1997 861 2049 ut
875 2008 972 2049 ovans
980 1988 1094 2052 urbem

34 2069 147 2133 iniret.
192 2069 329 2134 Tribuni
371 2068 450 2134 lehis
470 2092 512 2134 ex
526 2069 712 2134 auctoritate
731 2083 858 2134 senatus
881 2071 921 2134 ad
937 2071 1093 2158 populum

4 2154 195 2232 studerunt,
211 2169 248 2220 ut
268 2155 316 2220 M.
370 2154 494 2232 arcello,
510 2177 575 2241 quo
595 2155 647 2219 die
663 2157 774 2220 urbem
795 2178 891 2220 ovans
912 2157 1017 2231 iniret,
1033 2157 1093 2222 im-

2 2241 166 2330 6perium
176 2253 266 2308 esset.
311 2240 431 2319 Pridie,
442 2263 539 2328 quam
551 2241 663 2306 urbem
677 2241 782 2318 iniret,
798 2240 833 2304 iu
844 2256 951 2307 monte
964 2243 1092 2308 Albano

33 2328 265 2415 triumphavit:
289 2327 365 2393 inde
375 2349 471 2393 ovans
486 2326 618 2392 multam
632 2350 708 2415 prae
723 2350 757 2392 se
766 2327 916 2415 praedam
930 2328 964 2392 in
980 2330 1092 2394 urbem
1121 2375 1127 2382 -

4 2413 159 2482 cintulit.
205 2415 290 2480 Cum
306 2415 472 2478 simulacro
487 2427 650 2501 captarum
667 2413 901 2501 Syracusarum,
914 2415 1091 2502 catapultae

31 2500 257 2587 ballistaeque,
274 2513 306 2566 et
327 2500 389 2565 alia
408 2500 516 2564 omnia
537 2500 747 2565 instrumenta
764 2498 839 2565 belli
861 2499 934 2578 lata,
950 2515 984 2566 et
1002 2503 1091 2602 pacis

31 2587 211 2651 diuturnae
225 2587 395 2687 regiaeque
407 2586 587 2674 opulentiae
602 2599 796 2665 ornamenta,
809 2587 932 2675 argenti
946 2611 982 2652 ae
1050 2611 1090 2654 ue

30 2671 205 2738 fabrefacti
227 2673 283 2750 ris,
306 2672 368 2737 aba
396 2672 550 2760 supellex,
573 2674 773 2761 pretiosaque
800 2675 904 2751 vestis,
928 2687 962 2739 et
991 2697 1046 2740 mu
1059 2689 1092 2746 ta

28 2757 162 2824 nobilia
191 2758 199 2773 ⁶
286 2759 402 2846 quibus
416 2759 500 2823 inter
514 2759 630 2846 primas
644 2759 800 2826 Graeciae
814 2761 907 2826 urbes
918 2759 1090 2849 Syracusae

30 2781 325 2911 ommeglgbhant
370 2844 512 2910 Punicae
536 2868 664 2946 quoque
688 2846 836 2912 victoriae
859 2847 996 2934 rignum,
1018 2859 1091 2912 octo

28 2931 131 2996 ducti
150 2930 320 3018 elephanti.
367 2931 411 2996 Et
430 2953 495 2995 non
515 2932 685 3000 minimum
698 2932 760 2998 suit
777 2931 995 3020 spectandum
1017 2955 1091 2998 cum

70 3134 214 3183 cDbuisra
224 3141 266 3184 ert.
293 3135 416 3194 Annona]
440 3133 549 3181 Dimim
581 3130 642 3180 inire
652 3133 738 3180 urbem
749 3146 798 3179 non
809 3145 950 3179 eoncessum
959 3129 1013 3179 fuit
1038 3131 1091 3187 Qui

26 3213 166 3250 annonara
177 3197 284 3248 Gronov.
299 3198 429 3260 legendum
442 3194 549 3257 suspica·
582 3211 638 3244 vero
649 3195 674 3243 in
685 3201 769 3244 monte
777 3195 875 3243 Albano
885 3194 1037 3255 triumphum
1046 3196 1090 3244 du-

26 3271 87 3313 tur.
582 3261 678 3318 cebant,
695 3258 715 3307 si
735 3257 872 3306 Niebuhrio
888 3257 913 3306 ii.
932 3274 956 3306 n.
974 3255 1013 3306 68.
1029 3259 1090 3308 fides

70 3326 239 3388 3Prccs'ncic
257 3325 380 3389 rarefacta]
408 3323 550 3381 Debellato,
582 3321 664 3370 danda
686 3328 731 3381 ast,
750 3336 799 3370 non
822 3321 877 3370 ideo
896 3319 1090 3383 triumphabant,

51 3388 167 3438 rorincia
177 3388 277 3438 omnino
293 3389 318 3436 in
333 3388 451 3438 ditionem
463 3385 549 3449 populi
582 3387 648 3447 quod
663 3386 759 3434 Romae
778 3385 945 3447 magistratum
965 3387 1090 3447 gerebant,

62 3452 151 3502 omani
161 3454 267 3501 redacta.
285 3453 366 3503 cmv.
581 3451 625 3498 sed
643 3451 709 3511 quod
720 3451 824 3498 Latinas
839 3450 945 3498 cobortes
961 3451 1089 3508 ducebant,

68 3534 86 3578 4
96 3517 248 3578 Successori]
259 3517 387 3566 Successor
394 3512 439 3563 fuit
446 3515 548 3564 M.Cor-
582 3519 607 3562 et
618 3515 684 3575 quod
695 3515 755 3562 urbe
765 3513 852 3562 remoti
869 3511 971 3575 imperio
987 3529 1030 3562 suo
1041 3513 1089 3562 tuti

25 3581 122 3632 nelina
144 3580 274 3642 Cethegus.
307 3579 365 3630 Vid.
386 3577 496 3628 Perizon.
515 3579 548 3627 ad
580 3585 656 3628 erant.
691 3579 765 3626 Hanc
783 3576 951 3640 triumphandi
969 3577 1088 3626 rationem

26 3659 97 3695 xxv.
112 3657 152 3704 41.
169 3644 243 3694 Dus.
580 3641 623 3690 diu
645 3641 807 3691 intermissam
830 3641 860 3691 C.
881 3640 995 3703 Papirius
1016 3642 1089 3691 Maso

69 3721 85 3770 5
98 3709 236 3769 Imperium
246 3707 319 3767 nect]
333 3708 356 3756 A
363 3705 549 3782 proconsulibus
581 3721 638 3758 ann.
651 3719 704 3768 5²¹·
718 3705 752 3755 U.
762 3705 791 3755 0.
802 3704 933 3763 revocarit,
944 3705 986 3766 qui
999 3704 1090 3755 criticis

25 3781 59 3822 et
73 3769 281 3834 propraetoribus,
292 3776 320 3819 ut
331 3785 373 3832 qur
387 3771 412 3819 in
430 3771 489 3818 urbe
505 3770 549 3818 irn-
582 3769 638 3818 aliis
653 3775 739 3818 auctor
755 3769 828 3819 buius
844 3769 952 3830 exempli
968 3769 1090 3820 exstitisse

25 3835 137 3902 perium
161 3849 211 3883 non
233 3835 361 3894 haberant,
382 3835 402 3882 si
424 3834 550 3896 sigonium
583 3833 648 3882 risus
658 3839 703 3883 ast.
725 3832 830 3884 cfiPlin.
840 3832 875 3882 H.
884 3831 917 3882 N.
925 3847 965 3881 xr.
976 3834 1013 3894 38.
1031 3834 1089 3885 Vel.

24 3900 179 3956 audiamus,
203 3899 212 3946 l
258 3914 283 3948 m
309 3899 341 3947 de
367 3898 479 3960 imperio,
501 3913 550 3960 quo
583 3896 732 3948 Maaiuo.
745 3911 768 3960 5.

24 3961 118 4025 magis
138 3962 231 4025 triump
250 3967 319 4011 antes
341 3963 426 4010 urbem
452 3961 550 4021 inirent,
616 3963 794 4027 JOcsaprdtcc
805 3962 974 4026 ballbtaspue]
994 3961 1089 4011 Machi-

23 4025 139 4089 saepius
158 4026 234 4074 latam
252 4025 394 4088 reperimus,
414 4025 457 4074 sed
475 4025 550 4072 aliam
582 4041 669 4074 aarum
685 4032 711 4076 et
725 4027 831 4075 talorum
847 4026 880 4076 sd
897 4025 1091 4089 oppugnationes

24 4092 91 4142 eius
108 4088 145 4138 rei
162 4104 261 4139 causam
276 4089 349 4138 misse
361 4087 485 4138 Gruehius
495 4103 551 4137 oen·
582 4089 679 4138 urbirun
690 4090 817 4150 angularis
830 4089 925 4151 genen's
937 4089 1090 4138 inventorem

23 4160 80 4208 set.
584 4153 657 4201 fuisse
677 4152 823 4214 Dionysium
843 4159 974 4214 tyrannum
993 4151 1092 4200 Siciliae

67 4215 139 4268 orn
150 4218 349 4277 anconitano]
374 4217 432 4265 Hoc
449 4215 500 4264 sine
516 4229 552 4264 se
584 4215 666 4264 scribit
678 4214 753 4264 Diod.
765 4215 813 4264 Sic.
822 4216 871 4264 xiv.
880 4231 905 4277 p.
915 4215 969 4278 269.
994 4215 1091 4262 Harum

24 4281 227 4333 natusconsulto
262 4280 407 4330 factitabant
439 4278 552 4328 nonnulli
585 4279 744 4342 perfectorem
762 4278 836 4326 sarissa
854 4277 1027 4328 Archimedem
1050 4279 1090 4324 ad-

23 4349 208 4408 imperatores,
232 4344 320 4407 quibus
346 4343 553 4406 triumphantibus
585 4343 686 4390 modum
698 4339 827 4390 verisimile
839 4345 882 4390 cst.

79 4427 162 4472 VOL.
179 4427 213 4472 11.
897 4421 920 4463 X
