2966 4778
207 387 241 439 U·
253 385 283 438 ⁰·
300 381 357 452 sas·

207 454 237 502 Α.
253 452 284 502 0.
300 463 355 514 ²¹7·

206 515 298 565 Utrum
308 515 355 564 Fa·

205 579 260 628 bius
270 579 347 628 dicta·

205 649 290 703 tonan
301 659 355 706 pro-

205 707 324 756 dictatore

205 771 286 822 merit.

254 1233 306 1296 32.

206 1319 275 1367 Coss
287 1317 343 1367 arti·

206 1383 252 1430 bus
263 1381 334 1430 Fabii

206 1445 300 1494 bellum
310 1461 350 1510 ge·

205 1513 271 1559 mut.

209 2459 327 2521 Neapoli·

208 2587 314 2636 offerunt

208 2651 335 2702 Romanis.

363 249 404 310 92
752 241 866 308 TITI
893 241 1027 311 LIVII

408 365 563 446 Omnium
591 403 691 468 prope
721 381 850 446 annales
879 380 1014 448 Fabium
1045 380 1234 447 dictatorem
1265 379 1416 446 adversm

364 465 579 532 Hannibalem
590 489 658 531 rem
672 467 803 554 gessisse
819 466 957 533 tradunt.
1005 466 1136 534 Coelius
1151 467 1248 532 etiam
1260 489 1340 531 eum
1354 466 1435 566 pri-6

363 575 451 618 mum
463 553 611 704 apopsulo
621 567 762 654 creatum
772 553 1091 706 dicltiatgrengescriillpit
1139 551 1205 653 sed
1216 566 1251 618 et
1264 551 1416 702 Coellrlum

363 651 843 814 ttttttdtdtttfflt
856 664 951 792 fuis
967 663 1096 792 dat
1124 652 1418 813 ”ttdtffisl

363 835 483 877 moram
498 812 575 901 quia
588 825 771 900 exspectare
783 812 892 879 territa
902 813 965 877 iam
980 811 1070 878 clade
1080 812 1188 912 civitas
1203 834 1272 876 non
1280 823 1417 912 poterat,

363 921 402 965 eo
420 897 589 1000 decursum
604 921 682 977 esse,
697 911 735 964 ut
748 921 768 963 a
789 898 909 999 pppulo
923 911 1092 999 crearetur,
1107 920 1164 1048 qut
1178 919 1240 998 pro
1259 897 1438 966 drctatorer

362 998 458 1051 esset:
482 1008 531 1050 res
544 984 618 1086 rude
628 998 731 1086 gestas
740 985 937 1072 glonamque
946 1007 1103 1085 rnsrgnem
1140 1005 1206 1048 ucrs
1218 997 1419 1084 ataugentes

363 1071 492 1136 titulum
513 1072 661 1158 imagrms
687 1082 839 1158 posteros,
862 1085 908 1148 ut,
931 1093 986 1158 qm
1009 1093 1068 1158 pro
1091 1070 1257 1148 dictatore,
1280 1069 1421 1135 drctamr
1477 1097 1478 1114 1

363 1156 531 1234 diceretur,
546 1156 638 1222 facile
653 1157 836 1222 obtinuisse.

409 1241 576 1320 Consules,
587 1243 706 1308 Atilius
722 1243 872 1320 Fabiano,
885 1242 1043 1310 Geminus
1060 1241 1211 1308 Servilius
1223 1241 1440 1308 Minucianos

364 1329 508 1394 exercitu
528 1343 667 1430 accepto,
686 1329 898 1394 hibernaculis
922 1342 1044 1394 mature
1064 1329 1279 1406 communitis,
1295 1329 1421 1416 (extre-

365 1437 453 1480 mum
468 1428 614 1480 autumni
629 1415 712 1502 erat)
726 1415 816 1481 Fabii
831 1415 950 1481 artibus
965 1437 1038 1480 cum
1053 1437 1177 1480 summa
1190 1414 1277 1480 inter
1290 1438 1329 1480 se
1346 1439 1421 1480 con-

365 1501 473 1568 cordia
483 1501 603 1566 bellum
617 1514 790 1589 gesserunt.
837 1501 1078 1566 Frumentatum
1093 1500 1225 1566 exeunti
1237 1499 1421 1566 Hannibali

365 1588 497 1652 diversis
512 1587 590 1651 locis
605 1589 776 1676 opportuni
794 1587 1117 1688 adermaucarpentes
1137 1609 1267 1688 agmen,
1279 1587 1421 1674 palatos-
1478 1627 1479 1640 ÷

364 1695 428 1760 que
448 1673 652 1761 excipientes.
699 1673 738 1738 In
759 1696 866 1740 casum
889 1697 1052 1738 umversae
1070 1673 1295 1751 dimicatroms,
1320 1697 1422 1760 quam

364 1759 511 1823 omnibus
533 1759 652 1825 artibus
676 1761 805 1848 petebat
831 1760 940 1838 hostis,
962 1782 1029 1824 non
1050 1759 1236 1824 veniebant:
1268 1759 1440 1847 adeoque9

364 1844 473 1931 inopia
494 1858 542 1910 est
563 1860 689 1911 coactus
718 1845 890 1924 Hannibal,
913 1859 959 1924 ut,
982 1847 1044 1910 nisi
1065 1859 1134 1912 tum
1155 1844 1248 1932 fugae
1275 1848 1422 1932 speciem

364 1930 512 1997 abeundo
530 1931 695 2009 timuisset,
714 1930 852 1997 Galbam
873 1932 1064 2019 repetiturus
1077 1931 1183 2008 fuerit,
1198 1929 1289 1996 nulls
1305 1931 1423 1997 relicta

364 2039 420 2118 spe
444 2016 550 2083 alendi
574 2019 732 2083 exercitus
758 2018 793 2082 in
816 2018 854 2083 iis
877 2018 964 2096 locis,
989 2019 1016 2083 si
1039 2019 1243 2107 insequentes
1269 2017 1422 2084 consides

364 2102 477 2168 irsdem
492 2105 612 2170 artibus
626 2103 746 2170 bellum
761 2118 917 2192 gererent.

411 2188 521 2266 Quum
537 2189 578 2255 ad
599 2189 777 2256 Gerouium
799 2191 862 2255 iam
877 2191 983 2256 bieme
1006 2191 1202 2279 impediente
1222 2191 1423 2257 constitiaeet

364 2275 494 2356 bellum,
510 2277 717 2365 Neapolitani
731 2276 827 2364 legati
840 2276 976 2342 Romam
985 2300 1110 2343 venere.
1156 2278 1211 2343 Ab
1225 2278 1263 2342 iis
1278 2277 1423 2364 quadra-

366 2363 458 2462 ginta
466 2376 594 2451 paterae
609 2386 722 2428 aureae
739 2364 846 2462 magni
857 2363 1007 2451 ponderis
1016 2363 1049 2428 in
1060 2365 1180 2430 curiam
1192 2363 1306 2441 illatae,
1317 2378 1422 2451 atquc

252 2523 258 2534 ι
365 2463 412 2512 lta
432 2449 527 2514 verba
546 2449 637 2525 facta,
659 2462 695 2514 ut
716 2449 878 2514 dicerent:
908 2449 1019 2516 ‘Scire
1041 2473 1119 2526 sese,
1143 2450 1281 2515 Romani
1302 2451 1421 2602 populi

208 2530 540 2634 “nummarium
569 2533 654 2599 bello
679 2535 856 2600 exhauriri:
887 2548 929 2613 et,
956 2559 1057 2626 quum
1083 2537 1173 2601 iuxta
1200 2559 1257 2686 pro
1283 2536 1361 2601 urbs
1384 2561 1438 2602 usu

366 2635 376 2662 ·
454 2643 533 2706 sque
554 2621 721 2698 sociorum,
733 2645 770 2686 ac
791 2645 849 2710 pro
864 2622 968 2709 capite
989 2635 1085 2710 atque
1106 2645 1177 2688 arce
1218 2621 1320 2700 taliae,
1339 2625 1423 2689 urbe

367 2714 377 2745 ‘
388 2643 536 2770 qgtmana
557 2719 652 2793 atque
675 2708 808 2796 imperio
830 2721 967 2796 geratur,
983 2731 1122 2796 aequum
1143 2709 1303 2774 censuisse
1329 2709 1423 2774 Nea·

366 2790 552 2880 ‘politanus
575 2792 663 2879 quod
685 2793 753 2858 auri
775 2793 835 2860 sibi
857 2818 956 2881 quum
979 2794 1021 2860 ad
1043 2796 1234 2882 templorum
1255 2811 1422 2874 ornatum,

367 2888 456 2943 ‘tum
474 2878 515 2943 ad
530 2879 706 2944 subsidium
720 2879 865 2946 fortunae
879 2904 899 2945 a
918 2881 1088 2946 maioribus
1109 2881 1253 2947 relictum
1269 2881 1366 2960 foret,
1382 2907 1423 2948 eo

366 2965 494 3030 ‘iuvare
512 2965 667 3053 populum
686 2965 879 3031 Romanum.
927 2966 1073 3054 Siquam
1093 2991 1113 3032 o
1156 2989 1187 3032 m
1210 2967 1245 3031 in
1258 2990 1328 3032 sese
1351 2991 1441 3034 cre-2

367 3051 511 3129 ‘derent‚
524 3051 638 3117 eodem
652 3053 758 3116 studio
769 3052 863 3118 fuisse
873 3052 1040 3118 oblaturos.
1120 3067 1223 3118 ratum
1234 3053 1295 3118 sibi
1304 3053 1422 3121 Patres

367 3137 553 3203 ‘Romanos
569 3137 789 3289 populumque
804 3139 970 3216 facturum,
985 3139 1012 3204 si
1030 3162 1140 3204 omnes
1156 3163 1207 3204 res
1228 3139 1422 3228 Neapolita-

366 3235 500 3289 ‘norum
514 3247 585 3289 suas

368 3311 519 3388 ‘donum,
541 3311 647 3376 auimo
669 3336 706 3376 ac
727 3311 890 3377 voluntate
912 3334 1033 3390 eorum,
1054 3312 1111 3398 qui
1132 3311 1268 3378 libentes
1291 3313 1420 3392 darent,

368 3407 484 3484 ‘quam
500 3419 543 3475 re,
560 3397 661 3462 maius
679 3397 888 3485 ampliusque,
904 3398 1104 3485 acciperent)
1148 3398 1277 3486 Legatis
1297 3402 1420 3486 gratiae

367 3497 454 3548 actae
481 3505 542 3584 pro
568 3484 786 3550 munificentia
814 3507 971 3572 curaque:
1005 3498 1124 3572 patera,
1154 3507 1236 3573 quae
1266 3485 1421 3572 ponderis

367 3570 490 3634 minimr
505 3569 576 3648 fuit,
592 3583 729 3656 accepta

399 3735 415 3784 6
431 3739 545 3785 Primum
555 3753 572 3784 a
580 3739 672 3800 populo
681 3745 790 3788 ursatum
800 3739 875 3788 dioto·
939 3755 956 3803 9
968 3742 1083 3806 Adeoque
1090 3743 1333 3804 inopiaestaoactus]
1345 3743 1421 3792 Hanc

367 3801 454 3860 wrm]
480 3800 591 3849 Primum
606 3799 789 3863 numeramur
803 3817 819 3849 a
834 3818 876 3863 po-
910 3802 949 3851 vix
962 3803 1076 3854 Latinam
1088 3805 1223 3854 orationem
1234 3821 1287 3854 esse
1299 3821 1388 3856 censet
1400 3809 1421 3856 1.

368 3863 428 3925 pulo
439 3869 535 3912 creatus
545 3863 577 3912 sit
591 3863 702 3912 dictator.
735 3865 875 3914 Secundum
910 3866 951 3915 Fr.
969 3868 1077 3918 Gronov.
1093 3869 1134 3931 qui
1150 3877 1175 3920 st
1188 3871 1221 3918 ud
1235 3871 1263 3918 id
1272 3872 1377 3932 inopiae
1387 3879 1422 3922 cst

368 3929 513 3975 numerabat
524 3926 624 3977 Coelius
638 3927 742 3990 Syllam,
753 3927 794 3989 qui
810 3929 876 3977 haud
908 3934 1022 3980 redactas
1032 3933 1178 3982 emendavit.
1199 3933 1329 3982 Drakeub
1340 3938 1379 3983 od
1387 3938 1421 3984 id·

368 3989 443 4038 dubie
457 4006 473 4038 a
489 3991 582 4053 populo
597 3991 703 4040 dictator
721 3997 816 4040 creatus
831 4000 876 4042 est.
909 4012 956 4058 qua
966 3995 1078 4044 coniecit.
1095 3999 1420 4061 Emissops'uscstmdae

366 4055 451 4104 casa
909 4066 949 4107 tus
960 4059 1046 4122 probat
1057 4060 1164 4110 Beklter.

402 4131 416 4182 7
433 4119 482 4176 Qut
490 4133 538 4181 pro
547 4120 677 4182 clismate]
696 4119 783 4182 Suppl.
795 4125 865 4170 esset
944 4137 953 4170 1
973 4125 1017 4182 Et,
1037 4141 1113 4188 quasa
1128 4127 1212 4185 tacta]
1233 4127 1267 4174 Id
1284 4141 1331 4188 pro
1347 4135 1375 4178 st
1392 4143 1419 4176 ex

400 4183 416 4231 8
432 4184 559 4244 Gamales]
574 4183 629 4232 Hos
642 4185 797 4246 proconsules
806 4190 876 4234 vocat
908 4187 1078 4236 emendatione
1089 4188 1197 4237 Gronov.
1209 4190 1297 4250 probat
1310 4191 1420 4241 Bekker.

369 4245 457 4307 Polyb.
477 4245 510 4296 iii.
533 4244 585 4296 106.
605 4247 653 4296 hoc
671 4247 736 4296 enim
756 4254 876 4310 tempore,
941 4253 1083 4314 aSlpuam
1096 4255 1177 4314 opem]
1196 4255 1272 4315 Opsn
1289 4255 1419 4315 peculiari

369 4308 474 4358 comitiis
496 4309 608 4372 peractis,
623 4313 736 4360 consules
757 4321 827 4361 crant
846 4313 875 4362 L.
908 4317 946 4360 ter
955 4315 986 4362 de
997 4315 1356 4379 armommopsaceipicndam
1369 4335 1419 4369 ssu

369 4373 524 4423 Aemiliusct
535 4375 582 4425 Gn.
593 4373 729 4425 Terentius
908 4377 1082 4427 animadvertit
1093 4379 1184 4428 Stroth.

626 3225 787 3301 uxissent3
811 3224 988 3312 dignosque
1008 3226 1227 3304 iudicaverint,
1243 3227 1284 3290 ab
1300 3227 1422 3313 quibus
1481 3271 1482 3290 t
