2888 4768
348 196 411 260 242
730 187 844 257 'r1r1
875 187 1008 256 LIVII

222 382 228 397 .
263 384 269 396 .
286 360 340 410 ⁵40·
348 327 603 396 circumvehitur.
640 325 789 391 Errorem
803 339 837 392 et
852 327 928 392 tuba
942 326 1103 392 auditaex
1116 326 1239 392 theatro
1253 326 1415 392 faciebstr

217 448 224 462 ·
263 427 340 462 ΛΗ·
351 415 436 481 Nam
451 431 485 481 et
504 414 650 478 Romana
663 425 740 489 erat,
757 413 1002 501 aproditoribus
1017 413 1059 477 ad
1074 414 1133 478 hoc
1147 415 1253 501 ipsum
1269 437 1400 502 praepa·
1432 425 1433 500 l

349 517 432 568 rata:
457 515 490 566 et
505 501 705 565 inscientera
718 498 842 564 Graeco
853 501 971 576 inflata,
984 501 1064 586 quis,
1076 515 1132 564 aut
1142 501 1260 587 quibus
1274 502 1400 588 signum
1432 503 1433 568 l

350 589 451 666 daret,
467 589 622 653 incertum
638 587 803 652 efficiebat.
849 585 916 651 Ubi
930 587 1045 664 illuxit,
1058 600 1091 652 et
1107 587 1263 651 Romanis
1279 587 1400 652 Punica
1432 575 1433 612 l

351 689 384 741 et
401 674 526 741 Gallica
547 697 634 738 arms
651 673 780 760 cognita
793 686 862 738 tum
881 672 1112 738 dubitationem
1132 687 1350 750 exemerunt3
1371 687 1400 738 et

347 762 480 839 Graeci,
497 761 658 826 Romanos
678 760 793 847 passim
816 759 914 825 caede
933 773 1046 825 stratos
1060 773 1238 838 cernentes,
1253 762 1297 825 ab
1314 760 1401 824 Han-

194 853 303 904 Romani
313 854 340 904 in
352 849 457 914 nibale
473 861 596 936 captam
609 848 719 912 urbem
730 860 904 912 senserunt.
943 846 1116 934 Postquam
1128 846 1183 912 lux
1195 849 1318 912 certior
1327 863 1400 922 erat,

191 933 273 994 aream
280 935 341 1034 ξω·
352 950 386 1001 et
398 935 546 1011 Romani,
557 935 613 1022 qui
622 933 772 999 caedibus
780 933 1009 1020 superfuerant,
1022 933 1056 998 in
1067 955 1171 998 arcem
1180 935 1400 1021 confugerant,
1432 943 1433 996 l

194 983 279 1047 sagrus
352 1022 647 1108 conticescebatque
669 1019 832 1121 paullatim
852 1019 1026 1097 tumultus;
1054 1033 1122 1084 tum
1147 1019 1319 1085 Hannibal
1342 1021 1401 1085 Ta-

351 1110 494 1174 rentinos
515 1109 583 1173 sine
609 1129 702 1172 armis
724 1129 895 1171 convocare
918 1107 1014 1172 iubet.
1061 1105 1253 1172 Convenere
1281 1130 1418 1183 omnes:

351 1210 572 1284 praeterquam
592 1194 648 1282 qui
668 1193 818 1257 cedentes
839 1193 873 1257 in
896 1215 999 1258 arcem
1023 1193 1184 1260 Romanos
1206 1193 1250 1258 ad
1272 1217 1402 1259 omnem

194 1288 322 1368 Haqmbal
352 1282 530 1348 adeundam
541 1280 635 1346 simul
643 1280 802 1344 fortunam
813 1281 972 1366 prosecuti
982 1280 1116 1345 fuerant.
1161 1280 1213 1345 Ibi
1226 1279 1402 1356 Hannibal,

193 1355 341 1469 ffltssm
352 1371 490 1457 benigne
503 1368 659 1434 allocutus
670 1366 870 1444 Tarentinos,
882 1378 1086 1454 testatusque,
1099 1390 1181 1454 quse
1192 1368 1402 1455 praestitimet

192 1484 332 1546 alloquitur.
349 1456 472 1522 civibus
483 1477 603 1532 eorum,
615 1475 695 1541 quos
706 1453 747 1517 nd
759 1453 981 1518 'Iraaimenum
993 1466 1048 1518 aut
1061 1453 1103 1517 ad
1114 1452 1245 1519 Cannas
1254 1455 1401 1542 cepisset,

350 1542 444 1608 simul
473 1543 507 1605 in
530 1540 780 1606 dominationem
803 1539 971 1627 superbam
997 1540 1215 1605 Romanorum
1245 1539 1401 1618 invectos,

351 1629 489 1715 recipere
504 1650 538 1692 se
550 1628 584 1691 in
598 1627 710 1692 domos
724 1649 795 1690 suas
809 1649 970 1714 quemque
986 1626 1084 1704 iussit,
1099 1640 1132 1691 et
1146 1627 1267 1692 foribus
1282 1649 1402 1692 nomen

351 1738 443 1780 suum
458 1714 646 1779 inscribere:
670 1737 704 1778 se
718 1712 829 1777 domos
843 1735 905 1790 eas,
921 1735 1003 1799 quae
1018 1713 1186 1800 inscriptae
1200 1735 1269 1778 non
1286 1728 1402 1788 essent,

349 1803 441 1890 signo
456 1800 616 1890 extemplo
636 1801 721 1879 dato,
737 1800 831 1887 din'pi
849 1800 1015 1864 iussurum.
1063 1799 1097 1865 Si
1117 1801 1189 1886 quis
1207 1800 1243 1864 in
1259 1800 1402 1888 hospitio

350 1889 427 1954 civis
443 1888 581 1954 Romani
592 1887 720 1974 (vacuas
735 1899 841 1951 autem
856 1887 1009 1952 tenebant
1019 1886 1145 1972 domos)
1155 1909 1276 1951 nomen
1291 1887 1433 1958 inseri-tl

347 1977 472 2064 psisset,
493 1997 567 2041 eum
589 1997 622 2040 se
643 1996 700 2062 pro
722 1973 811 2038 hoste
834 1972 1024 2038 habiturum
1071 1973 1237 2038 Concione
1260 1973 1402 2051 dimissa,

374 2086 451 2128 uum
466 2062 566 2127 titulis
580 2073 706 2126 notatae
717 2060 799 2125 fores
810 2059 980 2125 discrimen
991 2073 1120 2147 pscatee
1132 2061 1171 2125 ab
1183 2059 1296 2125 hostili
1307 2061 1402 2126 domo

347 2087 506 2227 ilccissent,
518 2150 609 2236 signo
624 2147 708 2223 dato,
724 2146 764 2210 sd
779 2146 839 2210 diri
863 2146 958 2210 ienda
972 2146 1108 2234 hospitia
1123 2146 1271 2213 Romana
1285 2149 1402 2236 pafflim

350 2235 526 2302 discursum
542 2249 605 2301 est:
630 2247 663 2300 et
676 2233 737 2298 fuit
750 2255 825 2320 pree
868 2256 886 2297 e
901 2231 1107 2320 aliquantum.

284 2361 292 2377 ·
394 2323 526 2388 Postero
540 2322 593 2388 die
608 2322 649 2386 ad
664 2319 911 2408 oppugnandam
931 2341 1035 2384 arcem
1050 2320 1156 2385 ducit:
1181 2343 1280 2407 quam
1301 2345 1401 2409 quum

350 2420 383 2474 et
406 2432 426 2473 s
446 2409 534 2486 mari,
574 2430 615 2473 uo
635 2409 669 2472 in
688 2406 892 2495 paeninsulae
910 2406 1042 2470 modum
1061 2429 1133 2494 pars
1147 2409 1248 2473 maior
1265 2408 1419 2473 circum-4

349 2495 458 2571 luitur,
473 2433 621 2582 praebitis
636 2495 776 2582 rupibus,
793 2507 826 2558 et
846 2493 969 2580 abipsa
993 2494 1070 2558 urbe
1086 2515 1177 2558 muro
1196 2507 1231 2558 et
1250 2494 1337 2559 fossa
1355 2496 1402 2559 in-

373 2581 439 2645 enti
453 2596 594 2668 saeptam
608 2581 739 2658 videret,
752 2603 854 2668 eoque
869 2601 930 2644 uec
944 2581 985 2656 vi,
1001 2603 1060 2645 nec
1075 2603 1095 2644 o
1137 2580 1224 2645 ribus
1235 2603 1402 2669 expugna-

351 2605 447 2731 bilem
462 2689 548 2743 ease3
572 2690 613 2731 ne
628 2680 683 2731 aut
697 2689 730 2731 se
746 2668 850 2754 ipsum
865 2688 941 2731 cura
961 2667 1072 2731 tuendi
1087 2603 1283 2732 direntium
1304 2692 1325 2733 a
1339 2691 1401 2733 ma·

194 2753 469 2833 Ar¹³l311rbaioribus
483 2754 577 2818 rebus
589 2766 776 2830 moraretur3
801 2753 900 2817 autin
912 2752 1037 2818 relictos
1048 2754 1115 2818 sine
1127 2753 1231 2818 valido
1243 2755 1400 2842 praesidio

192 2823 344 2935 rapqtmrses
352 2840 542 2906 Tarentinos
563 2841 718 2927 impetum
735 2862 776 2904 ex
794 2862 875 2916 arce,
891 2862 991 2926 quum
1008 2839 1137 2918 vellent,
1158 2840 1303 2906 Romani
1322 2843 1401 2906 fece·

193 2903 218 2935 ⁵⁸
237 2903 261 2950 ΡΙ
274 2903 310 2936 u.
351 2941 432 3005 rent,
447 2927 529 2992 vallo
543 2926 655 2991 urbem
670 2927 710 2991 ab
724 2949 795 2992 arce
810 2927 1013 3013 intersaepire
1031 2927 1157 2991 statuit:
1182 2949 1250 2990 non
1265 2929 1337 2994 sine
1351 2929 1401 2992 illa

350 3015 446 3080 etiam
458 3037 523 3102 spe,
539 3037 613 3079 cum
633 3013 874 3101 prohibentibus
888 3035 967 3100 opus
988 3013 1143 3078 Romanis
1162 3035 1297 3078 manum
1313 3037 1400 3103 pm

351 3103 493 3179 conseri3
525 3115 567 3180 et,
590 3101 617 3164 si
640 3100 774 3164 ferocius
796 3099 1075 3187 procucurrissent,
1099 3122 1214 3188 magns
1235 3102 1338 3166 caede
1360 3103 1401 3166 its

351 3189 508 3254 attenuari
537 3187 686 3289 praesidii
709 3187 800 3262 vires,
825 3199 862 3250 ut
888 3185 978 3251 facile
1008 3208 1121 3273 perse
1146 3187 1207 3274 ipsi
1230 3187 1400 3254 Tarentini

352 3277 462 3340 urbem
482 3275 521 3340 ab
541 3276 579 3340 1is
594 3274 676 3339 tueri
695 3285 831 3361 possent.
879 3271 945 3336 Ubi
967 3287 1115 3360 coeptum
1136 3295 1217 3360 opus
1236 3289 1298 3352 est,
1315 3291 1399 3364 pste-

350 3361 432 3426 lacta
457 3373 587 3449 repente
607 3373 708 3448 porta,
729 3360 763 3424 in
786 3359 966 3424 munientes
988 3359 1143 3448 impetum
1163 3359 1316 3426 fecerunt
1340 3363 1399 3428 llo-

351 3450 453 3514 mani:
478 3447 617 3537 pellique
638 3470 671 3512 se
689 3447 781 3513 statio
796 3467 887 3535 pessa
904 3459 960 3523 est,
976 3469 1058 3532 quae
1076 3469 1134 3533 pro
1154 3469 1251 3534 opere
1273 3465 1356 3528 erat,
1368 3465 1415 3516 urs

390 3757 400 3790 r
421 3745 538 3792 Eri-oram
559 3749 583 3792 et
603 3743 662 3792 tuba
683 3744 782 3803 audita]
817 3742 858 3791 Its
890 3741 1110 3792 habuereemtas
1136 3741 1288 3791 Emsndsrit
1297 3743 1400 3807 h'pdns

353 3806 450 3867 Lipsius
461 3821 505 3869 pro
517 3808 581 3868 vulg.
593 3815 714 3856 termera.
891 3806 972 3856 Cant.
995 3807 1025 3856 cl.
1037 3821 1102 3869 supr.
1113 3806 1179 3855 xxiv.
1192 3817 1214 3868 7.
1432 3831 1433 3872 p

384 3885 397 3917 a
412 3872 549 3920 Gonooms
559 3871 636 3930 iubet]
651 3871 792 3933 Legendum
801 3885 857 3919 cum
923 3888 938 3930 4
952 3873 975 3919 A
987 3874 1063 3931 mori]
1084 3871 1295 3933 Praepositionem
1307 3889 1325 3922 e
1336 3873 1399 3921 addi-
1432 3875 1433 3938 l

352 3939 432 3981 vetere
446 3934 538 3982 Mureti
555 3934 617 3981 libro
632 3938 757 3982 ooaawan'
774 3941 858 3984 monet
889 3933 926 3983 dit
943 3935 1051 3984 Gronov.
1086 3934 1282 3997 Intelligendum
1302 3944 1351 3992 est.
1367 3952 1398 3984 sr
1432 3939 1433 3954 l

347 3997 457 4046 Crevier.
469 4011 541 4058 quem
554 3997 660 4046 Belrker.
672 4004 769 4047 secutus
780 4005 823 4047 est
882 4013 944 4047 cem
954 3999 986 4047 ab
997 4013 1027 4048 ea
1038 4005 1107 4062 parte
1117 4014 1167 4060 qus
1179 3999 1241 4047 msri
1252 4001 1398 4056 alluebatur,
1432 3977 1433 4036 l

384 4075 397 4124 3
420 4063 514 4109 Vacuus
532 4068 613 4110 aaran
633 4063 746 4116 tenebant
765 4063 854 4122 mmor]
890 4063 991 4124 rupibus
1001 4071 1096 4126 septem
1107 4062 1197 4121 fuisse;
1210 4064 1398 4124 abmbemmo
1432 4057 1433 4126 ζ

355 4129 450 4175 Vernos
460 4127 546 4186 mmor,
554 4126 580 4174 id
591 4130 637 4185 est,
645 4125 763 4187 proprias,
771 4126 796 4174 in
805 4127 857 4188 qui-
890 4128 996 4175 etsossa.
1432 4171 1433 4180 ,

349 4192 395 4240 bus
405 4191 450 4239 soli
461 4189 608 4249 habitarent,
619 4205 668 4239 non
679 4189 789 4252 permiti
800 4206 857 4239 curu
923 4202 936 4253 5
954 4193 1024 4251 Quos
1037 4207 1085 4253 pro
1099 4207 1170 4253 ορατ
1183 4193 1253 4252 arnt]
1279 4191 1355 4248 Quae
1368 4193 1396 4240 sd
1432 4199 1433 4234 l

349 4255 489 4305 Tarentinis
505 4255 605 4306 civibus.
641 4255 757 4305 Ceterum
774 4254 857 4316 scripti
883 4269 952 4318 ¹opus
962 4256 1082 4305 tuendum
1093 4255 1216 4304 collocata
1225 4262 1286 4305 erat.
1432 4287 1433 4318 q
