<?xml version="1.0" encoding="UTF-8"?>
<!DOCTYPE html PUBLIC "-//W3C//DTD XHTML 1.0 Transitional//EN"
    "http://www.w3.org/TR/xhtml1/DTD/xhtml1-transitional.dtd">
<html xmlns="http://www.w3.org/1999/xhtml" xml:lang="en" lang="en">
 <head>
  <title>
</title>
<meta http-equiv="Content-Type" content="text/html;charset=utf-8" />
  <meta name='ocr-system' content='tesseract 3.04.00' />
  <meta name='ocr-capabilities' content='ocr_page ocr_carea ocr_par ocr_line ocrx_word'/>
</head>
<body>
  <div class='ocr_page' id='page_1' title='image "./tliviipatavinih00kreygoog_0068.png"; bbox 0 0 3002 4798; ppageno 0'>
   <div class='ocr_carea' id='block_1_1' title="bbox 397 232 1144 305">
    <p class='ocr_par' dir='ltr' id='par_1_1' title="bbox 397 232 1144 305">
     <span class='ocr_line' id='line_1_1' title="bbox 397 232 1144 305; baseline 0.008 -7"><span class='ocrx_word' id='word_1_1' title='bbox 397 233 493 299; x_wconf 93' lang='lat' dir='ltr'><strong>LIB.</strong></span> <span class='ocrx_word' id='word_1_2' title='bbox 518 232 614 299; x_wconf 85' lang='lat' dir='ltr'><strong>XXL</strong></span> <span class='ocrx_word' id='word_1_3' title='bbox 649 233 760 300; x_wconf 90' lang='lat' dir='ltr'><strong>CAP.</strong></span> <span class='ocrx_word' id='word_1_4' title='bbox 785 240 836 300; x_wconf 84' lang='grc'><strong>63.</strong></span> <span class='ocrx_word' id='word_1_5' title='bbox 1103 241 1144 305; x_wconf 81' lang='lat'><strong>67</strong></span> 
     </span>
    </p>
   </div>
   <div class='ocr_carea' id='block_1_2' title="bbox 59 367 1302 3040">
    <p class='ocr_par' dir='ltr' id='par_1_2' title="bbox 59 367 1302 3040">
     <span class='ocr_line' id='line_1_2' title="bbox 88 367 1300 456; baseline 0.01 -23"><span class='ocrx_word' id='word_1_6' title='bbox 88 391 189 434; x_wconf 89' lang='lat' dir='ltr'><strong>ranus</strong></span> <span class='ocrx_word' id='word_1_7' title='bbox 202 379 330 455; x_wconf 87' lang='lat' dir='ltr'><strong>praetor</strong></span> <span class='ocrx_word' id='word_1_8' title='bbox 344 380 417 432; x_wconf 87' lang='lat' dir='ltr'><strong>vota</strong></span> <span class='ocrx_word' id='word_1_9' title='bbox 430 367 588 453; x_wconf 82' lang='lat' dir='ltr'>suscipere</span> <span class='ocrx_word' id='word_1_10' title='bbox 608 367 719 446; x_wconf 89' lang='lat' dir='ltr'><strong>iussus,</strong></span> <span class='ocrx_word' id='word_1_11' title='bbox 735 369 763 432; x_wconf 88' lang='lat' dir='ltr'><strong>ai</strong></span> <span class='ocrx_word' id='word_1_12' title='bbox 783 370 818 434; x_wconf 92' lang='lat' dir='ltr'><strong>in</strong></span> <span class='ocrx_word' id='word_1_13' title='bbox 834 369 946 436; x_wconf 86' lang='lat' dir='ltr'><strong>dacem</strong></span> <span class='ocrx_word' id='word_1_14' title='bbox 967 393 1066 436; x_wconf 88' lang='lat' dir='ltr'><strong>annos</strong></span> <span class='ocrx_word' id='word_1_15' title='bbox 1080 395 1145 438; x_wconf 88' lang='lat' dir='ltr'><strong>res·</strong></span> <span class='ocrx_word' id='word_1_16' title='bbox 1155 391 1189 441; x_wconf 85' lang='lat' dir='ltr'><strong>u.</strong></span> <span class='ocrx_word' id='word_1_17' title='bbox 1201 391 1231 442; x_wconf 84' lang='lat' dir='ltr'><strong>c.</strong></span> <span class='ocrx_word' id='word_1_18' title='bbox 1244 403 1300 456; x_wconf 82' lang='lat'><strong>534·</strong></span> 
     </span>
     <span class='ocr_line' id='line_1_3' title="bbox 112 452 1299 558; baseline 0.005 -40"><span class='ocrx_word' id='word_1_19' title='bbox 112 455 221 520; x_wconf 90' lang='lat' dir='ltr'><strong>ublica</strong></span> <span class='ocrx_word' id='word_1_20' title='bbox 235 453 349 519; x_wconf 88' lang='lat' dir='ltr'><strong>eodem</strong></span> <span class='ocrx_word' id='word_1_21' title='bbox 371 452 508 518; x_wconf 72' lang='lat' dir='ltr'><strong>stetisset</strong></span> <span class='ocrx_word' id='word_1_22' title='bbox 522 466 615 518; x_wconf 84' lang='lat' dir='ltr'><strong>statu.</strong></span> <span class='ocrx_word' id='word_1_23' title='bbox 661 453 753 520; x_wconf 90' lang='lat' dir='ltr'><strong>Haec</strong></span> <span class='ocrx_word' id='word_1_24' title='bbox 790 469 936 521; x_wconf 90' lang='lat' dir='ltr'><strong>rocurata</strong></span> <span class='ocrx_word' id='word_1_25' title='bbox 948 470 1088 558; x_wconf 78' lang='lat' dir='ltr'><strong>votaque</strong></span> <span class='ocrx_word' id='word_1_26' title='bbox 1103 481 1145 523; x_wconf 88' lang='lat' dir='ltr'><strong>ex</strong></span> <span class='ocrx_word' id='word_1_27' title='bbox 1154 456 1185 506; x_wconf 78' lang='lat' dir='ltr'><strong>A.</strong></span> <span class='ocrx_word' id='word_1_28' title='bbox 1202 456 1232 506; x_wconf 81' lang='lat'><strong>⁰·</strong></span> <span class='ocrx_word' id='word_1_29' title='bbox 1244 459 1299 507; x_wconf 82' lang='lat'>²¹⁸·</span> 
     </span>
     <span class='ocr_line' id='line_1_4' title="bbox 88 478 1144 642; baseline 0.005 -37"><span class='ocrx_word' id='word_1_30' title='bbox 88 479 182 642; x_wconf 74' lang='lat' dir='ltr'><strong>libris</strong></span> <span class='ocrx_word' id='word_1_31' title='bbox 218 539 391 628; x_wconf 81' lang='lat' dir='ltr'><strong>Sibyllinis,</strong></span> <span class='ocrx_word' id='word_1_32' title='bbox 422 561 538 626; x_wconf 80' lang='lat' dir='ltr'><strong>magna</strong></span> <span class='ocrx_word' id='word_1_33' title='bbox 573 561 616 604; x_wconf 85' lang='lat' dir='ltr'><strong>ex</strong></span> <span class='ocrx_word' id='word_1_34' title='bbox 649 553 738 627; x_wconf 86' lang='lat' dir='ltr'><strong>parte</strong></span> <span class='ocrx_word' id='word_1_35' title='bbox 767 478 956 608; x_wconf 82' lang='lat' dir='ltr'><strong>levaverant</strong></span> <span class='ocrx_word' id='word_1_36' title='bbox 989 544 1144 632; x_wconf 75' lang='lat' dir='ltr'><strong>religione</strong></span> 
     </span>
     <span class='ocr_line' id='line_1_5' title="bbox 88 649 224 692; baseline 0 0"><span class='ocrx_word' id='word_1_37' title='bbox 88 649 224 692; x_wconf 89' lang='lat' dir='ltr'><strong>ammos.</strong></span> 
     </span>
     <span class='ocr_line' id='line_1_6' title="bbox 137 711 1260 804; baseline 0.005 -27"><span class='ocrx_word' id='word_1_38' title='bbox 137 712 317 777; x_wconf 85' lang='lat' dir='ltr'><strong>Consulum</strong></span> <span class='ocrx_word' id='word_1_39' title='bbox 328 711 394 776; x_wconf 84' lang='lat' dir='ltr'><strong>de‘</strong></span> <span class='ocrx_word' id='word_1_40' title='bbox 461 723 565 776; x_wconf 88' lang='lat' dir='ltr'><strong>torum</strong></span> <span class='ocrx_word' id='word_1_41' title='bbox 576 711 655 777; x_wconf 90' lang='lat' dir='ltr'><strong>alter</strong></span> <span class='ocrx_word' id='word_1_42' title='bbox 666 711 851 793; x_wconf 78' lang='lat' dir='ltr'><strong>Flaminius,</strong></span> <span class='ocrx_word' id='word_1_43' title='bbox 861 716 913 780; x_wconf 90' lang='lat' dir='ltr'><strong>cui</strong></span> <span class='ocrx_word' id='word_1_44' title='bbox 923 739 979 780; x_wconf 90' lang='lat' dir='ltr'><strong>eae</strong></span> <span class='ocrx_word' id='word_1_45' title='bbox 990 715 1143 804; x_wconf 75' lang='lat' dir='ltr'><strong>legiones,</strong></span> <span class='ocrx_word' id='word_1_46' title='bbox 1208 741 1260 803; x_wconf 59' lang='lat'><strong>63,</strong></span> 
     </span>
     <span class='ocr_line' id='line_1_7' title="bbox 88 733 1146 900; baseline 0.005 -37"><span class='ocrx_word' id='word_1_47' title='bbox 88 821 176 900; x_wconf 83' lang='lat' dir='ltr'><strong>quae</strong></span> <span class='ocrx_word' id='word_1_48' title='bbox 198 733 622 875; x_wconf 59' lang='lat' dir='ltr'><strong>Placentiaefflltliernabant,</strong></span> <span class='ocrx_word' id='word_1_49' title='bbox 643 812 726 864; x_wconf 84' lang='lat' dir='ltr'><strong>sorte</strong></span> <span class='ocrx_word' id='word_1_50' title='bbox 747 815 928 877; x_wconf 82' lang='lat' dir='ltr'><strong>evenerant,</strong></span> <span class='ocrx_word' id='word_1_51' title='bbox 950 803 1091 869; x_wconf 89' lang='lat' dir='ltr'><strong>edictum</strong></span> <span class='ocrx_word' id='word_1_52' title='bbox 1112 815 1146 868; x_wconf 88' lang='lat' dir='ltr'><strong>et</strong></span> 
     </span>
     <span class='ocr_line' id='line_1_8' title="bbox 64 883 1145 962; baseline 0.006 -14"><span class='ocrx_word' id='word_1_53' title='bbox 64 885 199 959; x_wconf 85' lang='lat' dir='ltr'><strong>7lrteras</strong></span> <span class='ocrx_word' id='word_1_54' title='bbox 225 885 266 950; x_wconf 91' lang='lat' dir='ltr'><strong>ad</strong></span> <span class='ocrx_word' id='word_1_55' title='bbox 291 883 454 950; x_wconf 89' lang='lat' dir='ltr'><strong>consulem</strong></span> <span class='ocrx_word' id='word_1_56' title='bbox 477 885 571 962; x_wconf 84' lang='lat' dir='ltr'><strong>misit,</strong></span> <span class='ocrx_word' id='word_1_57' title='bbox 595 897 632 948; x_wconf 92' lang='lat' dir='ltr'><strong>ut</strong></span> <span class='ocrx_word' id='word_1_58' title='bbox 657 885 684 950; x_wconf 89' lang='lat' dir='ltr'><strong>is</strong></span> <span class='ocrx_word' id='word_1_59' title='bbox 706 887 863 952; x_wconf 87' lang='lat' dir='ltr'><strong>exercitus</strong></span> <span class='ocrx_word' id='word_1_60' title='bbox 886 887 996 953; x_wconf 87' lang='lat' dir='ltr'><strong>Idibus</strong></span> <span class='ocrx_word' id='word_1_61' title='bbox 1018 888 1145 954; x_wconf 86' lang='lat' dir='ltr'><strong>Martiis</strong></span> 
     </span>
     <span class='ocr_line' id='line_1_9' title="bbox 61 969 1291 1059; baseline 0.002 -21"><span class='ocrx_word' id='word_1_62' title='bbox 61 972 234 1038; x_wconf 80' lang='lat' dir='ltr'><strong>sArimini</strong></span> <span class='ocrx_word' id='word_1_63' title='bbox 248 971 373 1036; x_wconf 85' lang='lat' dir='ltr'><strong>adesset</strong></span> <span class='ocrx_word' id='word_1_64' title='bbox 390 970 555 1036; x_wconf 85' lang='lat' dir='ltr'><strong>incastris.</strong></span> <span class='ocrx_word' id='word_1_65' title='bbox 602 969 690 1036; x_wconf 88' lang='lat' dir='ltr'><strong>Huic</strong></span> <span class='ocrx_word' id='word_1_66' title='bbox 704 973 738 1036; x_wconf 91' lang='lat' dir='ltr'><strong>in</strong></span> <span class='ocrx_word' id='word_1_67' title='bbox 758 973 922 1059; x_wconf 85' lang='lat' dir='ltr'><strong>provincia</strong></span> <span class='ocrx_word' id='word_1_68' title='bbox 944 975 1143 1040; x_wconf 88' lang='lat' dir='ltr'><strong>consulatum</strong></span> <span class='ocrx_word' id='word_1_69' title='bbox 1153 991 1291 1041; x_wconf 73' lang='lat' dir='ltr'><strong>Temeritas</strong></span> 
     </span>
     <span class='ocr_line' id='line_1_10' title="bbox 88 1057 1302 1134; baseline 0.009 -14"><span class='ocrx_word' id='word_1_70' title='bbox 88 1059 173 1122; x_wconf 88' lang='lat' dir='ltr'><strong>inire</strong></span> <span class='ocrx_word' id='word_1_71' title='bbox 203 1057 370 1122; x_wconf 87' lang='lat' dir='ltr'><strong>consilium</strong></span> <span class='ocrx_word' id='word_1_72' title='bbox 394 1070 470 1134; x_wconf 89' lang='lat' dir='ltr'><strong>erat,</strong></span> <span class='ocrx_word' id='word_1_73' title='bbox 501 1057 633 1122; x_wconf 87' lang='lat' dir='ltr'><strong>memori</strong></span> <span class='ocrx_word' id='word_1_74' title='bbox 661 1069 806 1126; x_wconf 88' lang='lat' dir='ltr'><strong>veterum</strong></span> <span class='ocrx_word' id='word_1_75' title='bbox 835 1061 1044 1126; x_wconf 78' lang='lat' dir='ltr'><strong>certaminum</strong></span> <span class='ocrx_word' id='word_1_76' title='bbox 1069 1061 1302 1130; x_wconf 60' lang='lat' dir='ltr'><strong>metanoeas-</strong></span> 
     </span>
     <span class='ocr_line' id='line_1_11' title="bbox 61 1120 1290 1235; baseline 0.006 -29"><span class='ocrx_word' id='word_1_77' title='bbox 61 1122 258 1220; x_wconf 57' lang='lat' dir='ltr'><strong>?Patribus3</strong></span> <span class='ocrx_word' id='word_1_78' title='bbox 282 1166 365 1230; x_wconf 88' lang='lat' dir='ltr'><strong>quae</strong></span> <span class='ocrx_word' id='word_1_79' title='bbox 376 1143 522 1208; x_wconf 90' lang='lat' dir='ltr'><strong>tribunus</strong></span> <span class='ocrx_word' id='word_1_80' title='bbox 536 1143 648 1230; x_wconf 91' lang='lat' dir='ltr'><strong>plebis,</strong></span> <span class='ocrx_word' id='word_1_81' title='bbox 660 1157 694 1210; x_wconf 91' lang='lat' dir='ltr'><strong>et</strong></span> <span class='ocrx_word' id='word_1_82' title='bbox 708 1167 790 1231; x_wconf 91' lang='lat' dir='ltr'><strong>quae</strong></span> <span class='ocrx_word' id='word_1_83' title='bbox 802 1146 1043 1233; x_wconf 85' lang='lat' dir='ltr'><strong>posteaeonsul,</strong></span> <span class='ocrx_word' id='word_1_84' title='bbox 1055 1148 1143 1235; x_wconf 89' lang='lat' dir='ltr'><strong>prius</strong></span> <span class='ocrx_word' id='word_1_85' title='bbox 1152 1120 1290 1233; x_wconf 37' lang='lat' dir='ltr'><strong>{illm</strong></span> 
     </span>
     <span class='ocr_line' id='line_1_12' title="bbox 86 1229 1142 1321; baseline 0.006 -29"><span class='ocrx_word' id='word_1_86' title='bbox 86 1229 132 1293; x_wconf 89' lang='lat' dir='ltr'><strong>de</strong></span> <span class='ocrx_word' id='word_1_87' title='bbox 146 1229 324 1306; x_wconf 72' lang='lat' dir='ltr'><strong>eonstrlatm</strong></span> <span class='ocrx_word' id='word_1_88' title='bbox 363 1230 397 1294; x_wconf 93' lang='lat' dir='ltr'><strong>ui</strong></span> <span class='ocrx_word' id='word_1_89' title='bbox 411 1230 628 1316; x_wconf 78' lang='lat' dir='ltr'><strong>abrogabatur,</strong></span> <span class='ocrx_word' id='word_1_90' title='bbox 644 1229 719 1294; x_wconf 88' lang='lat' dir='ltr'><strong>dein</strong></span> <span class='ocrx_word' id='word_1_91' title='bbox 735 1231 776 1296; x_wconf 92' lang='lat' dir='ltr'><strong>de</strong></span> <span class='ocrx_word' id='word_1_92' title='bbox 792 1232 953 1321; x_wconf 89' lang='lat' dir='ltr'><strong>triumpho</strong></span> <span class='ocrx_word' id='word_1_93' title='bbox 968 1232 1142 1311; x_wconf 82' lang='lat' dir='ltr'><strong>habuerat3</strong></span> 
     </span>
     <span class='ocr_line' id='line_1_13' title="bbox 86 1253 1169 1405; baseline 0.005 -26"><span class='ocrx_word' id='word_1_94' title='bbox 86 1316 213 1380; x_wconf 82' lang='lat' dir='ltr'><strong>invisus</strong></span> <span class='ocrx_word' id='word_1_95' title='bbox 226 1317 323 1380; x_wconf 90' lang='lat' dir='ltr'><strong>etiam</strong></span> <span class='ocrx_word' id='word_1_96' title='bbox 338 1253 486 1380; x_wconf 57' lang='lat' dir='ltr'><strong>labibus</strong></span> <span class='ocrx_word' id='word_1_97' title='bbox 500 1317 542 1380; x_wconf 93' lang='lat' dir='ltr'><strong>ob</strong></span> <span class='ocrx_word' id='word_1_98' title='bbox 556 1337 672 1381; x_wconf 82' lang='lat' dir='ltr'><strong>novam</strong></span> <span class='ocrx_word' id='word_1_99' title='bbox 683 1316 797 1404; x_wconf 82' lang='lat' dir='ltr'><strong>legem,</strong></span> <span class='ocrx_word' id='word_1_100' title='bbox 813 1341 910 1405; x_wconf 90' lang='lat' dir='ltr'><strong>quam</strong></span> <span class='ocrx_word' id='word_1_101' title='bbox 928 1318 969 1394; x_wconf 86' lang='lat' dir='ltr'><strong>Q.</strong></span> <span class='ocrx_word' id='word_1_102' title='bbox 986 1319 1142 1386; x_wconf 84' lang='lat' dir='ltr'><strong>Claudius</strong></span> <span class='ocrx_word' id='word_1_103' title='bbox 1168 1339 1169 1342; x_wconf 72' lang='grc'>’</span> 
     </span>
     <span class='ocr_line' id='line_1_14' title="bbox 86 1401 1139 1489; baseline 0.005 -24"><span class='ocrx_word' id='word_1_104' title='bbox 86 1402 238 1466; x_wconf 88' lang='lat' dir='ltr'><strong>tribunus</strong></span> <span class='ocrx_word' id='word_1_105' title='bbox 245 1401 348 1489; x_wconf 85' lang='lat' dir='ltr'><strong>plebis</strong></span> <span class='ocrx_word' id='word_1_106' title='bbox 359 1401 507 1466; x_wconf 70' lang='lat' dir='ltr'><strong>adversus</strong></span> <span class='ocrx_word' id='word_1_107' title='bbox 521 1413 676 1480; x_wconf 86' lang='lat' dir='ltr'><strong>senatum,</strong></span> <span class='ocrx_word' id='word_1_108' title='bbox 689 1426 755 1468; x_wconf 92' lang='lat' dir='ltr'><strong>uno</strong></span> <span class='ocrx_word' id='word_1_109' title='bbox 770 1404 902 1470; x_wconf 88' lang='lat' dir='ltr'><strong>Patrum</strong></span> <span class='ocrx_word' id='word_1_110' title='bbox 917 1405 1088 1470; x_wconf 84' lang='lat' dir='ltr'><strong>adiuvante</strong></span> <span class='ocrx_word' id='word_1_111' title='bbox 1101 1405 1139 1470; x_wconf 91' lang='lat' dir='ltr'><strong>C.</strong></span> 
     </span>
     <span class='ocr_line' id='line_1_15' title="bbox 88 1487 1143 1578; baseline 0.004 -26"><span class='ocrx_word' id='word_1_112' title='bbox 88 1487 258 1565; x_wconf 82' lang='lat' dir='ltr'><strong>Flaminio,</strong></span> <span class='ocrx_word' id='word_1_113' title='bbox 277 1488 409 1562; x_wconf 80' lang='lat' dir='ltr'><strong>tulerat3</strong></span> <span class='ocrx_word' id='word_1_114' title='bbox 433 1487 565 1573; x_wconf 91' lang='lat' dir='ltr'><strong>nequis</strong></span> <span class='ocrx_word' id='word_1_115' title='bbox 589 1501 724 1565; x_wconf 86' lang='lat' dir='ltr'><strong>senator,</strong></span> <span class='ocrx_word' id='word_1_116' title='bbox 745 1490 836 1554; x_wconf 90' lang='lat' dir='ltr'><strong>cuive</strong></span> <span class='ocrx_word' id='word_1_117' title='bbox 860 1493 1034 1556; x_wconf 86' lang='lat' dir='ltr'><strong>senatorius</strong></span> <span class='ocrx_word' id='word_1_118' title='bbox 1051 1504 1143 1578; x_wconf 90' lang='lat' dir='ltr'><strong>pater</strong></span> 
     </span>
     <span class='ocr_line' id='line_1_16' title="bbox 85 1573 1141 1662; baseline 0.007 -26"><span class='ocrx_word' id='word_1_119' title='bbox 85 1573 210 1650; x_wconf 89' lang='lat' dir='ltr'><strong>fuisset,</strong></span> <span class='ocrx_word' id='word_1_120' title='bbox 222 1573 412 1638; x_wconf 80' lang='lat' dir='ltr'><strong>maritimam</strong></span> <span class='ocrx_word' id='word_1_121' title='bbox 427 1595 551 1650; x_wconf 87' lang='lat' dir='ltr'><strong>navem,</strong></span> <span class='ocrx_word' id='word_1_122' title='bbox 585 1597 643 1638; x_wconf 88' lang='lat' dir='ltr'><strong>uae</strong></span> <span class='ocrx_word' id='word_1_123' title='bbox 655 1574 728 1660; x_wconf 91' lang='lat' dir='ltr'><strong>plus</strong></span> <span class='ocrx_word' id='word_1_124' title='bbox 742 1599 839 1662; x_wconf 89' lang='lat' dir='ltr'><strong>quam</strong></span> <span class='ocrx_word' id='word_1_125' title='bbox 848 1589 1062 1642; x_wconf 86' lang='lat' dir='ltr'><strong>trecentarum</strong></span> <span class='ocrx_word' id='word_1_126' title='bbox 1074 1601 1141 1642; x_wconf 89' lang='lat' dir='ltr'><strong>am-</strong></span> 
     </span>
     <span class='ocr_line' id='line_1_17' title="bbox 85 1596 1141 1745; baseline 0.005 -22"><span class='ocrx_word' id='word_1_127' title='bbox 85 1659 261 1745; x_wconf 86' lang='lat' dir='ltr'><strong>phoramm</strong></span> <span class='ocrx_word' id='word_1_128' title='bbox 282 1672 373 1737; x_wconf 89' lang='lat' dir='ltr'><strong>esset,</strong></span> <span class='ocrx_word' id='word_1_129' title='bbox 394 1659 534 1724; x_wconf 81' lang='lat' dir='ltr'><strong>baberet.</strong></span> <span class='ocrx_word' id='word_1_130' title='bbox 561 1596 620 1724; x_wconf 87' lang='lat' dir='ltr'><strong>qId</strong></span> <span class='ocrx_word' id='word_1_131' title='bbox 643 1660 717 1724; x_wconf 86' lang='lat' dir='ltr'><strong>satis</strong></span> <span class='ocrx_word' id='word_1_132' title='bbox 737 1661 881 1728; x_wconf 88' lang='lat' dir='ltr'><strong>habitum</strong></span> <span class='ocrx_word' id='word_1_133' title='bbox 902 1664 945 1727; x_wconf 89' lang='lat' dir='ltr'><strong>ad</strong></span> <span class='ocrx_word' id='word_1_134' title='bbox 959 1663 1080 1728; x_wconf 89' lang='lat' dir='ltr'><strong>fructus</strong></span> <span class='ocrx_word' id='word_1_135' title='bbox 1100 1687 1141 1730; x_wconf 85' lang='lat' dir='ltr'><strong>ex</strong></span> 
     </span>
     <span class='ocr_line' id='line_1_18' title="bbox 61 1745 1139 1832; baseline 0.007 -24"><span class='ocrx_word' id='word_1_136' title='bbox 61 1746 173 1832; x_wconf 73' lang='lat' dir='ltr'><strong>sagr-is</strong></span> <span class='ocrx_word' id='word_1_137' title='bbox 187 1745 377 1811; x_wconf 79' lang='lat' dir='ltr'><strong>sectandos:</strong></span> <span class='ocrx_word' id='word_1_138' title='bbox 401 1759 552 1832; x_wconf 81' lang='lat' dir='ltr'><strong>quaestus</strong></span> <span class='ocrx_word' id='word_1_139' title='bbox 567 1747 670 1810; x_wconf 90' lang='lat' dir='ltr'><strong>omnis</strong></span> <span class='ocrx_word' id='word_1_140' title='bbox 693 1745 840 1814; x_wconf 90' lang='lat' dir='ltr'><strong>Patribus</strong></span> <span class='ocrx_word' id='word_1_141' title='bbox 856 1749 1026 1816; x_wconf 89' lang='lat' dir='ltr'><strong>indecorus</strong></span> <span class='ocrx_word' id='word_1_142' title='bbox 1045 1751 1139 1816; x_wconf 82' lang='lat' dir='ltr'><strong>visua</strong></span> 
     </span>
     <span class='ocr_line' id='line_1_19' title="bbox 86 1831 1142 1923; baseline 0.005 -28"><span class='ocrx_word' id='word_1_143' title='bbox 86 1831 167 1909; x_wconf 86' lang='lat' dir='ltr'><strong>Res,</strong></span> <span class='ocrx_word' id='word_1_144' title='bbox 179 1855 237 1919; x_wconf 90' lang='lat' dir='ltr'><strong>per</strong></span> <span class='ocrx_word' id='word_1_145' title='bbox 251 1854 407 1896; x_wconf 87' lang='lat' dir='ltr'><strong>summam</strong></span> <span class='ocrx_word' id='word_1_146' title='bbox 418 1832 657 1897; x_wconf 84' lang='lat' dir='ltr'><strong>contentionem</strong></span> <span class='ocrx_word' id='word_1_147' title='bbox 671 1843 750 1910; x_wconf 82' lang='lat' dir='ltr'><strong>acta,</strong></span> <span class='ocrx_word' id='word_1_148' title='bbox 760 1834 912 1900; x_wconf 87' lang='lat' dir='ltr'><strong>invidiam</strong></span> <span class='ocrx_word' id='word_1_149' title='bbox 925 1836 1012 1923; x_wconf 87' lang='lat' dir='ltr'><strong>apud</strong></span> <span class='ocrx_word' id='word_1_150' title='bbox 1026 1837 1142 1903; x_wconf 91' lang='lat' dir='ltr'><strong>nobili·</strong></span> 
     </span>
     <span class='ocr_line' id='line_1_20' title="bbox 85 1917 1141 2008; baseline 0.005 -26"><span class='ocrx_word' id='word_1_151' title='bbox 85 1931 188 1983; x_wconf 87' lang='lat' dir='ltr'><strong>tatem</strong></span> <span class='ocrx_word' id='word_1_152' title='bbox 203 1919 321 1984; x_wconf 80' lang='lat' dir='ltr'><strong>suasori</strong></span> <span class='ocrx_word' id='word_1_153' title='bbox 332 1918 411 2005; x_wconf 80' lang='lat' dir='ltr'><strong>legis</strong></span> <span class='ocrx_word' id='word_1_154' title='bbox 423 1917 589 1995; x_wconf 85' lang='lat' dir='ltr'><strong>Flaminio,</strong></span> <span class='ocrx_word' id='word_1_155' title='bbox 601 1918 740 1984; x_wconf 85' lang='lat' dir='ltr'><strong>favorem</strong></span> <span class='ocrx_word' id='word_1_156' title='bbox 751 1921 837 2008; x_wconf 88' lang='lat' dir='ltr'><strong>apud</strong></span> <span class='ocrx_word' id='word_1_157' title='bbox 851 1921 978 2008; x_wconf 90' lang='lat' dir='ltr'><strong>plebem</strong></span> <span class='ocrx_word' id='word_1_158' title='bbox 990 1921 1141 1987; x_wconf 86' lang='lat' dir='ltr'><strong>alterum-</strong></span> 
     </span>
     <span class='ocr_line' id='line_1_21' title="bbox 59 2003 1141 2091; baseline 0.005 -24"><span class='ocrx_word' id='word_1_159' title='bbox 59 2027 152 2090; x_wconf 83' lang='lat' dir='ltr'><strong>3que</strong></span> <span class='ocrx_word' id='word_1_160' title='bbox 161 2005 238 2070; x_wconf 88' lang='lat' dir='ltr'><strong>inde</strong></span> <span class='ocrx_word' id='word_1_161' title='bbox 250 2004 509 2091; x_wconf 88' lang='lat' dir='ltr'><strong>consulatum,pe</strong></span> <span class='ocrx_word' id='word_1_162' title='bbox 553 2003 602 2069; x_wconf 89' lang='lat' dir='ltr'><strong>rit</strong></span> <span class='ocrx_word' id='word_1_163' title='bbox 628 2003 681 2071; x_wconf 94' lang='lat' dir='ltr'><strong>Ob</strong></span> <span class='ocrx_word' id='word_1_164' title='bbox 692 2005 771 2072; x_wconf 81' lang='lat' dir='ltr'><strong>haec</strong></span> <span class='ocrx_word' id='word_1_165' title='bbox 780 2019 894 2072; x_wconf 90' lang='lat' dir='ltr'><strong>ratusa</strong></span> <span class='ocrx_word' id='word_1_166' title='bbox 955 2009 1141 2074; x_wconf 90' lang='lat' dir='ltr'><strong>ioiisemen-</strong></span> 
     </span>
     <span class='ocr_line' id='line_1_22' title="bbox 85 2091 1141 2177; baseline 0.004 -23"><span class='ocrx_word' id='word_1_167' title='bbox 85 2091 216 2167; x_wconf 88' lang='lat' dir='ltr'><strong>tiendis,</strong></span> <span class='ocrx_word' id='word_1_168' title='bbox 233 2091 483 2177; x_wconf 88' lang='lat' dir='ltr'><strong>Latinarumque</strong></span> <span class='ocrx_word' id='word_1_169' title='bbox 514 2091 652 2154; x_wconf 85' lang='lat' dir='ltr'><strong>criamm</strong></span> <span class='ocrx_word' id='word_1_170' title='bbox 674 2113 771 2168; x_wconf 92' lang='lat' dir='ltr'><strong>mora,</strong></span> <span class='ocrx_word' id='word_1_171' title='bbox 787 2105 821 2157; x_wconf 90' lang='lat' dir='ltr'><strong>et</strong></span> <span class='ocrx_word' id='word_1_172' title='bbox 840 2116 917 2158; x_wconf 90' lang='lat' dir='ltr'><strong>cous</strong></span> <span class='ocrx_word' id='word_1_173' title='bbox 951 2095 1057 2158; x_wconf 89' lang='lat' dir='ltr'><strong>aribus</strong></span> <span class='ocrx_word' id='word_1_174' title='bbox 1072 2094 1141 2158; x_wconf 90' lang='lat' dir='ltr'><strong>aliis</strong></span> 
     </span>
     <span class='ocr_line' id='line_1_23' title="bbox 85 2176 1140 2266; baseline 0.003 -25"><span class='ocrx_word' id='word_1_175' title='bbox 85 2176 327 2264; x_wconf 86' lang='lat' dir='ltr'><strong>impedimentis</strong></span> <span class='ocrx_word' id='word_1_176' title='bbox 336 2189 514 2242; x_wconf 85' lang='lat' dir='ltr'><strong>retenturos</strong></span> <span class='ocrx_word' id='word_1_177' title='bbox 523 2197 556 2242; x_wconf 87' lang='lat' dir='ltr'><strong>se</strong></span> <span class='ocrx_word' id='word_1_178' title='bbox 568 2176 602 2240; x_wconf 90' lang='lat' dir='ltr'><strong>in</strong></span> <span class='ocrx_word' id='word_1_179' title='bbox 618 2176 706 2253; x_wconf 89' lang='lat' dir='ltr'><strong>urbe,</strong></span> <span class='ocrx_word' id='word_1_180' title='bbox 716 2177 863 2243; x_wconf 85' lang='lat' dir='ltr'><strong>simulato</strong></span> <span class='ocrx_word' id='word_1_181' title='bbox 872 2180 988 2258; x_wconf 85' lang='lat' dir='ltr'><strong>itinere</strong></span> <span class='ocrx_word' id='word_1_182' title='bbox 1000 2180 1140 2266; x_wconf 87' lang='lat' dir='ltr'><strong>privatus</strong></span> 
     </span>
     <span class='ocr_line' id='line_1_24' title="bbox 84 2262 1259 2352; baseline 0.002 -24"><span class='ocrx_word' id='word_1_183' title='bbox 84 2263 170 2328; x_wconf 89' lang='lat' dir='ltr'><strong>clam</strong></span> <span class='ocrx_word' id='word_1_184' title='bbox 199 2264 233 2327; x_wconf 93' lang='lat' dir='ltr'><strong>in</strong></span> <span class='ocrx_word' id='word_1_185' title='bbox 258 2263 451 2350; x_wconf 87' lang='lat' dir='ltr'><strong>provinciam</strong></span> <span class='ocrx_word' id='word_1_186' title='bbox 478 2263 564 2328; x_wconf 85' lang='lat' dir='ltr'><strong>abiit</strong></span> <span class='ocrx_word' id='word_1_187' title='bbox 611 2262 660 2327; x_wconf 88' lang='lat' dir='ltr'><strong>Ea</strong></span> <span class='ocrx_word' id='word_1_188' title='bbox 685 2285 744 2340; x_wconf 89' lang='lat' dir='ltr'><strong>res,</strong></span> <span class='ocrx_word' id='word_1_189' title='bbox 768 2264 823 2328; x_wconf 92' lang='lat' dir='ltr'><strong>ubi</strong></span> <span class='ocrx_word' id='word_1_190' title='bbox 847 2265 950 2352; x_wconf 91' lang='lat' dir='ltr'><strong>palam</strong></span> <span class='ocrx_word' id='word_1_191' title='bbox 974 2265 1057 2329; x_wconf 82' lang='lat' dir='ltr'><strong>facta</strong></span> <span class='ocrx_word' id='word_1_192' title='bbox 1080 2280 1137 2344; x_wconf 89' lang='lat' dir='ltr'><strong>est,</strong></span> <span class='ocrx_word' id='word_1_193' title='bbox 1149 2291 1222 2340; x_wconf 82' lang='lat' dir='ltr'><strong>ctam</strong></span> <span class='ocrx_word' id='word_1_194' title='bbox 1233 2290 1259 2341; x_wconf 83' lang='lat' dir='ltr'><strong>in</strong></span> 
     </span>
     <span class='ocr_line' id='line_1_25' title="bbox 82 2349 1297 2436; baseline 0.004 -23"><span class='ocrx_word' id='word_1_195' title='bbox 82 2373 203 2414; x_wconf 84' lang='lat' dir='ltr'><strong>novam</strong></span> <span class='ocrx_word' id='word_1_196' title='bbox 218 2350 348 2436; x_wconf 90' lang='lat' dir='ltr'><strong>insuper</strong></span> <span class='ocrx_word' id='word_1_197' title='bbox 356 2349 435 2413; x_wconf 90' lang='lat' dir='ltr'><strong>iram</strong></span> <span class='ocrx_word' id='word_1_198' title='bbox 447 2349 568 2413; x_wconf 86' lang='lat' dir='ltr'><strong>infestis</strong></span> <span class='ocrx_word' id='word_1_199' title='bbox 583 2350 646 2413; x_wconf 90' lang='lat' dir='ltr'><strong>iam</strong></span> <span class='ocrx_word' id='word_1_200' title='bbox 658 2361 731 2414; x_wconf 89' lang='lat' dir='ltr'><strong>ante</strong></span> <span class='ocrx_word' id='word_1_201' title='bbox 743 2349 891 2415; x_wconf 91' lang='lat' dir='ltr'><strong>Patribus</strong></span> <span class='ocrx_word' id='word_1_202' title='bbox 902 2349 1015 2415; x_wconf 87' lang='lat' dir='ltr'><strong>movit:</strong></span> <span class='ocrx_word' id='word_1_203' title='bbox 1041 2351 1138 2417; x_wconf 89' lang='lat' dir='ltr'><strong>‘Non</strong></span> <span class='ocrx_word' id='word_1_204' title='bbox 1147 2355 1297 2430; x_wconf 71' lang='lat' dir='ltr'><strong>provinciam</strong></span> 
     </span>
     <span class='ocr_line' id='line_1_26' title="bbox 84 2421 1207 2516; baseline 0.004 -16"><span class='ocrx_word' id='word_1_205' title='bbox 84 2445 179 2500; x_wconf 88' lang='lat' dir='ltr'><strong>‘cum</strong></span> <span class='ocrx_word' id='word_1_206' title='bbox 211 2449 323 2501; x_wconf 87' lang='lat' dir='ltr'><strong>senatu</strong></span> <span class='ocrx_word' id='word_1_207' title='bbox 348 2434 453 2513; x_wconf 89' lang='lat' dir='ltr'><strong>modo,</strong></span> <span class='ocrx_word' id='word_1_208' title='bbox 478 2435 535 2500; x_wconf 90' lang='lat' dir='ltr'><strong>sed</strong></span> <span class='ocrx_word' id='word_1_209' title='bbox 558 2435 622 2499; x_wconf 91' lang='lat' dir='ltr'><strong>iam</strong></span> <span class='ocrx_word' id='word_1_210' title='bbox 648 2458 722 2500; x_wconf 89' lang='lat' dir='ltr'><strong>cum</strong></span> <span class='ocrx_word' id='word_1_211' title='bbox 746 2436 807 2501; x_wconf 92' lang='lat' dir='ltr'><strong>diis</strong></span> <span class='ocrx_word' id='word_1_212' title='bbox 829 2437 1069 2516; x_wconf 79' lang='lat' dir='ltr'><strong>immortalibus,</strong></span> <span class='ocrx_word' id='word_1_213' title='bbox 1097 2421 1207 2504; x_wconf 50' lang='grc' dir='ltr'><strong>ΟΜ·</strong></span> 
     </span>
     <span class='ocr_line' id='line_1_27' title="bbox 83 2520 1138 2610; baseline 0.004 -24"><span class='ocrx_word' id='word_1_214' title='bbox 83 2521 300 2586; x_wconf 89' lang='lat' dir='ltr'><strong>‘Flaminium</strong></span> <span class='ocrx_word' id='word_1_215' title='bbox 324 2521 444 2586; x_wconf 90' lang='lat' dir='ltr'><strong>bellum</strong></span> <span class='ocrx_word' id='word_1_216' title='bbox 473 2542 594 2608; x_wconf 81' lang='lat' dir='ltr'><strong>gerere.</strong></span> <span class='ocrx_word' id='word_1_217' title='bbox 641 2520 816 2587; x_wconf 83' lang='lat' dir='ltr'><strong>Consulem</strong></span> <span class='ocrx_word' id='word_1_218' title='bbox 841 2536 915 2588; x_wconf 88' lang='lat' dir='ltr'><strong>ante</strong></span> <span class='ocrx_word' id='word_1_219' title='bbox 941 2525 1138 2610; x_wconf 91' lang='lat' dir='ltr'><strong>inauspicato</strong></span> 
     </span>
     <span class='ocr_line' id='line_1_28' title="bbox 82 2607 1138 2696; baseline 0.003 -24"><span class='ocrx_word' id='word_1_220' title='bbox 82 2610 228 2672; x_wconf 86' lang='lat' dir='ltr'><strong>‘factum</strong></span> <span class='ocrx_word' id='word_1_221' title='bbox 243 2607 463 2673; x_wconf 89' lang='lat' dir='ltr'><strong>revocantibus</strong></span> <span class='ocrx_word' id='word_1_222' title='bbox 477 2630 519 2672; x_wconf 86' lang='lat' dir='ltr'><strong>ex</strong></span> <span class='ocrx_word' id='word_1_223' title='bbox 534 2607 602 2694; x_wconf 87' lang='lat' dir='ltr'><strong>ipsa</strong></span> <span class='ocrx_word' id='word_1_224' title='bbox 610 2609 677 2672; x_wconf 89' lang='lat' dir='ltr'><strong>acie</strong></span> <span class='ocrx_word' id='word_1_225' title='bbox 690 2607 752 2673; x_wconf 92' lang='lat' dir='ltr'><strong>diis</strong></span> <span class='ocrx_word' id='word_1_226' title='bbox 767 2622 863 2696; x_wconf 90' lang='lat' dir='ltr'><strong>atque</strong></span> <span class='ocrx_word' id='word_1_227' title='bbox 874 2610 1057 2675; x_wconf 91' lang='lat' dir='ltr'><strong>bominibus</strong></span> <span class='ocrx_word' id='word_1_228' title='bbox 1072 2635 1138 2676; x_wconf 90' lang='lat' dir='ltr'><strong>non</strong></span> 
     </span>
     <span class='ocr_line' id='line_1_29' title="bbox 82 2693 1137 2783; baseline 0.005 -25"><span class='ocrx_word' id='word_1_229' title='bbox 82 2694 248 2781; x_wconf 87' lang='lat' dir='ltr'><strong>‘paruisse</strong></span> <span class='ocrx_word' id='word_1_230' title='bbox 261 2717 270 2770; x_wconf 90' lang='lat'>;</span> <span class='ocrx_word' id='word_1_231' title='bbox 293 2706 327 2760; x_wconf 88' lang='lat' dir='ltr'><strong>et</strong></span> <span class='ocrx_word' id='word_1_232' title='bbox 341 2717 427 2758; x_wconf 90' lang='lat' dir='ltr'><strong>nunc</strong></span> <span class='ocrx_word' id='word_1_233' title='bbox 442 2693 635 2758; x_wconf 89' lang='lat' dir='ltr'><strong>conscientia</strong></span> <span class='ocrx_word' id='word_1_234' title='bbox 649 2705 827 2781; x_wconf 88' lang='lat' dir='ltr'><strong>spretorum</strong></span> <span class='ocrx_word' id='word_1_235' title='bbox 842 2708 874 2760; x_wconf 91' lang='lat' dir='ltr'><strong>et</strong></span> <span class='ocrx_word' id='word_1_236' title='bbox 891 2695 1087 2783; x_wconf 86' lang='lat' dir='ltr'><strong>Capitolium</strong></span> <span class='ocrx_word' id='word_1_237' title='bbox 1102 2711 1137 2763; x_wconf 89' lang='lat' dir='ltr'><strong>et</strong></span> 
     </span>
     <span class='ocr_line' id='line_1_30' title="bbox 82 2779 1137 2930; baseline 0.005 -87"><span class='ocrx_word' id='word_1_238' title='bbox 82 2779 283 2844; x_wconf 89' lang='lat' dir='ltr'><strong>‘sollennem</strong></span> <span class='ocrx_word' id='word_1_239' title='bbox 305 2792 451 2845; x_wconf 86' lang='lat' dir='ltr'><strong>votorum</strong></span> <span class='ocrx_word' id='word_1_240' title='bbox 472 2779 745 2866; x_wconf 89' lang='lat' dir='ltr'><strong>nuncupationem</strong></span> <span class='ocrx_word' id='word_1_241' title='bbox 766 2781 900 2930; x_wconf 61' lang='lat' dir='ltr'><strong>stipasse:</strong></span> <span class='ocrx_word' id='word_1_242' title='bbox 925 2805 966 2847; x_wconf 90' lang='lat' dir='ltr'><strong>ne</strong></span> <span class='ocrx_word' id='word_1_243' title='bbox 989 2783 1041 2847; x_wconf 90' lang='lat' dir='ltr'><strong>die</strong></span> <span class='ocrx_word' id='word_1_244' title='bbox 1064 2784 1137 2848; x_wconf 89' lang='lat' dir='ltr'><strong>initi</strong></span> 
     </span>
     <span class='ocr_line' id='line_1_31' title="bbox 82 2865 1138 2954; baseline 0.004 -24"><span class='ocrx_word' id='word_1_245' title='bbox 82 2865 306 2952; x_wconf 81' lang='lat' dir='ltr'><strong>‘magistratus</strong></span> <span class='ocrx_word' id='word_1_246' title='bbox 326 2865 410 2930; x_wconf 88' lang='lat' dir='ltr'><strong>Iovis</strong></span> <span class='ocrx_word' id='word_1_247' title='bbox 430 2865 543 2953; x_wconf 91' lang='lat' dir='ltr'><strong>optimi</strong></span> <span class='ocrx_word' id='word_1_248' title='bbox 562 2865 693 2930; x_wconf 84' lang='lat' dir='ltr'><strong>maximi</strong></span> <span class='ocrx_word' id='word_1_249' title='bbox 713 2879 801 2954; x_wconf 83' lang='lat' dir='ltr'><strong>temp</strong></span> <span class='ocrx_word' id='word_1_250' title='bbox 814 2890 867 2932; x_wconf 92' lang='lat' dir='ltr'><strong>um</strong></span> <span class='ocrx_word' id='word_1_251' title='bbox 888 2868 1007 2934; x_wconf 86' lang='lat' dir='ltr'><strong>adiret:</strong></span> <span class='ocrx_word' id='word_1_252' title='bbox 1032 2891 1073 2932; x_wconf 92' lang='lat' dir='ltr'><strong>ne</strong></span> <span class='ocrx_word' id='word_1_253' title='bbox 1088 2891 1138 2934; x_wconf 93' lang='lat' dir='ltr'><strong>se·</strong></span> 
     </span>
     <span class='ocr_line' id='line_1_32' title="bbox 82 2951 1137 3040; baseline 0.004 -24"><span class='ocrx_word' id='word_1_254' title='bbox 82 2964 227 3029; x_wconf 66' lang='lat' dir='ltr'><strong>matum,</strong></span> <span class='ocrx_word' id='word_1_255' title='bbox 247 2952 367 3018; x_wconf 85' lang='lat' dir='ltr'><strong>invisus</strong></span> <span class='ocrx_word' id='word_1_256' title='bbox 386 2953 463 3040; x_wconf 90' lang='lat' dir='ltr'><strong>ipse,</strong></span> <span class='ocrx_word' id='word_1_257' title='bbox 478 2963 512 3018; x_wconf 87' lang='lat' dir='ltr'><strong>et</strong></span> <span class='ocrx_word' id='word_1_258' title='bbox 529 2951 588 3017; x_wconf 91' lang='lat' dir='ltr'><strong>sibi</strong></span> <span class='ocrx_word' id='word_1_259' title='bbox 608 2953 665 3018; x_wconf 91' lang='lat' dir='ltr'><strong>uui</strong></span> <span class='ocrx_word' id='word_1_260' title='bbox 685 2953 833 3033; x_wconf 85' lang='lat' dir='ltr'><strong>invisum,</strong></span> <span class='ocrx_word' id='word_1_261' title='bbox 850 2954 972 3020; x_wconf 85' lang='lat' dir='ltr'><strong>videret</strong></span> <span class='ocrx_word' id='word_1_262' title='bbox 992 2954 1137 3020; x_wconf 91' lang='lat' dir='ltr'><strong>consule·</strong></span> 
     </span>
    </p>
   </div>
   <div class='ocr_carea' id='block_1_3' title="bbox 82 3119 1140 4334">
    <p class='ocr_par' dir='ltr' id='par_1_3' title="bbox 82 3119 1138 3321">
     <span class='ocr_line' id='line_1_33' title="bbox 119 3119 1138 3184; baseline 0.003 -14"><span class='ocrx_word' id='word_1_263' title='bbox 119 3123 237 3184; x_wconf 81' lang='lat' dir='ltr'><strong>7Istitus</strong></span> <span class='ocrx_word' id='word_1_264' title='bbox 250 3123 366 3181; x_wconf 77' lang='lat' dir='ltr'><strong>Martiis]</strong></span> <span class='ocrx_word' id='word_1_265' title='bbox 397 3119 448 3168; x_wconf 87' lang='lat' dir='ltr'><strong>Hic</strong></span> <span class='ocrx_word' id='word_1_266' title='bbox 468 3120 520 3168; x_wconf 89' lang='lat' dir='ltr'><strong>dies</strong></span> <span class='ocrx_word' id='word_1_267' title='bbox 541 3125 595 3168; x_wconf 90' lang='lat' dir='ltr'><strong>tum</strong></span> <span class='ocrx_word' id='word_1_268' title='bbox 627 3136 677 3175; x_wconf 84' lang='lat' dir='ltr'><strong>nou</strong></span> <span class='ocrx_word' id='word_1_269' title='bbox 693 3120 761 3183; x_wconf 87' lang='lat' dir='ltr'><strong>prius</strong></span> <span class='ocrx_word' id='word_1_270' title='bbox 777 3121 909 3184; x_wconf 88' lang='lat' dir='ltr'><strong>aperuisse,</strong></span> <span class='ocrx_word' id='word_1_271' title='bbox 920 3137 994 3184; x_wconf 89' lang='lat' dir='ltr'><strong>quam</strong></span> <span class='ocrx_word' id='word_1_272' title='bbox 1009 3123 1091 3173; x_wconf 88' lang='lat' dir='ltr'><strong>hostes</strong></span> <span class='ocrx_word' id='word_1_273' title='bbox 1101 3125 1138 3172; x_wconf 86' lang='lat' dir='ltr'><strong>l&#39;u-</strong></span> 
     </span>
     <span class='ocr_line' id='line_1_34' title="bbox 82 3183 1138 3249; baseline 0.003 -15"><span class='ocrx_word' id='word_1_274' title='bbox 82 3183 203 3247; x_wconf 79' lang='lat' dir='ltr'><strong>temporis</strong></span> <span class='ocrx_word' id='word_1_275' title='bbox 222 3185 402 3245; x_wconf 82' lang='lat' dir='ltr'><strong>magistratibus</strong></span> <span class='ocrx_word' id='word_1_276' title='bbox 418 3183 532 3232; x_wconf 86' lang='lat' dir='ltr'><strong>ineundis</strong></span> <span class='ocrx_word' id='word_1_277' title='bbox 548 3185 595 3231; x_wconf 92' lang='lat' dir='ltr'><strong>sol·</strong></span> <span class='ocrx_word' id='word_1_278' title='bbox 628 3184 718 3233; x_wconf 85' lang='lat' dir='ltr'><strong>disset:</strong></span> <span class='ocrx_word' id='word_1_279' title='bbox 742 3184 772 3232; x_wconf 86' lang='lat' dir='ltr'><strong>cf.</strong></span> <span class='ocrx_word' id='word_1_280' title='bbox 790 3185 877 3247; x_wconf 86' lang='lat' dir='ltr'><strong>Polyb.</strong></span> <span class='ocrx_word' id='word_1_281' title='bbox 895 3185 919 3234; x_wconf 92' lang='lat' dir='ltr'><strong>ii.</strong></span> <span class='ocrx_word' id='word_1_282' title='bbox 938 3200 977 3247; x_wconf 79' lang='lat'><strong>32,</strong></span> <span class='ocrx_word' id='word_1_283' title='bbox 997 3202 1034 3248; x_wconf 81' lang='lat'><strong>33.</strong></span> <span class='ocrx_word' id='word_1_284' title='bbox 1054 3187 1138 3249; x_wconf 86' lang='lat' dir='ltr'><strong>itaque</strong></span> 
     </span>
     <span class='ocr_line' id='line_1_35' title="bbox 83 3245 1137 3321; baseline 0.002 -23"><span class='ocrx_word' id='word_1_285' title='bbox 83 3249 166 3298; x_wconf 87' lang='lat' dir='ltr'><strong>lenuis</strong></span> <span class='ocrx_word' id='word_1_286' title='bbox 177 3255 237 3296; x_wconf 87' lang='lat' dir='ltr'><strong>erat.</strong></span> <span class='ocrx_word' id='word_1_287' title='bbox 260 3248 290 3298; x_wconf 71' lang='lat' dir='ltr'><strong>ci</strong></span> <span class='ocrx_word' id='word_1_288' title='bbox 302 3247 357 3296; x_wconf 76' lang='lat' dir='ltr'><strong>intr.</strong></span> <span class='ocrx_word' id='word_1_289' title='bbox 369 3247 428 3297; x_wconf 83' lang='lat' dir='ltr'><strong>xxii.</strong></span> <span class='ocrx_word' id='word_1_290' title='bbox 445 3263 464 3296; x_wconf 89' lang='lat' dir='ltr'><strong>r.</strong></span> <span class='ocrx_word' id='word_1_291' title='bbox 482 3248 539 3296; x_wconf 69' lang='lat' dir='ltr'><strong>swa.</strong></span> <span class='ocrx_word' id='word_1_292' title='bbox 628 3247 722 3306; x_wconf 82' lang='lat' dir='ltr'><strong>victori,</strong></span> <span class='ocrx_word' id='word_1_293' title='bbox 733 3262 788 3296; x_wconf 88' lang='lat' dir='ltr'><strong>eum</strong></span> <span class='ocrx_word' id='word_1_294' title='bbox 801 3245 893 3321; x_wconf 64' lang='lat' dir='ltr'><strong>ingenti</strong></span> <span class='ocrx_word' id='word_1_295' title='bbox 910 3251 1001 3310; x_wconf 88' lang='lat' dir='ltr'><strong>praeda</strong></span> <span class='ocrx_word' id='word_1_296' title='bbox 1016 3251 1137 3311; x_wconf 87' lang='lat' dir='ltr'><strong>redeunti,</strong></span> 
     </span>
    </p>

    <p class='ocr_par' dir='ltr' id='par_1_4' title="bbox 83 3309 1138 3563">
     <span class='ocr_line' id='line_1_36' title="bbox 117 3309 1137 3375; baseline 0.002 -15"><span class='ocrx_word' id='word_1_297' title='bbox 117 3313 273 3372; x_wconf 77' lang='lat' dir='ltr'><strong>8Arimiai]</strong></span> <span class='ocrx_word' id='word_1_298' title='bbox 293 3310 334 3359; x_wconf 87' lang='lat' dir='ltr'><strong>Da</strong></span> <span class='ocrx_word' id='word_1_299' title='bbox 348 3310 463 3360; x_wconf 86' lang='lat' dir='ltr'><strong>Flaminii</strong></span> <span class='ocrx_word' id='word_1_300' title='bbox 481 3310 544 3358; x_wconf 90' lang='lat' dir='ltr'><strong>dolis</strong></span> <span class='ocrx_word' id='word_1_301' title='bbox 559 3310 594 3358; x_wconf 82' lang='lat' dir='ltr'><strong>ni·</strong></span> <span class='ocrx_word' id='word_1_302' title='bbox 628 3309 779 3373; x_wconf 90' lang='lat' dir='ltr'><strong>triumphum</strong></span> <span class='ocrx_word' id='word_1_303' title='bbox 801 3311 875 3359; x_wconf 81' lang='lat' dir='ltr'><strong>finsse</strong></span> <span class='ocrx_word' id='word_1_304' title='bbox 897 3319 1029 3373; x_wconf 71' lang='lat' dir='ltr'><strong>negatum</strong></span> <span class='ocrx_word' id='word_1_305' title='bbox 1055 3314 1137 3375; x_wconf 86' lang='lat' dir='ltr'><strong>ipsum</strong></span> 
     </span>
     <span class='ocr_line' id='line_1_37' title="bbox 83 3372 1138 3448; baseline -0.002 -24"><span class='ocrx_word' id='word_1_306' title='bbox 83 3377 121 3424; x_wconf 91' lang='lat' dir='ltr'><strong>hil</strong></span> <span class='ocrx_word' id='word_1_307' title='bbox 130 3377 206 3424; x_wconf 90' lang='lat' dir='ltr'><strong>habet</strong></span> <span class='ocrx_word' id='word_1_308' title='bbox 214 3373 386 3448; x_wconf 59' lang='lat' dir='ltr'><strong>Polybiusqui</strong></span> <span class='ocrx_word' id='word_1_309' title='bbox 395 3373 544 3424; x_wconf 84' lang='lat' dir='ltr'><strong>Flaminium</strong></span> <span class='ocrx_word' id='word_1_310' title='bbox 553 3375 596 3421; x_wconf 78' lang='lat' dir='ltr'><strong>Ar·</strong></span> <span class='ocrx_word' id='word_1_311' title='bbox 631 3389 686 3422; x_wconf 82' lang='lat' dir='ltr'><strong>vero</strong></span> <span class='ocrx_word' id='word_1_312' title='bbox 706 3372 828 3435; x_wconf 78' lang='lat' dir='ltr'><strong>priuatum</strong></span> <span class='ocrx_word' id='word_1_313' title='bbox 847 3373 1018 3437; x_wconf 86' lang='lat' dir='ltr'><strong>triumphasse,</strong></span> <span class='ocrx_word' id='word_1_314' title='bbox 1035 3383 1061 3425; x_wconf 88' lang='lat' dir='ltr'><strong>et</strong></span> <span class='ocrx_word' id='word_1_315' title='bbox 1079 3393 1138 3426; x_wconf 88' lang='lat' dir='ltr'><strong>mox</strong></span> 
     </span>
     <span class='ocr_line' id='line_1_38' title="bbox 83 3435 1128 3499; baseline 0.002 -11"><span class='ocrx_word' id='word_1_316' title='bbox 83 3440 184 3498; x_wconf 86' lang='lat' dir='ltr'><strong>retium,</strong></span> <span class='ocrx_word' id='word_1_317' title='bbox 201 3438 331 3490; x_wconf 76' lang='lat' dir='ltr'><strong>Servilium</strong></span> <span class='ocrx_word' id='word_1_318' title='bbox 350 3437 488 3488; x_wconf 77' lang='lat' dir='ltr'><strong>Ariminum</strong></span> <span class='ocrx_word' id='word_1_319' title='bbox 505 3438 597 3499; x_wconf 80' lang='lat' dir='ltr'><strong>prosec-</strong></span> <span class='ocrx_word' id='word_1_320' title='bbox 629 3435 772 3499; x_wconf 76' lang='lat' dir='ltr'><strong>magistratu</strong></span> <span class='ocrx_word' id='word_1_321' title='bbox 783 3437 849 3486; x_wconf 87' lang='lat' dir='ltr'><strong>abire</strong></span> <span class='ocrx_word' id='word_1_322' title='bbox 861 3444 973 3488; x_wconf 86' lang='lat' dir='ltr'><strong>coactum</strong></span> <span class='ocrx_word' id='word_1_323' title='bbox 985 3455 1044 3490; x_wconf 86' lang='lat' dir='ltr'><strong>esse.</strong></span> <span class='ocrx_word' id='word_1_324' title='bbox 1062 3441 1128 3490; x_wconf 79' lang='lat' dir='ltr'><strong>Eur.</strong></span> 
     </span>
     <span class='ocr_line' id='line_1_39' title="bbox 83 3501 1138 3563; baseline 0.001 -11"><span class='ocrx_word' id='word_1_325' title='bbox 83 3511 123 3553; x_wconf 87' lang='lat' dir='ltr'><strong>tos</strong></span> <span class='ocrx_word' id='word_1_326' title='bbox 134 3518 188 3552; x_wconf 69' lang='lat' dir='ltr'><strong>eme</strong></span> <span class='ocrx_word' id='word_1_327' title='bbox 198 3503 288 3552; x_wconf 84' lang='lat' dir='ltr'><strong>scribit.</strong></span> <span class='ocrx_word' id='word_1_328' title='bbox 300 3501 333 3551; x_wconf 91' lang='lat' dir='ltr'><strong>iii.</strong></span> <span class='ocrx_word' id='word_1_329' title='bbox 346 3513 382 3563; x_wconf 82' lang='lat'><strong>77.</strong></span> <span class='ocrx_word' id='word_1_330' title='bbox 662 3516 676 3549; x_wconf 87' lang='lat' dir='ltr'><strong>a</strong></span> <span class='ocrx_word' id='word_1_331' title='bbox 694 3503 814 3558; x_wconf 75' lang='lat' dir='ltr'><strong>Quaestus</strong></span> <span class='ocrx_word' id='word_1_332' title='bbox 827 3504 904 3550; x_wconf 80' lang='lat' dir='ltr'><strong>omnis</strong></span> <span class='ocrx_word' id='word_1_333' title='bbox 915 3503 1034 3552; x_wconf 78' lang='lat' dir='ltr'><strong>Patribus</strong></span> <span class='ocrx_word' id='word_1_334' title='bbox 1044 3505 1138 3554; x_wconf 75' lang='lat' dir='ltr'><strong>indeco-</strong></span> 
     </span>
    </p>

    <p class='ocr_par' dir='ltr' id='par_1_5' title="bbox 83 3565 1139 3820">
     <span class='ocr_line' id='line_1_40' title="bbox 117 3565 1137 3640; baseline 0.001 -25"><span class='ocrx_word' id='word_1_335' title='bbox 117 3569 221 3631; x_wconf 81' lang='lat' dir='ltr'><strong>9Quaa</strong></span> <span class='ocrx_word' id='word_1_336' title='bbox 241 3568 355 3615; x_wconf 74' lang='lat' dir='ltr'><strong>tribanus</strong></span> <span class='ocrx_word' id='word_1_337' title='bbox 372 3567 462 3628; x_wconf 79' lang='lat' dir='ltr'><strong>plebis]</strong></span> <span class='ocrx_word' id='word_1_338' title='bbox 489 3565 596 3620; x_wconf 79' lang='lat' dir='ltr'><strong>Quando</strong></span> <span class='ocrx_word' id='word_1_339' title='bbox 629 3565 838 3625; x_wconf 74' lang='lat' dir='ltr'><strong>rmaisquNam</strong></span> <span class='ocrx_word' id='word_1_340' title='bbox 846 3571 969 3616; x_wconf 84' lang='lat' dir='ltr'><strong>senatores</strong></span> <span class='ocrx_word' id='word_1_341' title='bbox 978 3568 1137 3640; x_wconf 88' lang='lat' dir='ltr'><strong>postbellum</strong></span> 
     </span>
     <span class='ocr_line' id='line_1_41' title="bbox 83 3627 1138 3693; baseline 0 -13"><span class='ocrx_word' id='word_1_342' title='bbox 83 3631 237 3693; x_wconf 76' lang='lat' dir='ltr'><strong>rogationem</strong></span> <span class='ocrx_word' id='word_1_343' title='bbox 259 3631 291 3678; x_wconf 81' lang='lat' dir='ltr'><strong>de</strong></span> <span class='ocrx_word' id='word_1_344' title='bbox 312 3645 370 3691; x_wconf 80' lang='lat' dir='ltr'><strong>agro</strong></span> <span class='ocrx_word' id='word_1_345' title='bbox 390 3629 488 3677; x_wconf 86' lang='lat' dir='ltr'><strong>Gallico</strong></span> <span class='ocrx_word' id='word_1_346' title='bbox 510 3635 535 3676; x_wconf 88' lang='lat' dir='ltr'><strong>et</strong></span> <span class='ocrx_word' id='word_1_347' title='bbox 559 3628 596 3676; x_wconf 85' lang='lat' dir='ltr'><strong>Pi·</strong></span> <span class='ocrx_word' id='word_1_348' title='bbox 631 3627 903 3690; x_wconf 81' lang='lat' dir='ltr'><strong>Particumprimumia</strong></span> <span class='ocrx_word' id='word_1_349' title='bbox 916 3629 1009 3690; x_wconf 78' lang='lat' dir='ltr'><strong>Sicilia,</strong></span> <span class='ocrx_word' id='word_1_350' title='bbox 1018 3631 1138 3692; x_wconf 81' lang='lat' dir='ltr'><strong>Sardinia,</strong></span> 
     </span>
     <span class='ocr_line' id='line_1_42' title="bbox 84 3692 1138 3756; baseline 0.001 -12"><span class='ocrx_word' id='word_1_351' title='bbox 84 3711 147 3744; x_wconf 85' lang='lat' dir='ltr'><strong>ceno</strong></span> <span class='ocrx_word' id='word_1_352' title='bbox 157 3694 246 3742; x_wconf 86' lang='lat' dir='ltr'><strong>viritim</strong></span> <span class='ocrx_word' id='word_1_353' title='bbox 255 3693 386 3742; x_wconf 87' lang='lat' dir='ltr'><strong>dividendo</strong></span> <span class='ocrx_word' id='word_1_354' title='bbox 394 3693 492 3741; x_wconf 84' lang='lat' dir='ltr'><strong>tulerat.</strong></span> <span class='ocrx_word' id='word_1_355' title='bbox 504 3693 594 3741; x_wconf 75' lang='lat' dir='ltr'><strong>ctVal.</strong></span> <span class='ocrx_word' id='word_1_356' title='bbox 629 3697 654 3742; x_wconf 88' lang='lat' dir='ltr'><strong>et</strong></span> <span class='ocrx_word' id='word_1_357' title='bbox 665 3692 765 3742; x_wconf 86' lang='lat' dir='ltr'><strong>Corsica</strong></span> <span class='ocrx_word' id='word_1_358' title='bbox 776 3692 876 3755; x_wconf 87' lang='lat' dir='ltr'><strong>praedia</strong></span> <span class='ocrx_word' id='word_1_359' title='bbox 892 3693 938 3742; x_wconf 91' lang='lat' dir='ltr'><strong>sibi</strong></span> <span class='ocrx_word' id='word_1_360' title='bbox 951 3709 1102 3756; x_wconf 88' lang='lat' dir='ltr'><strong>comparare,</strong></span> <span class='ocrx_word' id='word_1_361' title='bbox 1113 3702 1138 3745; x_wconf 88' lang='lat' dir='ltr'><strong>et</strong></span> 
     </span>
     <span class='ocr_line' id='line_1_43' title="bbox 83 3754 1139 3820; baseline 0 -12"><span class='ocrx_word' id='word_1_362' title='bbox 83 3761 156 3808; x_wconf 80' lang='lat' dir='ltr'><strong>Max.</strong></span> <span class='ocrx_word' id='word_1_363' title='bbox 169 3773 191 3807; x_wconf 84' lang='lat' dir='ltr'><strong>v.</strong></span> <span class='ocrx_word' id='word_1_364' title='bbox 204 3776 226 3818; x_wconf 81' lang='lat'><strong>4.</strong></span> <span class='ocrx_word' id='word_1_365' title='bbox 245 3757 409 3807; x_wconf 80' lang='lat' dir='ltr'><strong>CiadsSeu.</strong></span> <span class='ocrx_word' id='word_1_366' title='bbox 422 3771 444 3814; x_wconf 55' lang='grc' dir='ltr'><strong><em>ᾳ</em></strong></span> <span class='ocrx_word' id='word_1_367' title='bbox 629 3771 673 3818; x_wconf 87' lang='lat' dir='ltr'><strong>per</strong></span> <span class='ocrx_word' id='word_1_368' title='bbox 695 3754 801 3820; x_wconf 87' lang='lat' dir='ltr'><strong>speciem</strong></span> <span class='ocrx_word' id='word_1_369' title='bbox 823 3757 1029 3819; x_wconf 78' lang='lat' dir='ltr'><strong>deponendorum</strong></span> <span class='ocrx_word' id='word_1_370' title='bbox 1052 3775 1083 3807; x_wconf 85' lang='lat' dir='ltr'><strong>ex</strong></span> <span class='ocrx_word' id='word_1_371' title='bbox 1109 3759 1139 3809; x_wconf 87' lang='lat' dir='ltr'><strong>iis</strong></span> 
     </span>
    </p>

    <p class='ocr_par' dir='ltr' id='par_1_6' title="bbox 84 3818 1140 4334">
     <span class='ocr_line' id='line_1_44' title="bbox 121 3818 1138 3885; baseline 0.002 -15"><span class='ocrx_word' id='word_1_372' title='bbox 121 3837 130 3870; x_wconf 89' lang='lat'>1</span> <span class='ocrx_word' id='word_1_373' title='bbox 151 3825 222 3880; x_wconf 78' lang='lat' dir='ltr'><strong>Quas</strong></span> <span class='ocrx_word' id='word_1_374' title='bbox 234 3829 318 3883; x_wconf 78' lang='lat' dir='ltr'><strong>postea</strong></span> <span class='ocrx_word' id='word_1_375' title='bbox 332 3821 429 3879; x_wconf 74' lang='lat' dir='ltr'><strong>omual]</strong></span> <span class='ocrx_word' id='word_1_376' title='bbox 448 3819 478 3868; x_wconf 81' lang='lat' dir='ltr'><strong>cf.</strong></span> <span class='ocrx_word' id='word_1_377' title='bbox 491 3818 595 3870; x_wconf 78' lang='lat' dir='ltr'><strong>Plutia</strong></span> <span class='ocrx_word' id='word_1_378' title='bbox 629 3819 752 3867; x_wconf 85' lang='lat' dir='ltr'><strong>fructuum</strong></span> <span class='ocrx_word' id='word_1_379' title='bbox 778 3821 964 3882; x_wconf 84' lang='lat' dir='ltr'><strong>negotiationes,</strong></span> <span class='ocrx_word' id='word_1_380' title='bbox 987 3823 1138 3885; x_wconf 87' lang='lat' dir='ltr'><strong>amplissimo</strong></span> 
     </span>
     <span class='ocr_line' id='line_1_45' title="bbox 85 3881 1140 3949; baseline 0.002 -15"><span class='ocrx_word' id='word_1_381' title='bbox 85 3887 165 3936; x_wconf 86' lang='lat' dir='ltr'><strong>Mare.</strong></span> <span class='ocrx_word' id='word_1_382' title='bbox 177 3885 219 3947; x_wconf 90' lang='lat' dir='ltr'><strong>qui</strong></span> <span class='ocrx_word' id='word_1_383' title='bbox 232 3885 314 3943; x_wconf 86' lang='lat' dir='ltr'><strong>tradit,</strong></span> <span class='ocrx_word' id='word_1_384' title='bbox 326 3899 402 3945; x_wconf 90' lang='lat' dir='ltr'><strong>quum</strong></span> <span class='ocrx_word' id='word_1_385' title='bbox 418 3897 521 3945; x_wconf 82' lang='lat' dir='ltr'><strong>augures</strong></span> <span class='ocrx_word' id='word_1_386' title='bbox 539 3881 596 3932; x_wconf 81' lang='lat' dir='ltr'><strong>sitio</strong></span> <span class='ocrx_word' id='word_1_387' title='bbox 629 3883 713 3933; x_wconf 85' lang='lat' dir='ltr'><strong>ordina</strong></span> <span class='ocrx_word' id='word_1_388' title='bbox 727 3882 846 3946; x_wconf 81' lang='lat' dir='ltr'><strong>indignas,</strong></span> <span class='ocrx_word' id='word_1_389' title='bbox 857 3901 970 3936; x_wconf 83' lang='lat' dir='ltr'><strong>exercere</strong></span> <span class='ocrx_word' id='word_1_390' title='bbox 987 3893 1140 3949; x_wconf 78' lang='lat' dir='ltr'><strong>coeperunt;</strong></span> 
     </span>
     <span class='ocr_line' id='line_1_46' title="bbox 84 3946 1138 4010; baseline 0.002 -11"><span class='ocrx_word' id='word_1_391' title='bbox 84 3957 181 3999; x_wconf 84' lang='lat' dir='ltr'><strong>creatos</strong></span> <span class='ocrx_word' id='word_1_392' title='bbox 198 3964 250 3999; x_wconf 83' lang='lat' dir='ltr'><strong>asse</strong></span> <span class='ocrx_word' id='word_1_393' title='bbox 266 3947 596 4006; x_wconf 84' lang='lat' dir='ltr'><strong>eonsules,sdvarua1nsu·</strong></span> <span class='ocrx_word' id='word_1_394' title='bbox 630 3947 695 4007; x_wconf 90' lang='lat' dir='ltr'><strong>quod</strong></span> <span class='ocrx_word' id='word_1_395' title='bbox 714 3946 739 3998; x_wconf 87' lang='lat' dir='ltr'><strong>h.</strong></span> <span class='ocrx_word' id='word_1_396' title='bbox 755 3948 772 3996; x_wconf 91' lang='lat' dir='ltr'><strong>l.</strong></span> <span class='ocrx_word' id='word_1_397' title='bbox 792 3947 922 4010; x_wconf 72' lang='lat' dir='ltr'><strong>significari</strong></span> <span class='ocrx_word' id='word_1_398' title='bbox 944 3948 1047 3999; x_wconf 83' lang='lat' dir='ltr'><strong>videtur.</strong></span> <span class='ocrx_word' id='word_1_399' title='bbox 1067 3951 1138 4002; x_wconf 83' lang='lat' dir='ltr'><strong>Dutt.</strong></span> 
     </span>
     <span class='ocr_line' id='line_1_47' title="bbox 84 4009 1078 4076; baseline 0.002 -14"><span class='ocrx_word' id='word_1_400' title='bbox 84 4017 141 4062; x_wconf 85' lang='lat' dir='ltr'><strong>brea</strong></span> <span class='ocrx_word' id='word_1_401' title='bbox 153 4013 284 4076; x_wconf 79' lang='lat' dir='ltr'><strong>profectos,</strong></span> <span class='ocrx_word' id='word_1_402' title='bbox 295 4011 422 4068; x_wconf 81' lang='lat' dir='ltr'><strong>dixissent,</strong></span> <span class='ocrx_word' id='word_1_403' title='bbox 432 4016 544 4059; x_wconf 88' lang='lat' dir='ltr'><strong>senatum</strong></span> <span class='ocrx_word' id='word_1_404' title='bbox 555 4025 597 4059; x_wconf 88' lang='lat' dir='ltr'><strong>eos</strong></span> <span class='ocrx_word' id='word_1_405' title='bbox 630 4009 660 4060; x_wconf 85' lang='lat' dir='ltr'><strong>of.</strong></span> <span class='ocrx_word' id='word_1_406' title='bbox 672 4009 732 4061; x_wconf 87' lang='lat' dir='ltr'><strong>Era.</strong></span> <span class='ocrx_word' id='word_1_407' title='bbox 743 4011 814 4061; x_wconf 80' lang='lat' dir='ltr'><strong>Clas.</strong></span> <span class='ocrx_word' id='word_1_408' title='bbox 827 4012 879 4063; x_wconf 84' lang='lat' dir='ltr'><strong>Cic.</strong></span> <span class='ocrx_word' id='word_1_409' title='bbox 893 4029 916 4061; x_wconf 81' lang='lat' dir='ltr'><strong>r.</strong></span> <span class='ocrx_word' id='word_1_410' title='bbox 927 4016 1078 4074; x_wconf 61' lang='lat' dir='ltr'><strong>Nepotiane</strong></span> 
     </span>
     <span class='ocr_line' id='line_1_48' title="bbox 85 4076 1138 4137; baseline 0 -11"><span class='ocrx_word' id='word_1_411' title='bbox 85 4076 217 4126; x_wconf 82' lang='lat' dir='ltr'><strong>confestim</strong></span> <span class='ocrx_word' id='word_1_412' title='bbox 230 4076 307 4124; x_wconf 85' lang='lat' dir='ltr'><strong>literis</strong></span> <span class='ocrx_word' id='word_1_413' title='bbox 319 4077 425 4125; x_wconf 83' lang='lat' dir='ltr'><strong>Romam</strong></span> <span class='ocrx_word' id='word_1_414' title='bbox 437 4079 597 4127; x_wconf 72' lang='lat' dir='ltr'><strong>revocasset</strong></span> <span class='ocrx_word' id='word_1_415' title='bbox 666 4088 680 4134; x_wconf 80' lang='lat'><strong>3</strong></span> <span class='ocrx_word' id='word_1_416' title='bbox 700 4077 826 4136; x_wconf 75' lang='lat' dir='ltr'><strong>Auspiciis</strong></span> <span class='ocrx_word' id='word_1_417' title='bbox 845 4078 1015 4137; x_wconf 65' lang='lat' dir='ltr'><strong>missua]</strong></span> <span class='ocrx_word' id='word_1_418' title='bbox 1046 4077 1138 4126; x_wconf 88' lang='lat' dir='ltr'><strong>Huius-</strong></span> 
     </span>
     <span class='ocr_line' id='line_1_49' title="bbox 85 4138 1139 4202; baseline 0.001 -12"><span class='ocrx_word' id='word_1_419' title='bbox 85 4143 193 4199; x_wconf 87' lang='lat' dir='ltr'><strong>iuasisse,</strong></span> <span class='ocrx_word' id='word_1_420' title='bbox 210 4155 283 4201; x_wconf 89' lang='lat' dir='ltr'><strong>quam</strong></span> <span class='ocrx_word' id='word_1_421' title='bbox 303 4139 410 4202; x_wconf 85' lang='lat' dir='ltr'><strong>primum</strong></span> <span class='ocrx_word' id='word_1_422' title='bbox 427 4138 555 4186; x_wconf 88' lang='lat' dir='ltr'><strong>consulatu</strong></span> <span class='ocrx_word' id='word_1_423' title='bbox 572 4153 598 4186; x_wconf 87' lang='lat' dir='ltr'><strong>sa</strong></span> <span class='ocrx_word' id='word_1_424' title='bbox 630 4138 697 4186; x_wconf 92' lang='lat' dir='ltr'><strong>modi</strong></span> <span class='ocrx_word' id='word_1_425' title='bbox 718 4145 782 4186; x_wconf 82' lang='lat' dir='ltr'><strong>artes</strong></span> <span class='ocrx_word' id='word_1_426' title='bbox 803 4139 889 4188; x_wconf 84' lang='lat' dir='ltr'><strong>Patres</strong></span> <span class='ocrx_word' id='word_1_427' title='bbox 910 4141 1051 4202; x_wconf 88' lang='lat' dir='ltr'><strong>saepissime</strong></span> <span class='ocrx_word' id='word_1_428' title='bbox 1071 4141 1139 4192; x_wconf 85' lang='lat' dir='ltr'><strong>adhi-</strong></span> 
     </span>
     <span class='ocr_line' id='line_1_50' title="bbox 84 4200 1139 4266; baseline 0 -12"><span class='ocrx_word' id='word_1_429' title='bbox 84 4205 202 4254; x_wconf 85' lang='lat' dir='ltr'><strong>abdicare</strong></span> <span class='ocrx_word' id='word_1_430' title='bbox 221 4219 266 4252; x_wconf 88' lang='lat' dir='ltr'><strong>neo</strong></span> <span class='ocrx_word' id='word_1_431' title='bbox 283 4203 414 4264; x_wconf 87' lang='lat' dir='ltr'><strong>quicquam</strong></span> <span class='ocrx_word' id='word_1_432' title='bbox 433 4217 477 4264; x_wconf 90' lang='lat' dir='ltr'><strong>pro</strong></span> <span class='ocrx_word' id='word_1_433' title='bbox 494 4200 597 4264; x_wconf 88' lang='lat' dir='ltr'><strong>imperio</strong></span> <span class='ocrx_word' id='word_1_434' title='bbox 629 4203 744 4261; x_wconf 89' lang='lat' dir='ltr'><strong>buemnt,</strong></span> <span class='ocrx_word' id='word_1_435' title='bbox 754 4201 863 4254; x_wconf 85' lang='lat' dir='ltr'><strong>maxime</strong></span> <span class='ocrx_word' id='word_1_436' title='bbox 874 4210 958 4254; x_wconf 85' lang='lat' dir='ltr'><strong>contra</strong></span> <span class='ocrx_word' id='word_1_437' title='bbox 972 4202 1082 4266; x_wconf 83' lang='lat' dir='ltr'><strong>plebeios</strong></span> <span class='ocrx_word' id='word_1_438' title='bbox 1096 4205 1139 4255; x_wconf 91' lang='lat' dir='ltr'><strong>ho·</strong></span> 
     </span>
     <span class='ocr_line' id='line_1_51' title="bbox 84 4264 801 4334; baseline -0.006 -13"><span class='ocrx_word' id='word_1_439' title='bbox 84 4285 183 4334; x_wconf 72' lang='lat' dir='ltr'><strong>gerere:</strong></span> <span class='ocrx_word' id='word_1_440' title='bbox 208 4267 357 4319; x_wconf 84' lang='lat' dir='ltr'><strong>Flaminium</strong></span> <span class='ocrx_word' id='word_1_441' title='bbox 378 4281 434 4318; x_wconf 86' lang='lat' dir='ltr'><strong>sero</strong></span> <span class='ocrx_word' id='word_1_442' title='bbox 452 4267 497 4316; x_wconf 87' lang='lat' dir='ltr'><strong>has</strong></span> <span class='ocrx_word' id='word_1_443' title='bbox 516 4265 599 4318; x_wconf 87' lang='lat' dir='ltr'><strong>literas</strong></span> <span class='ocrx_word' id='word_1_444' title='bbox 631 4264 717 4316; x_wconf 87' lang='lat' dir='ltr'><strong>mines.</strong></span> <span class='ocrx_word' id='word_1_445' title='bbox 736 4265 801 4317; x_wconf 82' lang='lat' dir='ltr'><strong>Itur.</strong></span> 
     </span>
    </p>
   </div>
   <div class='ocr_carea' id='block_1_4' title="bbox 0 0 1512 4798">
    <p class='ocr_par' dir='ltr' id='par_1_7' title="bbox 0 0 1512 4798">
     <span class='ocr_line' id='line_1_52' title="bbox 0 0 1512 4798; baseline 0 0"><span class='ocrx_word' id='word_1_446' title='bbox 0 0 1512 4798; x_wconf 95' lang='lat' dir='ltr'><strong> </strong></span> 
     </span>
    </p>
   </div>
  </div>
 </body>
</html>
