2874 4772
324 247 420 314 LIB.
444 247 571 314 xxvi
604 247 715 314 CAP.
739 253 790 314 51.
1008 255 1071 316 339

45 381 131 468 quies
143 381 227 446 data:
251 382 364 470 quinto
386 383 500 448 iterum
522 384 556 448 in
578 384 671 448 armis
684 383 851 449 decursum
869 395 924 449 est
970 382 1154 455 Hancne.
1170 417 1225 468 542·

44 466 176 532 ordinem
194 467 310 534 laboris
323 469 512 570 quietisque,
528 469 633 557 quoad
649 469 841 558 Carthagine
856 471 969 535 morati
983 467 1107 550 sunt,Aa
1124 469 1154 519 0·
1170 483 1225 519 Μ

42 567 203 619 servanmt.
249 555 432 643 Remrgium
446 555 627 643 classicique
649 556 775 635 milites,
791 557 960 643 tranquillo
974 557 1008 621 in
1023 558 1068 623 al·

41 655 110 705 tum
130 642 233 720 evecti,
256 643 428 731 agilitatem
454 645 583 708 navium
608 643 780 708 simulacris
803 643 921 708 navalis
942 667 1067 732 pugnae

40 728 285 815 experiebantur.
331 728 421 794 Haec
435 743 525 794 extra
542 731 652 794 urbem
673 743 756 795 terra
776 730 917 830 marique
938 753 1069 818 corpora

39 813 136 878 simul
151 815 331 903 animosque
353 816 394 880 ad
414 816 532 881 bellum
553 817 716 881 acuebant
763 816 847 881 Urbs
865 839 932 904 lpse
949 830 1068 904 strepe-

38 901 95 967 bat
108 916 249 988 apparatu
265 901 350 980 belli,
364 903 459 967 fabris
473 904 614 968 omnium
635 925 786 990 generum
804 904 838 966 in
859 902 986 989 publica
999 903 1067 968 offi-

36 989 112 1052 cina
135 987 266 1053 inclusis.
311 987 389 1054 Dux
414 1002 529 1055 cuncta
554 989 622 1077 pari
647 1013 722 1054 cura
746 989 862 1054 obibat
908 988 1004 1054 Nunc
1032 991 1067 1052 in

35 1074 134 1138 classe
156 1097 191 1139 ac
214 1075 316 1140 navali
341 1089 424 1140 erat:
452 1099 538 1140 nunc
561 1099 634 1140 cum
659 1075 836 1164 legionibus
860 1076 1065 1141 decurrebat:

35 1183 125 1225 nunc
144 1162 288 1249 operibus
309 1162 496 1249 aspiciendis
517 1175 642 1250 tempus
659 1162 762 1240 dabat,
778 1185 922 1249 quaeque
944 1163 979 1226 in
1001 1161 1068 1226 offi-

35 1247 127 1324 cinis,
138 1270 279 1349 quaeque
294 1249 327 1312 in
342 1249 581 1314 armamentario
592 1272 628 1313 ac
639 1248 799 1313 navalibus
813 1249 971 1314 fabrorum
986 1248 1068 1312 mul·

34 1333 141 1400 titudo
157 1334 292 1422 plurima
312 1335 346 1399 in
368 1336 415 1399 sin
460 1334 506 1401 los
521 1334 588 1400 dies
602 1335 773 1400 certamine
787 1335 910 1422 ingenti
924 1335 1065 1400 faciebat.

18 1420 101 1485 tHis
123 1420 164 1485 its
184 1420 347 1498 inchoetis,
372 1444 406 1487 re
419 1422 568 1510 ectisque,
614 1444 655 1487 ua
676 1422 811 1509 quassati
835 1435 933 1500 erant,
959 1421 1066 1498 muris,
1077 1436 1103 1485 It
1113 1435 1198 1484 Tana

33 1507 254 1594 dispositisque
269 1508 430 1596 praesidiis
444 1509 484 1573 ad
499 1522 567 1573 cust
612 1509 672 1574 ‘am
688 1509 782 1586 urbis,
795 1507 1004 1574 Tarraconem
1020 1521 1067 1573 est
1076 1515 1170 1549 ΨΜ·

30 1593 200 1682 profectus,
213 1594 348 1660 amultis
362 1594 570 1682 legationibus
583 1596 727 1682 protinus
741 1595 776 1660 in
788 1596 840 1660 via
854 1595 969 1660 aditus:
1012 1617 1069 1660 uas

31 1681 149 1770 partim
160 1681 234 1746 dato
248 1703 397 1769 responso
411 1703 452 1747 ex
466 1681 579 1746 itinere
590 1681 719 1759 dimisit,
730 1684 845 1769 partim
857 1681 980 1746 distulit
989 1617 1069 1748 iar-

30 1789 191 1845 raconem,
209 1792 274 1855 quo
295 1768 441 1834 omnibus
462 1768 550 1832 novis
570 1769 792 1855 veteribusque
814 1769 905 1834 sociis
926 1767 1069 1834 edixerat

29 1867 234 1920 conventum.
280 1854 324 1919 Et
345 1855 451 1920 cuncti
470 1855 547 1932 fere,
562 1855 618 1942 qui
640 1855 685 1920 cis
699 1855 827 1920 Iberum
845 1854 997 1931 incolunt,

16 1939 115 2030 tpuli,
130 1940 220 2007 multi
234 1942 329 2006 etiam
344 1940 498 2006 ulterioris
519 1941 697 2028 provinciae
718 1953 942 2006 convenerunt
990 1877 1070 2005 elg-

30 2027 280 2115 thaginiensium
294 2027 392 2092 duces
405 2029 508 2115 primo
522 2050 563 2091 ex
577 2027 731 2093 industria
739 2029 854 2092 famam
869 2040 979 2114 captae
989 2025 1070 2091 Car·

29 2113 173 2202 thaginis
189 2125 455 2215 compresserunt:
480 2112 605 2191 deinde,
621 2126 658 2178 ut
677 2113 790 2178 clarior
810 2135 860 2178 res
881 2127 958 2190 erat,
973 2135 1070 2200 quam

27 2213 72 2266 ut
94 2201 159 2288 tegi
180 2223 216 2266 ac
236 2200 424 2266 dissimulari
445 2213 560 2288 posset,
576 2199 740 2265 elevabant
753 2199 863 2265 verbis.
910 2199 1071 2350 ιΝεοὲῐρι-

1031 2309 1071 2352 rs·

28 2297 133 2352 ‘nato
147 2287 285 2352 adventu
302 2310 338 2352 ac
359 2309 458 2374 prope
472 2285 556 2352 furto
571 2287 664 2351 unius
678 2285 743 2351 diei
757 2287 868 2352 urbem
882 2308 979 2352 unam

28 2373 169 2462 ‘paniae
184 2375 400 2462 interceptam.
448 2372 549 2438 Cuius
566 2372 612 2438 rei
632 2385 696 2438 tam
717 2395 831 2460 parvae
852 2372 992 2460 praemio
1006 2372 1070 2440 ela·

15 2463 127 2525 i‘tum
141 2461 329 2526 insolentem
346 2461 503 2537 iuvenem,
518 2457 688 2525 immodico
709 2460 826 2547 gaudio
846 2460 983 2548 speciem
1005 2481 1072 2526 ma

28 2557 40 2586 ‘
78 2569 139 2612 nae
161 2548 310 2613 victoriae
333 2547 524 2634 imposuisse.
570 2547 626 2626 At,
650 2547 705 2612 ubi
731 2547 982 2648 appropinquare
1008 2559 1072 2612 tres

26 2643 39 2674 ⁶
50 2571 165 2712 duces,
186 2648 249 2700 tres
270 2634 402 2700 victores
423 2633 561 2700 hostium
582 2632 739 2700 exercitus
760 2633 907 2712 audisset,
926 2656 1072 2700 occursu·

26 2730 124 2786 ‘ram
153 2721 185 2786 ei
217 2720 378 2808 extemplo
411 2720 653 2788 domesticorum
686 2720 833 2786 funerum
870 2721 1073 2788 memoriam'

25 2806 179 2872 Haecin
192 2807 304 2895 vulgus
318 2807 484 2887 iactabant,
499 2807 584 2874 baud
608 2830 744 2908 nequam
766 2808 825 2908 ipsi
846 2807 854 2821 ”
901 2808 957 2885 ari,
972 2829 1072 2894 quan-

23 2909 102 2958 tum
118 2893 181 2960 sibi
198 2894 360 2959 adomnia
373 2895 497 2971 virium,
515 2893 593 2960 Cart
666 2917 708 2959 ne
722 2916 843 2970 amissa
881 2894 1049 2958 eoessisset

60 3112 78 3155 4
96 3095 159 3152 Qua
179 3095 287 3158 ouandi
307 3094 392 3152 nant]
417 3093 491 3141 Hanc
507 3093 540 3141 ls-
572 3093 647 3141 forms
664 3091 810 3154 Gronovius,
825 3094 868 3142 ssd
887 3091 1003 3142 Dukenrs
1017 3109 1074 3156 pro

21 3158 155 3220 ctionem,
172 3163 200 3206 ut
214 3173 277 3220 quae
293 3159 326 3206 sd
344 3157 397 3206 eod.
412 3157 469 3207 Pul.
484 3156 540 3204 seri-
573 3159 677 3206 niumm
688 3157 728 3205 bic
738 3157 774 3206 ita
781 3156 829 3206 dici
840 3161 966 3216 censetut
977 3171 1074 3205 omnem

21 3229 134 3286 pturam
155 3223 267 3285 proprius
287 3221 396 3280 accedat,
414 3235 458 3283 pro
478 3221 540 3284 vulg.
573 3219 703 3282 regionem,
726 3219 752 3268 in
777 3235 826 3282 qua
851 3221 945 3269 bellum
970 3225 1075 3283 geratur,

21 3304 79 3352 qaus
93 3289 183 3350 praest
197 3293 277 3348 m,
287 3285 452 3348 reponendam
463 3283 541 3332 conie-
573 3284 697 3347 significet

21 3351 61 3401 cit
148 3351 190 3400 'en
605 3345 620 3398 6
636 3348 763 3398 Imaona
777 3349 879 3411 Μάἰο]
899 3349 948 3398 Per
964 3347 1074 3398 inmodi-

59 3417 234 3478 5171&er
247 3415 399 3478 provincias]
424 3412 543 3462 Nondum
575 3427 632 3462 cum
651 3411 775 3474 gaudium,
794 3428 842 3475 quo
860 3412 1013 3524 Μιῗίπίε
1034 3428 1074 3462 ex·

22 3479 164 3542 Hispania
172 3478 273 3528 ulterior
279 3477 343 3527 inter
352 3475 543 3540 provincissRo·
576 3475 747 3540 pugnationem
765 3477 910 3535 celebrabat,
925 3491 939 3526 e
958 3477 1031 3525 scisse
1047 3481 1075 3524 ut

20 3548 195 3593 mannserat.
227 3543 276 3592 sed
291 3547 335 3591 aut
348 3557 378 3590 eo
392 3539 490 3604 respicit
503 3539 543 3590 Li-
575 3555 612 3588 rss
633 3555 677 3602 per
696 3555 723 3588 sc
746 3555 821 3603 parra
844 3542 950 3603 medem
973 3555 1076 3603 manae

20 3607 93 3668 vius,
108 3608 180 3670 quod
197 3605 300 3656 Publius
315 3607 459 3668 Gnaeusque
476 3611 544 3668 pater
577 3603 689 3654 victoriae
699 3605 788 3653 habere
796 3605 929 3654 videnter:
944 3604 1075 3666 quianam-

18 3679 49 3722 et
62 3679 178 3735 patruus
188 3671 296 3720 Africani
306 3685 360 3720 eam
371 3671 420 3720 lere
430 3669 479 3718 iam
491 3684 544 3732 pro
576 3684 608 3732 pe
618 3669 644 3717 id
655 3684 751 3720 messe
762 3675 814 3718 erat
823 3683 939 3732 magnum
950 3668 1034 3726 rideri,
1044 3668 1076 3717 de

19 3736 144 3786 vinciam
165 3735 281 3796 sesami,
301 3740 345 3784 aut
366 3735 443 3783 utitur
463 3733 544 3797 phrasi
576 3748 625 3796 quo
637 3737 688 3782 tam
703 3733 861 3783 immodicum
877 3731 992 3796 gaudium
1006 3737 1075 3782 esset.

17 3816 71 3850 suo
97 3799 211 3864 tempori
233 3798 434 3850 convenientiora
473 3798 544 3848 Haec
576 3797 656 3848 Cass.
