<?xml version="1.0" encoding="UTF-8"?>
<!DOCTYPE html PUBLIC "-//W3C//DTD XHTML 1.0 Transitional//EN"
    "http://www.w3.org/TR/xhtml1/DTD/xhtml1-transitional.dtd">
<html xmlns="http://www.w3.org/1999/xhtml" xml:lang="en" lang="en">
 <head>
  <title>
</title>
<meta http-equiv="Content-Type" content="text/html;charset=utf-8" />
  <meta name='ocr-system' content='tesseract 3.04.00' />
  <meta name='ocr-capabilities' content='ocr_page ocr_carea ocr_par ocr_line ocrx_word'/>
</head>
<body>
  <div class='ocr_page' id='page_1' title='image "./tliviipatavinih00kreygoog_0504.png"; bbox 0 0 2866 4770; ppageno 0'>
   <div class='ocr_carea' id='block_1_1' title="bbox 310 183 1072 256">
    <p class='ocr_par' dir='ltr' id='par_1_1' title="bbox 310 183 1072 256">
     <span class='ocr_line' id='line_1_1' title="bbox 310 183 1072 256; baseline 0.008 -6"><span class='ocrx_word' id='word_1_1' title='bbox 310 183 406 251; x_wconf 88' lang='lat' dir='ltr'><strong>LIB.</strong></span> <span class='ocrx_word' id='word_1_2' title='bbox 430 186 562 252; x_wconf 90' lang='lat' dir='ltr'><strong>XXIX.</strong></span> <span class='ocrx_word' id='word_1_3' title='bbox 592 187 702 254; x_wconf 84' lang='lat' dir='ltr'><strong>CAP.</strong></span> <span class='ocrx_word' id='word_1_4' title='bbox 727 194 778 253; x_wconf 79' lang='lat'><strong>32.</strong></span> <span class='ocrx_word' id='word_1_5' title='bbox 1008 196 1072 256; x_wconf 81' lang='lat'><strong>493</strong></span> 
     </span>
    </p>
   </div>
   <div class='ocr_carea' id='block_1_2' title="bbox 13 305 1238 4028">
    <p class='ocr_par' dir='ltr' id='par_1_2' title="bbox 15 305 1231 684">
     <span class='ocr_line' id='line_1_2' title="bbox 15 305 1231 423; baseline 0.005 -37"><span class='ocrx_word' id='word_1_6' title='bbox 15 323 149 386; x_wconf 90' lang='lat' dir='ltr'><strong>minum</strong></span> <span class='ocrx_word' id='word_1_7' title='bbox 171 345 309 423; x_wconf 86' lang='lat' dir='ltr'><strong>quoque,</strong></span> <span class='ocrx_word' id='word_1_8' title='bbox 333 345 426 388; x_wconf 90' lang='lat' dir='ltr'><strong>carne</strong></span> <span class='ocrx_word' id='word_1_9' title='bbox 449 305 490 389; x_wconf 35' lang='lat' dir='ltr'><strong>ac*</strong></span> <span class='ocrx_word' id='word_1_10' title='bbox 507 324 587 390; x_wconf 86' lang='lat' dir='ltr'><strong>lacte</strong></span> <span class='ocrx_word' id='word_1_11' title='bbox 610 325 815 403; x_wconf 86' lang='lat' dir='ltr'><strong>vescentium,</strong></span> <span class='ocrx_word' id='word_1_12' title='bbox 839 324 965 390; x_wconf 84' lang='lat' dir='ltr'><strong>abunde</strong></span> <span class='ocrx_word' id='word_1_13' title='bbox 988 326 1159 392; x_wconf 86' lang='lat' dir='ltr'><strong>suffi·U.c.</strong></span> <span class='ocrx_word' id='word_1_14' title='bbox 1176 343 1231 404; x_wconf 78' lang='lat'>548.</span> 
     </span>
     <span class='ocr_line' id='line_1_3' title="bbox 15 407 1231 512; baseline 0.002 -39"><span class='ocrx_word' id='word_1_15' title='bbox 15 410 129 473; x_wconf 85' lang='lat' dir='ltr'>ciebat</span> <span class='ocrx_word' id='word_1_16' title='bbox 147 409 312 474; x_wconf 80' lang='lat' dir='ltr'><strong>alimentis.</strong></span> <span class='ocrx_word' id='word_1_17' title='bbox 358 408 439 474; x_wconf 91' lang='lat' dir='ltr'><strong>Inde</strong></span> <span class='ocrx_word' id='word_1_18' title='bbox 461 411 624 476; x_wconf 82' lang='lat' dir='ltr'><strong>noctumir</strong></span> <span class='ocrx_word' id='word_1_19' title='bbox 640 413 748 512; x_wconf 89' lang='lat' dir='ltr'><strong>primo</strong></span> <span class='ocrx_word' id='word_1_20' title='bbox 768 435 804 477; x_wconf 85' lang='lat' dir='ltr'><strong>ac</strong></span> <span class='ocrx_word' id='word_1_21' title='bbox 825 412 947 476; x_wconf 84' lang='lat' dir='ltr'><strong>furtivis</strong></span> <span class='ocrx_word' id='word_1_22' title='bbox 967 408 1113 476; x_wconf 59' lang='lat' dir='ltr'><strong>incur-¹¹·</strong></span> <span class='ocrx_word' id='word_1_23' title='bbox 1131 407 1160 456; x_wconf 82' lang='lat'><strong>⁰·</strong></span> <span class='ocrx_word' id='word_1_24' title='bbox 1176 421 1231 466; x_wconf 67' lang='lat'><strong>²04</strong></span> 
     </span>
     <span class='ocr_line' id='line_1_4' title="bbox 15 495 1074 574; baseline 0.004 -16"><span class='ocrx_word' id='word_1_25' title='bbox 15 495 176 572; x_wconf 89' lang='lat' dir='ltr'><strong>sionibus,</strong></span> <span class='ocrx_word' id='word_1_26' title='bbox 192 495 309 560; x_wconf 90' lang='lat' dir='ltr'><strong>deinde</strong></span> <span class='ocrx_word' id='word_1_27' title='bbox 325 519 344 560; x_wconf 87' lang='lat' dir='ltr'><strong>a</strong></span> <span class='ocrx_word' id='word_1_28' title='bbox 385 509 435 561; x_wconf 93' lang='lat' dir='ltr'><strong>rto</strong></span> <span class='ocrx_word' id='word_1_29' title='bbox 450 497 624 574; x_wconf 87' lang='lat' dir='ltr'><strong>latrocinio,</strong></span> <span class='ocrx_word' id='word_1_30' title='bbox 640 497 754 562; x_wconf 83' lang='lat' dir='ltr'><strong>rufesta</strong></span> <span class='ocrx_word' id='word_1_31' title='bbox 767 499 875 562; x_wconf 92' lang='lat' dir='ltr'><strong>omnia</strong></span> <span class='ocrx_word' id='word_1_32' title='bbox 888 498 972 562; x_wconf 91' lang='lat' dir='ltr'><strong>circa</strong></span> <span class='ocrx_word' id='word_1_33' title='bbox 986 521 1074 562; x_wconf 88' lang='lat' dir='ltr'><strong>esse:</strong></span> 
     </span>
     <span class='ocr_line' id='line_1_5' title="bbox 17 518 1073 684; baseline 0.005 -40"><span class='ocrx_word' id='word_1_34' title='bbox 17 581 164 646; x_wconf 83' lang='lat' dir='ltr'><strong>maxime</strong></span> <span class='ocrx_word' id='word_1_35' title='bbox 191 581 241 645; x_wconf 89' lang='lat' dir='ltr'><strong>uri</strong></span> <span class='ocrx_word' id='word_1_36' title='bbox 265 518 538 670; x_wconf 62' lang='lat' dir='ltr'><strong>Cartheaginiensis</strong></span> <span class='ocrx_word' id='word_1_37' title='bbox 563 605 647 684; x_wconf 87' lang='lat' dir='ltr'><strong>ager,</strong></span> <span class='ocrx_word' id='word_1_38' title='bbox 671 583 746 670; x_wconf 90' lang='lat' dir='ltr'><strong>quia</strong></span> <span class='ocrx_word' id='word_1_39' title='bbox 771 595 805 649; x_wconf 88' lang='lat' dir='ltr'><strong>et</strong></span> <span class='ocrx_word' id='word_1_40' title='bbox 830 583 902 671; x_wconf 89' lang='lat' dir='ltr'><strong>plus</strong></span> <span class='ocrx_word' id='word_1_41' title='bbox 926 585 1073 671; x_wconf 81' lang='lat' dir='ltr'>praedae,</span> 
     </span>
    </p>

    <p class='ocr_par' dir='ltr' id='par_1_3' title="bbox 17 667 1074 756">
     <span class='ocr_line' id='line_1_6' title="bbox 17 667 1074 756; baseline 0.005 -26"><span class='ocrx_word' id='word_1_42' title='bbox 17 691 122 754; x_wconf 92' lang='lat' dir='ltr'><strong>quam</strong></span> <span class='ocrx_word' id='word_1_43' title='bbox 144 669 228 732; x_wconf 92' lang='lat' dir='ltr'><strong>inter</strong></span> <span class='ocrx_word' id='word_1_44' title='bbox 248 667 417 746; x_wconf 82' lang='lat' dir='ltr'><strong>Numidas,</strong></span> <span class='ocrx_word' id='word_1_45' title='bbox 433 683 466 734; x_wconf 89' lang='lat' dir='ltr'><strong>et</strong></span> <span class='ocrx_word' id='word_1_46' title='bbox 485 669 684 734; x_wconf 80' lang='lat' dir='ltr'><strong>latrocinium</strong></span> <span class='ocrx_word' id='word_1_47' title='bbox 703 669 802 734; x_wconf 90' lang='lat' dir='ltr'><strong>tutius</strong></span> <span class='ocrx_word' id='word_1_48' title='bbox 820 683 895 734; x_wconf 83' lang='lat' dir='ltr'><strong>erat</strong></span> <span class='ocrx_word' id='word_1_49' title='bbox 942 670 1074 756; x_wconf 90' lang='lat' dir='ltr'><strong>Iamque</strong></span> 
     </span>
    </p>

    <p class='ocr_par' dir='ltr' id='par_1_4' title="bbox 17 754 1238 1705">
     <span class='ocr_line' id='line_1_7' title="bbox 17 754 1075 844; baseline 0.002 -26"><span class='ocrx_word' id='word_1_50' title='bbox 17 754 104 818; x_wconf 89' lang='lat' dir='ltr'><strong>adeo</strong></span> <span class='ocrx_word' id='word_1_51' title='bbox 133 754 265 818; x_wconf 87' lang='lat' dir='ltr'>licenter</span> <span class='ocrx_word' id='word_1_52' title='bbox 291 755 473 833; x_wconf 83' lang='lat' dir='ltr'><strong>eludebant,</strong></span> <span class='ocrx_word' id='word_1_53' title='bbox 498 769 534 821; x_wconf 92' lang='lat' dir='ltr'><strong>ut</strong></span> <span class='ocrx_word' id='word_1_54' title='bbox 558 755 599 820; x_wconf 87' lang='lat' dir='ltr'><strong>ad</strong></span> <span class='ocrx_word' id='word_1_55' title='bbox 626 779 710 820; x_wconf 86' lang='lat' dir='ltr'><strong>mare</strong></span> <span class='ocrx_word' id='word_1_56' title='bbox 735 755 899 821; x_wconf 87' lang='lat' dir='ltr'><strong>devectam</strong></span> <span class='ocrx_word' id='word_1_57' title='bbox 925 757 1075 844; x_wconf 80' lang='lat' dir='ltr'><strong>praedam</strong></span> 
     </span>
     <span class='ocr_line' id='line_1_8' title="bbox 17 839 1073 930; baseline 0.003 -26"><span class='ocrx_word' id='word_1_58' title='bbox 17 839 202 905; x_wconf 88' lang='lat' dir='ltr'><strong>venderent</strong></span> <span class='ocrx_word' id='word_1_59' title='bbox 217 842 451 920; x_wconf 85' lang='lat' dir='ltr'><strong>mercatoribus,</strong></span> <span class='ocrx_word' id='word_1_60' title='bbox 466 842 698 930; x_wconf 86' lang='lat' dir='ltr'><strong>appellentibus</strong></span> <span class='ocrx_word' id='word_1_61' title='bbox 717 865 813 906; x_wconf 87' lang='lat' dir='ltr'><strong>naves</strong></span> <span class='ocrx_word' id='word_1_62' title='bbox 833 843 874 908; x_wconf 94' lang='lat' dir='ltr'><strong>ad</strong></span> <span class='ocrx_word' id='word_1_63' title='bbox 894 843 928 906; x_wconf 95' lang='lat' dir='ltr'><strong>id</strong></span> <span class='ocrx_word' id='word_1_64' title='bbox 949 845 1073 930; x_wconf 81' lang='lat' dir='ltr'><strong>ipsum3</strong></span> 
     </span>
     <span class='ocr_line' id='line_1_9' title="bbox 17 927 1075 1015; baseline 0.003 -25"><span class='ocrx_word' id='word_1_65' title='bbox 17 927 207 1014; x_wconf 87' lang='lat' dir='ltr'><strong>pluresque,</strong></span> <span class='ocrx_word' id='word_1_66' title='bbox 232 949 328 1012; x_wconf 85' lang='lat' dir='ltr'><strong>quam</strong></span> <span class='ocrx_word' id='word_1_67' title='bbox 355 928 437 992; x_wconf 91' lang='lat' dir='ltr'><strong>iusto</strong></span> <span class='ocrx_word' id='word_1_68' title='bbox 462 952 513 992; x_wconf 90' lang='lat' dir='ltr'><strong>sae</strong></span> <span class='ocrx_word' id='word_1_69' title='bbox 538 952 555 993; x_wconf 92' lang='lat' dir='ltr'><strong>e</strong></span> <span class='ocrx_word' id='word_1_70' title='bbox 582 929 616 993; x_wconf 91' lang='lat' dir='ltr'><strong>in</strong></span> <span class='ocrx_word' id='word_1_71' title='bbox 642 928 736 1005; x_wconf 90' lang='lat' dir='ltr'><strong>bello,</strong></span> <span class='ocrx_word' id='word_1_72' title='bbox 764 929 1075 1015; x_wconf 86' lang='lat' dir='ltr'><strong>Carthaginiensium</strong></span> 
     </span>
     <span class='ocr_line' id='line_1_10' title="bbox 17 951 1075 1102; baseline 0 -25"><span class='ocrx_word' id='word_1_73' title='bbox 17 1014 178 1077; x_wconf 86' lang='lat' dir='ltr'><strong>caderent</strong></span> <span class='ocrx_word' id='word_1_74' title='bbox 192 1027 451 1100; x_wconf 89' lang='lat' dir='ltr'><strong>caperenturque.</strong></span> <span class='ocrx_word' id='word_1_75' title='bbox 498 951 717 1102; x_wconf 67' lang='lat' dir='ltr'><strong>Ileplorabant</strong></span> <span class='ocrx_word' id='word_1_76' title='bbox 736 1038 775 1079; x_wconf 91' lang='lat' dir='ltr'><strong>ea</strong></span> <span class='ocrx_word' id='word_1_77' title='bbox 794 1014 879 1102; x_wconf 91' lang='lat' dir='ltr'><strong>apud</strong></span> <span class='ocrx_word' id='word_1_78' title='bbox 897 1014 1075 1102; x_wconf 86' lang='lat' dir='ltr'><strong>Syphacem</strong></span> 
     </span>
     <span class='ocr_line' id='line_1_11' title="bbox 21 1099 1075 1188; baseline -0.001 -24"><span class='ocrx_word' id='word_1_79' title='bbox 21 1099 319 1186; x_wconf 86' lang='lat' dir='ltr'><strong>Carthaginienses,</strong></span> <span class='ocrx_word' id='word_1_80' title='bbox 342 1100 566 1187; x_wconf 86' lang='lat' dir='ltr'><strong>infensumque</strong></span> <span class='ocrx_word' id='word_1_81' title='bbox 587 1113 620 1166; x_wconf 93' lang='lat' dir='ltr'><strong>et</strong></span> <span class='ocrx_word' id='word_1_82' title='bbox 641 1102 747 1188; x_wconf 89' lang='lat' dir='ltr'><strong>ipsum</strong></span> <span class='ocrx_word' id='word_1_83' title='bbox 766 1101 808 1165; x_wconf 87' lang='lat' dir='ltr'><strong>ad</strong></span> <span class='ocrx_word' id='word_1_84' title='bbox 829 1100 978 1187; x_wconf 90' lang='lat' dir='ltr'><strong>reliquias</strong></span> <span class='ocrx_word' id='word_1_85' title='bbox 1000 1099 1075 1164; x_wconf 90' lang='lat' dir='ltr'><strong>belli</strong></span> 
     </span>
     <span class='ocr_line' id='line_1_12' title="bbox 18 1185 1075 1274; baseline -0.001 -24"><span class='ocrx_word' id='word_1_86' title='bbox 18 1185 263 1274; x_wconf 89' lang='lat' dir='ltr'><strong>persequendas</strong></span> <span class='ocrx_word' id='word_1_87' title='bbox 282 1187 483 1273; x_wconf 81' lang='lat' dir='ltr'><strong>instigabant.</strong></span> <span class='ocrx_word' id='word_1_88' title='bbox 531 1186 595 1251; x_wconf 90' lang='lat' dir='ltr'><strong>Sed</strong></span> <span class='ocrx_word' id='word_1_89' title='bbox 614 1188 667 1251; x_wconf 85' lang='lat' dir='ltr'><strong>vix</strong></span> <span class='ocrx_word' id='word_1_90' title='bbox 692 1187 814 1274; x_wconf 86' lang='lat' dir='ltr'><strong>regium</strong></span> <span class='ocrx_word' id='word_1_91' title='bbox 834 1187 1009 1263; x_wconf 87' lang='lat' dir='ltr'><strong>videbatur,</strong></span> <span class='ocrx_word' id='word_1_92' title='bbox 1031 1185 1075 1249; x_wconf 84' lang='lat' dir='ltr'><strong>la-</strong></span> 
     </span>
     <span class='ocr_line' id='line_1_13' title="bbox 19 1273 1184 1359; baseline 0.004 -23"><span class='ocrx_word' id='word_1_93' title='bbox 19 1285 152 1336; x_wconf 90' lang='lat' dir='ltr'><strong>tronem</strong></span> <span class='ocrx_word' id='word_1_94' title='bbox 168 1295 281 1358; x_wconf 86' lang='lat' dir='ltr'><strong>vagum</strong></span> <span class='ocrx_word' id='word_1_95' title='bbox 298 1273 331 1334; x_wconf 91' lang='lat' dir='ltr'><strong>in</strong></span> <span class='ocrx_word' id='word_1_96' title='bbox 347 1274 508 1337; x_wconf 88' lang='lat' dir='ltr'><strong>montibus</strong></span> <span class='ocrx_word' id='word_1_97' title='bbox 528 1275 710 1338; x_wconf 88' lang='lat' dir='ltr'><strong>consectari.</strong></span> <span class='ocrx_word' id='word_1_98' title='bbox 758 1273 910 1349; x_wconf 91' lang='lat' dir='ltr'><strong>Bocchar‚</strong></span> <span class='ocrx_word' id='word_1_99' title='bbox 927 1296 967 1336; x_wconf 84' lang='lat' dir='ltr'><strong>ex</strong></span> <span class='ocrx_word' id='word_1_100' title='bbox 985 1295 1076 1359; x_wconf 88' lang='lat' dir='ltr'><strong>prae·</strong></span> <span class='ocrx_word' id='word_1_101' title='bbox 1132 1282 1184 1344; x_wconf 81' lang='lat'><strong>32.</strong></span> 
     </span>
     <span class='ocr_line' id='line_1_14' title="bbox 20 1357 1208 1445; baseline 0.001 -25"><span class='ocrx_word' id='word_1_102' title='bbox 20 1359 116 1422; x_wconf 88' lang='lat' dir='ltr'><strong>fectis</strong></span> <span class='ocrx_word' id='word_1_103' title='bbox 137 1359 231 1444; x_wconf 88' lang='lat' dir='ltr'><strong>regiis</strong></span> <span class='ocrx_word' id='word_1_104' title='bbox 251 1359 298 1420; x_wconf 92' lang='lat' dir='ltr'><strong>vir</strong></span> <span class='ocrx_word' id='word_1_105' title='bbox 320 1381 392 1422; x_wconf 87' lang='lat' dir='ltr'><strong>acer</strong></span> <span class='ocrx_word' id='word_1_106' title='bbox 414 1372 446 1423; x_wconf 90' lang='lat' dir='ltr'><strong>et</strong></span> <span class='ocrx_word' id='word_1_107' title='bbox 468 1359 511 1422; x_wconf 92' lang='lat' dir='ltr'><strong>im</strong></span> <span class='ocrx_word' id='word_1_108' title='bbox 537 1359 613 1445; x_wconf 90' lang='lat' dir='ltr'><strong>iger,</strong></span> <span class='ocrx_word' id='word_1_109' title='bbox 630 1359 670 1423; x_wconf 90' lang='lat' dir='ltr'><strong>ad</strong></span> <span class='ocrx_word' id='word_1_110' title='bbox 691 1359 726 1423; x_wconf 91' lang='lat' dir='ltr'><strong>id</strong></span> <span class='ocrx_word' id='word_1_111' title='bbox 745 1358 895 1423; x_wconf 86' lang='lat' dir='ltr'><strong>delectus</strong></span> <span class='ocrx_word' id='word_1_112' title='bbox 944 1358 984 1422; x_wconf 88' lang='lat' dir='ltr'><strong>Ei</strong></span> <span class='ocrx_word' id='word_1_113' title='bbox 1002 1357 1075 1422; x_wconf 90' lang='lat' dir='ltr'><strong>data</strong></span> <span class='ocrx_word' id='word_1_114' title='bbox 1086 1363 1208 1441; x_wconf 41' lang='lat' dir='ltr'><strong>Boccho·</strong></span> 
     </span>
     <span class='ocr_line' id='line_1_15' title="bbox 20 1381 1226 1541; baseline 0.001 -34"><span class='ocrx_word' id='word_1_115' title='bbox 20 1456 179 1530; x_wconf 89' lang='lat' dir='ltr'><strong>quattuor</strong></span> <span class='ocrx_word' id='word_1_116' title='bbox 203 1443 303 1507; x_wconf 92' lang='lat' dir='ltr'><strong>millia</strong></span> <span class='ocrx_word' id='word_1_117' title='bbox 327 1445 482 1531; x_wconf 91' lang='lat' dir='ltr'><strong>peditum,</strong></span> <span class='ocrx_word' id='word_1_118' title='bbox 510 1381 574 1508; x_wconf 82' lang='lat' dir='ltr'><strong>duo</strong></span> <span class='ocrx_word' id='word_1_119' title='bbox 601 1469 618 1510; x_wconf 99' lang='lat' dir='ltr'><strong>e</strong></span> <span class='ocrx_word' id='word_1_120' title='bbox 644 1446 766 1509; x_wconf 89' lang='lat' dir='ltr'><strong>uitum:</strong></span> <span class='ocrx_word' id='word_1_121' title='bbox 799 1444 1075 1532; x_wconf 89' lang='lat' dir='ltr'><strong>praemiorumque</strong></span> <span class='ocrx_word' id='word_1_122' title='bbox 1084 1433 1226 1541; x_wconf 52' lang='lat' dir='ltr'><strong>ffiffim</strong></span> 
     </span>
     <span class='ocr_line' id='line_1_16' title="bbox 21 1530 1238 1618; baseline 0 -26"><span class='ocrx_word' id='word_1_123' title='bbox 21 1530 206 1616; x_wconf 88' lang='lat' dir='ltr'><strong>ingentium</strong></span> <span class='ocrx_word' id='word_1_124' title='bbox 226 1553 281 1616; x_wconf 92' lang='lat' dir='ltr'><strong>spe</strong></span> <span class='ocrx_word' id='word_1_125' title='bbox 296 1544 454 1608; x_wconf 90' lang='lat' dir='ltr'><strong>oneratus,</strong></span> <span class='ocrx_word' id='word_1_126' title='bbox 471 1531 497 1594; x_wconf 92' lang='lat' dir='ltr'><strong>si</strong></span> <span class='ocrx_word' id='word_1_127' title='bbox 517 1545 613 1618; x_wconf 90' lang='lat' dir='ltr'><strong>caput</strong></span> <span class='ocrx_word' id='word_1_128' title='bbox 669 1531 816 1595; x_wconf 88' lang='lat' dir='ltr'><strong>asinissae</strong></span> <span class='ocrx_word' id='word_1_129' title='bbox 837 1530 1004 1605; x_wconf 78' lang='lat' dir='ltr'><strong>retulisset,</strong></span> <span class='ocrx_word' id='word_1_130' title='bbox 1022 1543 1145 1605; x_wconf 57' lang='lat' dir='ltr'><strong>autum,</strong></span> <span class='ocrx_word' id='word_1_131' title='bbox 1228 1579 1238 1592; x_wconf 75' lang='grc'>,</span> 
     </span>
     <span class='ocr_line' id='line_1_17' title="bbox 20 1615 1078 1705; baseline 0.002 -27"><span class='ocrx_word' id='word_1_132' title='bbox 20 1617 135 1679; x_wconf 89' lang='lat' dir='ltr'><strong>vivum</strong></span> <span class='ocrx_word' id='word_1_133' title='bbox 156 1615 205 1701; x_wconf 89' lang='lat' dir='ltr'><strong>(id</strong></span> <span class='ocrx_word' id='word_1_134' title='bbox 223 1639 297 1680; x_wconf 87' lang='lat' dir='ltr'><strong>vero</strong></span> <span class='ocrx_word' id='word_1_135' title='bbox 318 1616 545 1682; x_wconf 84' lang='lat' dir='ltr'><strong>inaestimabile</strong></span> <span class='ocrx_word' id='word_1_136' title='bbox 566 1618 719 1705; x_wconf 89' lang='lat' dir='ltr'><strong>gaudium</strong></span> <span class='ocrx_word' id='word_1_137' title='bbox 733 1617 816 1703; x_wconf 77' lang='lat' dir='ltr'><strong>fore)</strong></span> <span class='ocrx_word' id='word_1_138' title='bbox 831 1617 975 1704; x_wconf 87' lang='lat' dir='ltr'><strong>cepisset,</strong></span> <span class='ocrx_word' id='word_1_139' title='bbox 992 1617 1078 1703; x_wconf 90' lang='lat' dir='ltr'><strong>pala·</strong></span> 
     </span>
    </p>

    <p class='ocr_par' dir='ltr' id='par_1_5' title="bbox 21 1702 1078 2146">
     <span class='ocr_line' id='line_1_18' title="bbox 22 1702 1078 1791; baseline -0.001 -25"><span class='ocrx_word' id='word_1_140' title='bbox 22 1715 72 1766; x_wconf 90' lang='lat' dir='ltr'><strong>tos</strong></span> <span class='ocrx_word' id='word_1_141' title='bbox 98 1703 320 1788; x_wconf 84' lang='lat' dir='ltr'><strong>incurioseque</strong></span> <span class='ocrx_word' id='word_1_142' title='bbox 343 1717 471 1790; x_wconf 85' lang='lat' dir='ltr'><strong>agentes</strong></span> <span class='ocrx_word' id='word_1_143' title='bbox 494 1704 663 1790; x_wconf 90' lang='lat' dir='ltr'><strong>improviso</strong></span> <span class='ocrx_word' id='word_1_144' title='bbox 685 1703 822 1780; x_wconf 86' lang='lat' dir='ltr'><strong>adortus,</strong></span> <span class='ocrx_word' id='word_1_145' title='bbox 846 1726 996 1791; x_wconf 86' lang='lat' dir='ltr'><strong>pecorum</strong></span> <span class='ocrx_word' id='word_1_146' title='bbox 1019 1702 1078 1766; x_wconf 93' lang='lat' dir='ltr'><strong>ho·</strong></span> 
     </span>
     <span class='ocr_line' id='line_1_19' title="bbox 21 1789 1078 1887; baseline 0 -35"><span class='ocrx_word' id='word_1_147' title='bbox 21 1790 216 1873; x_wconf 90' lang='lat' dir='ltr'><strong>miuumque</strong></span> <span class='ocrx_word' id='word_1_148' title='bbox 254 1789 376 1887; x_wconf 76' lang='lat' dir='ltr'><strong>ingenti</strong></span> <span class='ocrx_word' id='word_1_149' title='bbox 410 1791 615 1854; x_wconf 88' lang='lat' dir='ltr'><strong>multitudine</strong></span> <span class='ocrx_word' id='word_1_150' title='bbox 646 1813 665 1853; x_wconf 92' lang='lat' dir='ltr'><strong>a</strong></span> <span class='ocrx_word' id='word_1_151' title='bbox 696 1791 853 1875; x_wconf 90' lang='lat' dir='ltr'><strong>praesidio</strong></span> <span class='ocrx_word' id='word_1_152' title='bbox 887 1801 1078 1853; x_wconf 88' lang='lat' dir='ltr'><strong>armatorum</strong></span> 
     </span>
     <span class='ocr_line' id='line_1_20' title="bbox 21 1873 1078 1961; baseline 0 -23"><span class='ocrx_word' id='word_1_153' title='bbox 21 1875 167 1948; x_wconf 83' lang='lat' dir='ltr'><strong>exclusa,</strong></span> <span class='ocrx_word' id='word_1_154' title='bbox 185 1873 386 1938; x_wconf 82' lang='lat' dir='ltr'><strong>Masinissam</strong></span> <span class='ocrx_word' id='word_1_155' title='bbox 406 1877 510 1961; x_wconf 89' lang='lat' dir='ltr'><strong>ipsum</strong></span> <span class='ocrx_word' id='word_1_156' title='bbox 530 1898 603 1939; x_wconf 90' lang='lat' dir='ltr'><strong>cnm</strong></span> <span class='ocrx_word' id='word_1_157' title='bbox 624 1875 732 1961; x_wconf 88' lang='lat' dir='ltr'><strong>paucis</strong></span> <span class='ocrx_word' id='word_1_158' title='bbox 748 1876 781 1939; x_wconf 92' lang='lat' dir='ltr'><strong>in</strong></span> <span class='ocrx_word' id='word_1_159' title='bbox 796 1875 946 1938; x_wconf 89' lang='lat' dir='ltr'><strong>verticem</strong></span> <span class='ocrx_word' id='word_1_160' title='bbox 962 1875 1078 1939; x_wconf 89' lang='lat' dir='ltr'><strong>montis</strong></span> 
     </span>
     <span class='ocr_line' id='line_1_21' title="bbox 21 1958 1078 2047; baseline 0 -23"><span class='ocrx_word' id='word_1_161' title='bbox 21 1958 200 2046; x_wconf 87' lang='lat' dir='ltr'><strong>compellit.</strong></span> <span class='ocrx_word' id='word_1_162' title='bbox 247 1958 338 2036; x_wconf 87' lang='lat' dir='ltr'><strong>Inde,</strong></span> <span class='ocrx_word' id='word_1_163' title='bbox 353 1983 451 2047; x_wconf 91' lang='lat' dir='ltr'><strong>prope</strong></span> <span class='ocrx_word' id='word_1_164' title='bbox 468 1961 581 2024; x_wconf 92' lang='lat' dir='ltr'><strong>utiam</strong></span> <span class='ocrx_word' id='word_1_165' title='bbox 596 1960 763 2036; x_wconf 91' lang='lat' dir='ltr'><strong>debellato,</strong></span> <span class='ocrx_word' id='word_1_166' title='bbox 777 1982 837 2024; x_wconf 91' lang='lat' dir='ltr'><strong>nec</strong></span> <span class='ocrx_word' id='word_1_167' title='bbox 852 1960 969 2046; x_wconf 90' lang='lat' dir='ltr'><strong>praeda</strong></span> <span class='ocrx_word' id='word_1_168' title='bbox 983 1959 1078 2024; x_wconf 92' lang='lat' dir='ltr'><strong>modo</strong></span> 
     </span>
     <span class='ocr_line' id='line_1_22' title="bbox 22 2044 1078 2146; baseline -0.001 -37"><span class='ocrx_word' id='word_1_169' title='bbox 22 2068 181 2132; x_wconf 89' lang='lat' dir='ltr'><strong>pecorum</strong></span> <span class='ocrx_word' id='word_1_170' title='bbox 196 2044 426 2132; x_wconf 90' lang='lat' dir='ltr'><strong>hominumque</strong></span> <span class='ocrx_word' id='word_1_171' title='bbox 441 2059 605 2146; x_wconf 86' lang='lat' dir='ltr'><strong>captorum</strong></span> <span class='ocrx_word' id='word_1_172' title='bbox 621 2046 714 2109; x_wconf 88' lang='lat' dir='ltr'><strong>missa</strong></span> <span class='ocrx_word' id='word_1_173' title='bbox 726 2047 766 2110; x_wconf 91' lang='lat' dir='ltr'><strong>ad</strong></span> <span class='ocrx_word' id='word_1_174' title='bbox 781 2069 899 2145; x_wconf 84' lang='lat' dir='ltr'><strong>regem,</strong></span> <span class='ocrx_word' id='word_1_175' title='bbox 912 2045 967 2109; x_wconf 87' lang='lat' dir='ltr'><strong>sed</strong></span> <span class='ocrx_word' id='word_1_176' title='bbox 979 2046 1078 2132; x_wconf 92' lang='lat' dir='ltr'><strong>copiis</strong></span> 
     </span>
    </p>

    <p class='ocr_par' dir='ltr' id='par_1_6' title="bbox 23 2131 1079 2218">
     <span class='ocr_line' id='line_1_23' title="bbox 23 2131 1079 2218; baseline -0.002 -22"><span class='ocrx_word' id='word_1_177' title='bbox 23 2135 137 2208; x_wconf 89' lang='lat' dir='ltr'><strong>etiam,</strong></span> <span class='ocrx_word' id='word_1_178' title='bbox 153 2144 190 2195; x_wconf 93' lang='lat' dir='ltr'><strong>ut</strong></span> <span class='ocrx_word' id='word_1_179' title='bbox 204 2131 366 2217; x_wconf 90' lang='lat' dir='ltr'><strong>aliquanto</strong></span> <span class='ocrx_word' id='word_1_180' title='bbox 382 2133 560 2210; x_wconf 79' lang='lat' dir='ltr'><strong>maiorrbuS,</strong></span> <span class='ocrx_word' id='word_1_181' title='bbox 577 2155 673 2218; x_wconf 88' lang='lat' dir='ltr'><strong>quam</strong></span> <span class='ocrx_word' id='word_1_182' title='bbox 694 2155 752 2218; x_wconf 92' lang='lat' dir='ltr'><strong>pro</strong></span> <span class='ocrx_word' id='word_1_183' title='bbox 772 2132 912 2217; x_wconf 79' lang='lat' dir='ltr'><strong>reliquiis</strong></span> <span class='ocrx_word' id='word_1_184' title='bbox 927 2131 1012 2207; x_wconf 92' lang='lat' dir='ltr'><strong>belli,</strong></span> <span class='ocrx_word' id='word_1_185' title='bbox 1029 2154 1079 2195; x_wconf 91' lang='lat' dir='ltr'><strong>re·</strong></span> 
     </span>
    </p>

    <p class='ocr_par' dir='ltr' id='par_1_7' title="bbox 13 2217 1078 2391">
     <span class='ocr_line' id='line_1_24' title="bbox 13 2217 1077 2305; baseline 0.002 -25"><span class='ocrx_word' id='word_1_186' title='bbox 13 2219 141 2292; x_wconf 84' lang='lat' dir='ltr'><strong>missis,</strong></span> <span class='ocrx_word' id='word_1_187' title='bbox 173 2240 247 2281; x_wconf 87' lang='lat' dir='ltr'><strong>cum</strong></span> <span class='ocrx_word' id='word_1_188' title='bbox 279 2217 365 2281; x_wconf 90' lang='lat' dir='ltr'><strong>haud</strong></span> <span class='ocrx_word' id='word_1_189' title='bbox 396 2219 531 2305; x_wconf 90' lang='lat' dir='ltr'><strong>amplius</strong></span> <span class='ocrx_word' id='word_1_190' title='bbox 561 2219 721 2305; x_wconf 88' lang='lat' dir='ltr'><strong>peditibus</strong></span> <span class='ocrx_word' id='word_1_191' title='bbox 754 2217 840 2282; x_wconf 91' lang='lat' dir='ltr'><strong>mille</strong></span> <span class='ocrx_word' id='word_1_192' title='bbox 867 2218 1077 2304; x_wconf 85' lang='lat' dir='ltr'><strong>ducentisque</strong></span> 
     </span>
     <span class='ocr_line' id='line_1_25' title="bbox 24 2303 1078 2391; baseline 0 -23"><span class='ocrx_word' id='word_1_193' title='bbox 24 2305 199 2391; x_wconf 74' lang='lat' dir='ltr'><strong>equitibus</strong></span> <span class='ocrx_word' id='word_1_194' title='bbox 216 2303 399 2390; x_wconf 81' lang='lat' dir='ltr'><strong>degressum</strong></span> <span class='ocrx_word' id='word_1_195' title='bbox 420 2306 501 2391; x_wconf 89' lang='lat' dir='ltr'><strong>iugis</strong></span> <span class='ocrx_word' id='word_1_196' title='bbox 517 2304 718 2369; x_wconf 89' lang='lat' dir='ltr'><strong>Masinissam</strong></span> <span class='ocrx_word' id='word_1_197' title='bbox 762 2319 932 2380; x_wconf 90' lang='lat' dir='ltr'><strong>ersecutus,</strong></span> <span class='ocrx_word' id='word_1_198' title='bbox 949 2304 983 2367; x_wconf 90' lang='lat' dir='ltr'><strong>in</strong></span> <span class='ocrx_word' id='word_1_199' title='bbox 998 2303 1078 2368; x_wconf 87' lang='lat' dir='ltr'><strong>valle</strong></span> 
     </span>
    </p>

    <p class='ocr_par' dir='ltr' id='par_1_8' title="bbox 24 2327 1082 2563">
     <span class='ocr_line' id='line_1_26' title="bbox 24 2327 1079 2477; baseline 0.001 -24"><span class='ocrx_word' id='word_1_200' title='bbox 24 2407 105 2466; x_wconf 89' lang='lat' dir='ltr'><strong>arta,</strong></span> <span class='ocrx_word' id='word_1_201' title='bbox 124 2390 279 2464; x_wconf 72' lang='lat' dir='ltr'><strong>¹faucibus</strong></span> <span class='ocrx_word' id='word_1_202' title='bbox 316 2391 477 2477; x_wconf 89' lang='lat' dir='ltr'><strong>utrimque</strong></span> <span class='ocrx_word' id='word_1_203' title='bbox 515 2391 656 2468; x_wconf 90' lang='lat' dir='ltr'><strong>obsessis,</strong></span> <span class='ocrx_word' id='word_1_204' title='bbox 687 2327 822 2456; x_wconf 83' lang='lat' dir='ltr'><strong>inclirsit.</strong></span> <span class='ocrx_word' id='word_1_205' title='bbox 879 2390 929 2454; x_wconf 92' lang='lat' dir='ltr'><strong>Ibi</strong></span> <span class='ocrx_word' id='word_1_206' title='bbox 966 2390 1079 2477; x_wconf 91' lang='lat' dir='ltr'><strong>ingens</strong></span> 
     </span>
     <span class='ocr_line' id='line_1_27' title="bbox 26 2475 1082 2563; baseline 0 -23"><span class='ocrx_word' id='word_1_207' title='bbox 26 2477 143 2541; x_wconf 90' lang='lat' dir='ltr'><strong>caedes</strong></span> <span class='ocrx_word' id='word_1_208' title='bbox 170 2475 382 2563; x_wconf 82' lang='lat' dir='ltr'><strong>Massylorum</strong></span> <span class='ocrx_word' id='word_1_209' title='bbox 411 2479 500 2542; x_wconf 85' lang='lat' dir='ltr'><strong>facta</strong></span> <span class='ocrx_word' id='word_1_210' title='bbox 549 2478 718 2542; x_wconf 89' lang='lat' dir='ltr'><strong>Masinissa</strong></span> <span class='ocrx_word' id='word_1_211' title='bbox 746 2500 819 2542; x_wconf 92' lang='lat' dir='ltr'><strong>cum</strong></span> <span class='ocrx_word' id='word_1_212' title='bbox 849 2477 1082 2563; x_wconf 87' lang='lat' dir='ltr'><strong>quinquaginta</strong></span> 
     </span>
    </p>

    <p class='ocr_par' dir='ltr' id='par_1_9' title="bbox 26 2563 1080 2824">
     <span class='ocr_line' id='line_1_28' title="bbox 26 2563 1080 2650; baseline 0.004 -26"><span class='ocrx_word' id='word_1_213' title='bbox 26 2563 117 2627; x_wconf 90' lang='lat' dir='ltr'><strong>haud</strong></span> <span class='ocrx_word' id='word_1_214' title='bbox 142 2563 276 2649; x_wconf 88' lang='lat' dir='ltr'><strong>amplius</strong></span> <span class='ocrx_word' id='word_1_215' title='bbox 298 2565 459 2650; x_wconf 89' lang='lat' dir='ltr'><strong>equitibus</strong></span> <span class='ocrx_word' id='word_1_216' title='bbox 507 2587 542 2628; x_wconf 91' lang='lat' dir='ltr'><strong>cr</strong></span> <span class='ocrx_word' id='word_1_217' title='bbox 565 2565 722 2629; x_wconf 88' lang='lat' dir='ltr'><strong>anfractus</strong></span> <span class='ocrx_word' id='word_1_218' title='bbox 744 2565 860 2629; x_wconf 90' lang='lat' dir='ltr'><strong>montis</strong></span> <span class='ocrx_word' id='word_1_219' title='bbox 884 2564 1008 2650; x_wconf 87' lang='lat' dir='ltr'><strong>ignotos</strong></span> <span class='ocrx_word' id='word_1_220' title='bbox 1031 2585 1080 2628; x_wconf 88' lang='lat' dir='ltr'><strong>se-</strong></span> 
     </span>
     <span class='ocr_line' id='line_1_29' title="bbox 27 2649 1077 2737; baseline 0.001 -25"><span class='ocrx_word' id='word_1_221' title='bbox 27 2649 204 2733; x_wconf 90' lang='lat' dir='ltr'><strong>quentibus</strong></span> <span class='ocrx_word' id='word_1_222' title='bbox 234 2672 267 2713; x_wconf 93' lang='lat' dir='ltr'><strong>se</strong></span> <span class='ocrx_word' id='word_1_223' title='bbox 297 2651 422 2737; x_wconf 83' lang='lat' dir='ltr'><strong>eripuit</strong></span> <span class='ocrx_word' id='word_1_224' title='bbox 501 2651 592 2716; x_wconf 91' lang='lat' dir='ltr'><strong>enuit</strong></span> <span class='ocrx_word' id='word_1_225' title='bbox 621 2664 727 2716; x_wconf 92' lang='lat' dir='ltr'><strong>tamen</strong></span> <span class='ocrx_word' id='word_1_226' title='bbox 756 2651 889 2737; x_wconf 84' lang='lat' dir='ltr'><strong>vestigia</strong></span> <span class='ocrx_word' id='word_1_227' title='bbox 914 2650 1077 2715; x_wconf 92' lang='lat' dir='ltr'><strong>Bocchar:</strong></span> 
     </span>
     <span class='ocr_line' id='line_1_30' title="bbox 28 2735 1079 2824; baseline 0.003 -27"><span class='ocrx_word' id='word_1_228' title='bbox 28 2735 229 2821; x_wconf 87' lang='lat' dir='ltr'><strong>adeptusque</strong></span> <span class='ocrx_word' id='word_1_229' title='bbox 245 2759 319 2800; x_wconf 91' lang='lat' dir='ltr'><strong>eum</strong></span> <span class='ocrx_word' id='word_1_230' title='bbox 335 2737 516 2824; x_wconf 90' lang='lat' dir='ltr'><strong>patentibus</strong></span> <span class='ocrx_word' id='word_1_231' title='bbox 534 2760 633 2824; x_wconf 94' lang='lat' dir='ltr'><strong>prope</strong></span> <span class='ocrx_word' id='word_1_232' title='bbox 651 2737 808 2824; x_wconf 88' lang='lat' dir='ltr'><strong>Clupeam</strong></span> <span class='ocrx_word' id='word_1_233' title='bbox 825 2740 934 2803; x_wconf 91' lang='lat' dir='ltr'><strong>urbem</strong></span> <span class='ocrx_word' id='word_1_234' title='bbox 950 2737 1079 2824; x_wconf 89' lang='lat' dir='ltr'><strong>eampis,</strong></span> 
     </span>
    </p>

    <p class='ocr_par' dir='ltr' id='par_1_10' title="bbox 28 2820 1081 2910">
     <span class='ocr_line' id='line_1_31' title="bbox 28 2820 1081 2910; baseline 0.004 -28"><span class='ocrx_word' id='word_1_235' title='bbox 28 2820 74 2884; x_wconf 89' lang='lat' dir='ltr'><strong>ita</strong></span> <span class='ocrx_word' id='word_1_236' title='bbox 100 2821 318 2899; x_wconf 88' lang='lat' dir='ltr'><strong>circumvenit,</strong></span> <span class='ocrx_word' id='word_1_237' title='bbox 346 2835 391 2900; x_wconf 89' lang='lat' dir='ltr'><strong>ut,</strong></span> <span class='ocrx_word' id='word_1_238' title='bbox 442 2837 544 2888; x_wconf 90' lang='lat' dir='ltr'><strong>raeter</strong></span> <span class='ocrx_word' id='word_1_239' title='bbox 569 2837 719 2910; x_wconf 87' lang='lat' dir='ltr'><strong>quattuor</strong></span> <span class='ocrx_word' id='word_1_240' title='bbox 743 2825 877 2910; x_wconf 89' lang='lat' dir='ltr'><strong>equites,</strong></span> <span class='ocrx_word' id='word_1_241' title='bbox 904 2847 1015 2900; x_wconf 85' lang='lat' dir='ltr'><strong>omnes</strong></span> <span class='ocrx_word' id='word_1_242' title='bbox 1039 2821 1081 2886; x_wconf 90' lang='lat' dir='ltr'><strong>ad</strong></span> 
     </span>
    </p>

    <p class='ocr_par' dir='ltr' id='par_1_11' title="bbox 29 2846 1082 3080">
     <span class='ocr_line' id='line_1_32' title="bbox 29 2846 1080 2994; baseline 0.001 -25"><span class='ocrx_word' id='word_1_243' title='bbox 29 2921 134 2970; x_wconf 91' lang='lat' dir='ltr'><strong>unum</strong></span> <span class='ocrx_word' id='word_1_244' title='bbox 160 2907 360 2972; x_wconf 86' lang='lat' dir='ltr'><strong>interficeret.</strong></span> <span class='ocrx_word' id='word_1_245' title='bbox 409 2846 495 2974; x_wconf 77' lang='lat' dir='ltr'><strong>Cum</strong></span> <span class='ocrx_word' id='word_1_246' title='bbox 524 2910 563 2972; x_wconf 94' lang='lat' dir='ltr'><strong>iis</strong></span> <span class='ocrx_word' id='word_1_247' title='bbox 592 2910 696 2994; x_wconf 85' lang='lat' dir='ltr'><strong>ipsum</strong></span> <span class='ocrx_word' id='word_1_248' title='bbox 723 2932 851 2994; x_wconf 92' lang='lat' dir='ltr'><strong>quoque</strong></span> <span class='ocrx_word' id='word_1_249' title='bbox 878 2908 1080 2972; x_wconf 86' lang='lat' dir='ltr'><strong>Masinissam</strong></span> 
     </span>
     <span class='ocr_line' id='line_1_33' title="bbox 29 2992 1082 3080; baseline 0 -24"><span class='ocrx_word' id='word_1_250' title='bbox 29 2994 172 3057; x_wconf 89' lang='lat' dir='ltr'><strong>sancium</strong></span> <span class='ocrx_word' id='word_1_251' title='bbox 189 3017 288 3080; x_wconf 90' lang='lat' dir='ltr'><strong>prope</strong></span> <span class='ocrx_word' id='word_1_252' title='bbox 304 3017 321 3058; x_wconf 99' lang='lat' dir='ltr'><strong>e</strong></span> <span class='ocrx_word' id='word_1_253' title='bbox 338 2996 483 3058; x_wconf 86' lang='lat' dir='ltr'><strong>manibus</strong></span> <span class='ocrx_word' id='word_1_254' title='bbox 498 2995 583 3058; x_wconf 90' lang='lat' dir='ltr'><strong>inter</strong></span> <span class='ocrx_word' id='word_1_255' title='bbox 600 2992 773 3057; x_wconf 91' lang='lat' dir='ltr'><strong>tumultum</strong></span> <span class='ocrx_word' id='word_1_256' title='bbox 792 2993 904 3056; x_wconf 88' lang='lat' dir='ltr'><strong>amisit.</strong></span> <span class='ocrx_word' id='word_1_257' title='bbox 950 2993 989 3056; x_wconf 94' lang='lat' dir='ltr'><strong>In</strong></span> <span class='ocrx_word' id='word_1_258' title='bbox 1004 3015 1082 3057; x_wconf 89' lang='lat' dir='ltr'><strong>con·</strong></span> 
     </span>
    </p>

    <p class='ocr_par' dir='ltr' id='par_1_12' title="bbox 29 3079 1082 3252">
     <span class='ocr_line' id='line_1_34' title="bbox 29 3079 1080 3178; baseline -0.001 -36"><span class='ocrx_word' id='word_1_259' title='bbox 29 3093 144 3163; x_wconf 90' lang='lat' dir='ltr'><strong>spectu</strong></span> <span class='ocrx_word' id='word_1_260' title='bbox 161 3093 252 3143; x_wconf 89' lang='lat' dir='ltr'><strong>eraut</strong></span> <span class='ocrx_word' id='word_1_261' title='bbox 269 3079 447 3166; x_wconf 85' lang='lat' dir='ltr'><strong>fugientes;</strong></span> <span class='ocrx_word' id='word_1_262' title='bbox 471 3079 521 3143; x_wconf 89' lang='lat' dir='ltr'><strong>ala</strong></span> <span class='ocrx_word' id='word_1_263' title='bbox 541 3079 696 3164; x_wconf 90' lang='lat' dir='ltr'><strong>equitum,</strong></span> <span class='ocrx_word' id='word_1_264' title='bbox 711 3079 851 3165; x_wconf 88' lang='lat' dir='ltr'><strong>dispersa</strong></span> <span class='ocrx_word' id='word_1_265' title='bbox 871 3090 938 3142; x_wconf 92' lang='lat' dir='ltr'><strong>toto</strong></span> <span class='ocrx_word' id='word_1_266' title='bbox 958 3101 1080 3178; x_wconf 90' lang='lat' dir='ltr'><strong>campo,</strong></span> 
     </span>
     <span class='ocr_line' id='line_1_35' title="bbox 31 3163 1082 3252; baseline -0.002 -24"><span class='ocrx_word' id='word_1_267' title='bbox 31 3165 233 3250; x_wconf 90' lang='lat' dir='ltr'><strong>quibusdam,</strong></span> <span class='ocrx_word' id='word_1_268' title='bbox 249 3178 286 3229; x_wconf 92' lang='lat' dir='ltr'><strong>ut</strong></span> <span class='ocrx_word' id='word_1_269' title='bbox 306 3178 517 3242; x_wconf 88' lang='lat' dir='ltr'><strong>occurrerent,</strong></span> <span class='ocrx_word' id='word_1_270' title='bbox 533 3187 591 3252; x_wconf 90' lang='lat' dir='ltr'><strong>per</strong></span> <span class='ocrx_word' id='word_1_271' title='bbox 610 3165 739 3251; x_wconf 89' lang='lat' dir='ltr'><strong>obliqua</strong></span> <span class='ocrx_word' id='word_1_272' title='bbox 756 3163 971 3240; x_wconf 83' lang='lat' dir='ltr'><strong>tendentibus,</strong></span> <span class='ocrx_word' id='word_1_273' title='bbox 988 3185 1082 3250; x_wconf 90' lang='lat' dir='ltr'><strong>qum-</strong></span> 
     </span>
    </p>

    <p class='ocr_par' dir='ltr' id='par_1_13' title="bbox 16 3249 1225 4028">
     <span class='ocr_line' id='line_1_36' title="bbox 31 3249 1222 3350; baseline -0.002 -36"><span class='ocrx_word' id='word_1_274' title='bbox 31 3272 95 3336; x_wconf 89' lang='lat' dir='ltr'><strong>que</strong></span> <span class='ocrx_word' id='word_1_275' title='bbox 119 3251 226 3316; x_wconf 88' lang='lat' dir='ltr'><strong>hostes</strong></span> <span class='ocrx_word' id='word_1_276' title='bbox 249 3253 447 3338; x_wconf 88' lang='lat' dir='ltr'><strong>sequebatur.</strong></span> <span class='ocrx_word' id='word_1_277' title='bbox 495 3251 610 3315; x_wconf 86' lang='lat' dir='ltr'><strong>Amnis</strong></span> <span class='ocrx_word' id='word_1_278' title='bbox 633 3251 746 3336; x_wconf 89' lang='lat' dir='ltr'><strong>ingens</strong></span> <span class='ocrx_word' id='word_1_279' title='bbox 768 3250 927 3336; x_wconf 86' lang='lat' dir='ltr'><strong>fugientes</strong></span> <span class='ocrx_word' id='word_1_280' title='bbox 950 3249 1081 3350; x_wconf 89' lang='lat' dir='ltr'><strong>accepit,</strong></span> <span class='ocrx_word' id='word_1_281' title='bbox 1092 3275 1222 3326; x_wconf 62' lang='lat' dir='ltr'><strong>Masiniss</strong></span> 
     </span>
     <span class='ocr_line' id='line_1_37' title="bbox 31 3337 1203 3424; baseline -0.001 -23"><span class='ocrx_word' id='word_1_282' title='bbox 31 3341 154 3424; x_wconf 82' lang='lat' dir='ltr'><strong>(neque</strong></span> <span class='ocrx_word' id='word_1_283' title='bbox 169 3338 256 3402; x_wconf 91' lang='lat' dir='ltr'><strong>enim</strong></span> <span class='ocrx_word' id='word_1_284' title='bbox 271 3350 466 3415; x_wconf 87' lang='lat' dir='ltr'><strong>cunctanter,</strong></span> <span class='ocrx_word' id='word_1_285' title='bbox 483 3350 520 3401; x_wconf 94' lang='lat' dir='ltr'><strong>ut</strong></span> <span class='ocrx_word' id='word_1_286' title='bbox 534 3359 615 3423; x_wconf 90' lang='lat' dir='ltr'><strong>quos</strong></span> <span class='ocrx_word' id='word_1_287' title='bbox 632 3337 732 3401; x_wconf 91' lang='lat' dir='ltr'><strong>maior</strong></span> <span class='ocrx_word' id='word_1_288' title='bbox 749 3350 852 3400; x_wconf 91' lang='lat' dir='ltr'><strong>metus</strong></span> <span class='ocrx_word' id='word_1_289' title='bbox 870 3348 1006 3423; x_wconf 90' lang='lat' dir='ltr'><strong>urgeret,</strong></span> <span class='ocrx_word' id='word_1_290' title='bbox 1023 3359 1083 3400; x_wconf 82' lang='lat' dir='ltr'><strong>rm·</strong></span> <span class='ocrx_word' id='word_1_291' title='bbox 1091 3339 1167 3416; x_wconf 69' lang='lat' dir='ltr'><strong>insint</strong></span> <span class='ocrx_word' id='word_1_292' title='bbox 1177 3342 1203 3390; x_wconf 80' lang='lat' dir='ltr'><strong>in</strong></span> 
     </span>
     <span class='ocr_line' id='line_1_38' title="bbox 32 3403 1225 3516; baseline 0.002 -32"><span class='ocrx_word' id='word_1_293' title='bbox 32 3423 184 3488; x_wconf 85' lang='lat' dir='ltr'><strong>miserant</strong></span> <span class='ocrx_word' id='word_1_294' title='bbox 199 3422 313 3510; x_wconf 90' lang='lat' dir='ltr'><strong>equos)</strong></span> <span class='ocrx_word' id='word_1_295' title='bbox 332 3423 477 3510; x_wconf 90' lang='lat' dir='ltr'><strong>raptique</strong></span> <span class='ocrx_word' id='word_1_296' title='bbox 497 3423 632 3509; x_wconf 85' lang='lat' dir='ltr'><strong>gurgite,</strong></span> <span class='ocrx_word' id='word_1_297' title='bbox 648 3435 682 3487; x_wconf 91' lang='lat' dir='ltr'><strong>et</strong></span> <span class='ocrx_word' id='word_1_298' title='bbox 700 3423 734 3486; x_wconf 93' lang='lat' dir='ltr'><strong>in</strong></span> <span class='ocrx_word' id='word_1_299' title='bbox 754 3421 819 3487; x_wconf 93' lang='lat' dir='ltr'><strong>obli</strong></span> <span class='ocrx_word' id='word_1_300' title='bbox 843 3445 920 3486; x_wconf 92' lang='lat' dir='ltr'><strong>uum</strong></span> <span class='ocrx_word' id='word_1_301' title='bbox 940 3421 1080 3509; x_wconf 89' lang='lat' dir='ltr'><strong>praelati.</strong></span> <span class='ocrx_word' id='word_1_302' title='bbox 1092 3403 1225 3516; x_wconf 52' lang='lat' dir='ltr'><strong>flfflffuqn</strong></span> 
     </span>
     <span class='ocr_line' id='line_1_39' title="bbox 34 3445 1188 3610; baseline 0.001 -39"><span class='ocrx_word' id='word_1_303' title='bbox 34 3507 171 3574; x_wconf 87' lang='lat' dir='ltr'><strong>Duobus</strong></span> <span class='ocrx_word' id='word_1_304' title='bbox 195 3509 229 3572; x_wconf 91' lang='lat' dir='ltr'><strong>in</strong></span> <span class='ocrx_word' id='word_1_305' title='bbox 253 3522 426 3610; x_wconf 87' lang='lat' dir='ltr'><strong>conspectu</strong></span> <span class='ocrx_word' id='word_1_306' title='bbox 450 3509 591 3574; x_wconf 91' lang='lat' dir='ltr'><strong>hostium</strong></span> <span class='ocrx_word' id='word_1_307' title='bbox 616 3509 650 3571; x_wconf 92' lang='lat' dir='ltr'><strong>iu</strong></span> <span class='ocrx_word' id='word_1_308' title='bbox 698 3445 898 3607; x_wconf 76' lang='lat' dir='ltr'><strong>raerapidum</strong></span> <span class='ocrx_word' id='word_1_309' title='bbox 924 3507 1188 3594; x_wconf 69' lang='lat' dir='ltr'><strong>gingitemauobu,</strong></span> 
     </span>
     <span class='ocr_line' id='line_1_40' title="bbox 33 3531 1200 3683; baseline 0.001 -26"><span class='ocrx_word' id='word_1_310' title='bbox 33 3593 164 3672; x_wconf 88' lang='lat' dir='ltr'><strong>haustis,</strong></span> <span class='ocrx_word' id='word_1_311' title='bbox 180 3595 247 3682; x_wconf 93' lang='lat' dir='ltr'><strong>ipse</strong></span> <span class='ocrx_word' id='word_1_312' title='bbox 262 3596 390 3683; x_wconf 79' lang='lat' dir='ltr'><strong>periisse</strong></span> <span class='ocrx_word' id='word_1_313' title='bbox 406 3595 553 3662; x_wconf 82' lang='lat' dir='ltr'><strong>creditus</strong></span> <span class='ocrx_word' id='word_1_314' title='bbox 600 3595 647 3659; x_wconf 87' lang='lat' dir='ltr'><strong>At</strong></span> <span class='ocrx_word' id='word_1_315' title='bbox 662 3531 726 3658; x_wconf 79' lang='lat' dir='ltr'><strong>diro</strong></span> <span class='ocrx_word' id='word_1_316' title='bbox 742 3593 856 3680; x_wconf 82' lang='lat' dir='ltr'><strong>reliqui</strong></span> <span class='ocrx_word' id='word_1_317' title='bbox 871 3593 995 3679; x_wconf 90' lang='lat' dir='ltr'><strong>equites</strong></span> <span class='ocrx_word' id='word_1_318' title='bbox 1010 3616 1082 3658; x_wconf 91' lang='lat' dir='ltr'><strong>cum</strong></span> <span class='ocrx_word' id='word_1_319' title='bbox 1092 3595 1200 3658; x_wconf 64' lang='lat' dir='ltr'><strong>emergit,</strong></span> 
     </span>
     <span class='ocr_line' id='line_1_41' title="bbox 36 3677 1149 3768; baseline 0.003 -25"><span class='ocrx_word' id='word_1_320' title='bbox 36 3701 75 3744; x_wconf 94' lang='lat' dir='ltr'><strong>eo</strong></span> <span class='ocrx_word' id='word_1_321' title='bbox 92 3682 176 3746; x_wconf 84' lang='lat' dir='ltr'><strong>inter</strong></span> <span class='ocrx_word' id='word_1_322' title='bbox 189 3682 327 3768; x_wconf 89' lang='lat' dir='ltr'><strong>virgulta</strong></span> <span class='ocrx_word' id='word_1_323' title='bbox 341 3682 498 3748; x_wconf 87' lang='lat' dir='ltr'><strong>ulterioris</strong></span> <span class='ocrx_word' id='word_1_324' title='bbox 511 3681 599 3768; x_wconf 88' lang='lat' dir='ltr'><strong>ripae</strong></span> <span class='ocrx_word' id='word_1_325' title='bbox 614 3691 819 3745; x_wconf 80' lang='lat' dir='ltr'><strong>emerserunt.</strong></span> <span class='ocrx_word' id='word_1_326' title='bbox 865 3677 898 3744; x_wconf 92' lang='lat' dir='ltr'><strong>Is</strong></span> <span class='ocrx_word' id='word_1_327' title='bbox 912 3679 984 3744; x_wconf 85' lang='lat' dir='ltr'><strong>finis</strong></span> <span class='ocrx_word' id='word_1_328' title='bbox 1001 3679 1084 3746; x_wconf 88' lang='lat' dir='ltr'><strong>Boc·</strong></span> <span class='ocrx_word' id='word_1_329' title='bbox 1146 3695 1149 3700; x_wconf 84' lang='lat'>&#39;</span> 
     </span>
     <span class='ocr_line' id='line_1_42' title="bbox 35 3765 1084 3856; baseline 0.003 -28"><span class='ocrx_word' id='word_1_330' title='bbox 35 3767 123 3832; x_wconf 89' lang='lat' dir='ltr'><strong>chari</strong></span> <span class='ocrx_word' id='word_1_331' title='bbox 145 3768 299 3854; x_wconf 90' lang='lat' dir='ltr'><strong>sequendi</strong></span> <span class='ocrx_word' id='word_1_332' title='bbox 321 3768 390 3846; x_wconf 88' lang='lat' dir='ltr'><strong>fuit,</strong></span> <span class='ocrx_word' id='word_1_333' title='bbox 409 3791 470 3834; x_wconf 89' lang='lat' dir='ltr'><strong>neo</strong></span> <span class='ocrx_word' id='word_1_334' title='bbox 492 3766 617 3856; x_wconf 85' lang='lat' dir='ltr'><strong>ingredi</strong></span> <span class='ocrx_word' id='word_1_335' title='bbox 638 3767 758 3830; x_wconf 91' lang='lat' dir='ltr'><strong>flumen</strong></span> <span class='ocrx_word' id='word_1_336' title='bbox 780 3787 867 3842; x_wconf 83' lang='lat' dir='ltr'><strong>ause,</strong></span> <span class='ocrx_word' id='word_1_337' title='bbox 886 3788 946 3829; x_wconf 90' lang='lat' dir='ltr'><strong>nec</strong></span> <span class='ocrx_word' id='word_1_338' title='bbox 967 3765 1084 3831; x_wconf 88' lang='lat' dir='ltr'><strong>habere</strong></span> 
     </span>
     <span class='ocr_line' id='line_1_43' title="bbox 16 3851 1086 3940; baseline 0.003 -26"><span class='ocrx_word' id='word_1_339' title='bbox 16 3853 179 3918; x_wconf 78' lang='lat' dir='ltr'><strong>teredenti</strong></span> <span class='ocrx_word' id='word_1_340' title='bbox 206 3876 240 3918; x_wconf 90' lang='lat' dir='ltr'><strong>se</strong></span> <span class='ocrx_word' id='word_1_341' title='bbox 270 3855 343 3932; x_wconf 86' lang='lat' dir='ltr'><strong>iam,</strong></span> <span class='ocrx_word' id='word_1_342' title='bbox 369 3876 466 3940; x_wconf 91' lang='lat' dir='ltr'><strong>quem</strong></span> <span class='ocrx_word' id='word_1_343' title='bbox 495 3867 690 3940; x_wconf 87' lang='lat' dir='ltr'><strong>sequeretur.</strong></span> <span class='ocrx_word' id='word_1_344' title='bbox 737 3851 818 3916; x_wconf 91' lang='lat' dir='ltr'><strong>Inde</strong></span> <span class='ocrx_word' id='word_1_345' title='bbox 846 3875 947 3917; x_wconf 88' lang='lat' dir='ltr'><strong>vanus</strong></span> <span class='ocrx_word' id='word_1_346' title='bbox 976 3865 1086 3918; x_wconf 91' lang='lat' dir='ltr'><strong>auctor</strong></span> 
     </span>
     <span class='ocr_line' id='line_1_44' title="bbox 37 3938 1086 4028; baseline 0.003 -27"><span class='ocrx_word' id='word_1_347' title='bbox 37 3939 195 4027; x_wconf 88' lang='lat' dir='ltr'><strong>absumpti</strong></span> <span class='ocrx_word' id='word_1_348' title='bbox 218 3939 404 4005; x_wconf 85' lang='lat' dir='ltr'><strong>Masinissae</strong></span> <span class='ocrx_word' id='word_1_349' title='bbox 426 3940 468 4004; x_wconf 89' lang='lat' dir='ltr'><strong>ad</strong></span> <span class='ocrx_word' id='word_1_350' title='bbox 488 3961 597 4028; x_wconf 90' lang='lat' dir='ltr'><strong>regem</strong></span> <span class='ocrx_word' id='word_1_351' title='bbox 616 3939 731 4015; x_wconf 84' lang='lat' dir='ltr'><strong>rediit3</strong></span> <span class='ocrx_word' id='word_1_352' title='bbox 756 3938 916 4027; x_wconf 86' lang='lat' dir='ltr'><strong>missique,</strong></span> <span class='ocrx_word' id='word_1_353' title='bbox 931 3939 988 4027; x_wconf 91' lang='lat' dir='ltr'><strong>qui</strong></span> <span class='ocrx_word' id='word_1_354' title='bbox 1005 3938 1086 4005; x_wconf 89' lang='lat' dir='ltr'><strong>Car·</strong></span> 
     </span>
    </p>
   </div>
   <div class='ocr_carea' id='block_1_3' title="bbox 41 4189 1083 4380">
    <p class='ocr_par' dir='ltr' id='par_1_14' title="bbox 41 4189 1083 4380">
     <span class='ocr_line' id='line_1_45' title="bbox 41 4189 1083 4326; baseline -0.001 -25"><span class='ocrx_word' id='word_1_355' title='bbox 41 4189 177 4312; x_wconf 47' lang='grc' dir='ltr'><strong>πιιῗὶσῗῗῖια</strong></span> <span class='ocrx_word' id='word_1_356' title='bbox 192 4189 547 4319; x_wconf 52' lang='lat' dir='ltr'><strong>prqmvlugmngzmm</strong></span> <span class='ocrx_word' id='word_1_357' title='bbox 578 4189 810 4326; x_wconf 45' lang='lat' dir='ltr'><strong>duprlc&#39;ppeset&#39;gm</strong></span> <span class='ocrx_word' id='word_1_358' title='bbox 834 4259 922 4326; x_wconf 73' lang='lat' dir='ltr'><strong>¹terretur</strong></span> <span class='ocrx_word' id='word_1_359' title='bbox 949 4253 1083 4326; x_wconf 66' lang='lat' dir='ltr'><strong>absumpti]</strong></span> 
     </span>
     <span class='ocr_line' id='line_1_46' title="bbox 41 4317 1054 4380; baseline 0.001 -17"><span class='ocrx_word' id='word_1_360' title='bbox 41 4317 145 4376; x_wconf 74' lang='lat' dir='ltr'><strong>amplias</strong></span> <span class='ocrx_word' id='word_1_361' title='bbox 162 4320 285 4380; x_wconf 70' lang='lat' dir='ltr'><strong>peditibus</strong></span> <span class='ocrx_word' id='word_1_362' title='bbox 303 4317 442 4366; x_wconf 79' lang='lat' dir='ltr'><strong>Gronovius</strong></span> <span class='ocrx_word' id='word_1_363' title='bbox 464 4317 544 4378; x_wconf 82' lang='lat' dir='ltr'><strong>legen·</strong></span> <span class='ocrx_word' id='word_1_364' title='bbox 578 4317 652 4364; x_wconf 82' lang='lat' dir='ltr'><strong>Falso</strong></span> <span class='ocrx_word' id='word_1_365' title='bbox 663 4323 778 4365; x_wconf 82' lang='lat' dir='ltr'><strong>nuntians</strong></span> <span class='ocrx_word' id='word_1_366' title='bbox 790 4331 879 4378; x_wconf 82' lang='lat' dir='ltr'><strong>perisse</strong></span> <span class='ocrx_word' id='word_1_367' title='bbox 890 4317 1054 4365; x_wconf 73' lang='lat' dir='ltr'><strong>Mmrnmam.</strong></span> 
     </span>
    </p>
   </div>
   <div class='ocr_carea' id='block_1_4' title="bbox 0 0 1464 4770">
    <p class='ocr_par' dir='ltr' id='par_1_15' title="bbox 0 0 1464 4770">
     <span class='ocr_line' id='line_1_47' title="bbox 0 0 1464 4770; baseline 0 0"><span class='ocrx_word' id='word_1_368' title='bbox 0 0 1464 4770; x_wconf 95' lang='lat' dir='ltr'><strong> </strong></span> 
     </span>
    </p>
   </div>
  </div>
 </body>
</html>
