2866 4770
318 251 415 319 LIB.
440 253 571 319 xxlx.
603 253 714 320 CAP.
739 259 791 320 24.
1017 260 1082 320 485

29 385 288 471 gratulationem,
310 403 346 455 ut
363 390 527 479 publicum
547 412 675 477 quoque
695 388 807 454 foedus
823 389 946 476 privato
964 388 1082 454 adiice·
1093 399 1125 450 U.
1137 401 1167 450 G.
1184 402 1239 462 548.

30 485 128 550 retur,
147 475 282 540 societas
300 476 383 541 inter
427 477 557 564 opulum
580 475 874 576 Carthaginiensem
897 465 1121 562 regemque,A
1138 464 1168 515 0·
1184 479 1238 526 ²04

30 557 105 624 data
119 559 206 626 ultro
226 561 369 712 citroque
390 499 464 640 tide,
480 563 607 628 eosdem
627 563 744 627 amicos
764 562 854 626 immr
932 585 971 626 ue
992 561 1082 626 babi-

31 655 127 723 turos,
143 647 307 712 iureiuran
331 649 540 713 oaffirmatur.
588 647 741 713 Ceterum
757 646 926 712 Hasdruba
938 695 948 726 ,
961 669 1083 712 memor

30 743 164 797 etcum
194 732 342 821 Scipione
367 735 463 800 initae
487 735 555 835 regi
576 735 743 812 societatis,
766 747 800 799 et
824 757 921 821 quam
947 757 1028 798 vana
1049 747 1083 798 et

29 817 198 884 mutabilia
212 821 415 886 barbarorum
428 821 558 908 ingenia
572 832 686 897 essent,
701 820 830 898 veritus,
845 843 897 896 ne,
913 820 938 885 si
954 820 1082 885 ‘traiice-

29 916 79 968 ret
90 905 126 968 in
142 905 286 970 Africam
304 906 420 994 Scipio,
432 929 565 1006 parvum
576 906 740 972 vinculum
755 928 811 970 eae
823 906 953 992 nuptiae
966 919 1081 983 essent,

30 988 107 1054 dum
131 1012 302 1057 accensum
323 1006 443 1057 recenti
465 1015 571 1057 amore
595 991 770 1057 Numidam
796 992 901 1068 habet,
924 991 1082 1078 perpellit,

30 1075 196 1142 blanditiis
218 1101 345 1165 quoque
366 1076 491 1166 puellae
513 1077 671 1156 adhibitis,
690 1091 727 1142 ut
745 1077 864 1164 legatos
886 1079 920 1141 in
942 1076 1082 1142 Siciliam

30 1161 71 1226 ad
89 1161 276 1250 Scipionem
291 1165 406 1241 mittat,
422 1187 480 1252 per
494 1187 573 1314 qqos
595 1176 721 1228 moneat
736 1187 820 1240 eum,
838 1162 910 1228 ‘Ne
926 1163 1083 1250 prioribus
1091 1173 1199 1250 Scipion

32 1249 117 1313 ‘suis
137 1250 301 1336 promissis
321 1250 421 1314 fretus
442 1251 476 1314 in
541 1250 637 1314 ricam
661 1250 802 1314 traiiciat
851 1248 892 1314 Se
907 1262 941 1314 et
962 1250 1082 1399 nuptiis
1090 1244 1224 1352 fflffl

32 1335 131 1399 ‘civis
163 1335 446 1423 Carthaginiensis,
475 1336 559 1401 filiae
594 1335 811 1412 Hasdrubalis,
842 1358 939 1423 quem
967 1359 999 1399 m
1023 1347 1083 1400 ent

33 1429 72 1484 ‘a
95 1420 139 1484 ud
155 1444 189 1486 se
205 1423 239 1485 in
260 1421 407 1508 hospitio,
423 1435 456 1486 et
470 1421 598 1509 publico
613 1423 710 1488 etiam
727 1421 855 1486 foedere
870 1444 943 1485 cum
963 1444 1005 1508 po
1030 1421 1083 1486 ulo

33 1444 317 1595 ‘tlarthaginiensi
339 1509 493 1573 iunctum.
540 1507 660 1595 Optare
683 1509 830 1595 primum,
852 1520 888 1571 ut
910 1445 1082 1594 proculab

32 1590 177 1671 ‘Africa
194 1595 275 1659 sicut
290 1593 395 1658 adhuc
408 1593 552 1672 fecerint,
568 1593 685 1659 bellum
703 1594 842 1658 Romani
856 1617 930 1659 cum
947 1592 1083 1658 Cartha·

33 1678 252 1764 ‘giniensibus
271 1695 392 1768 gerant,
408 1703 449 1745 ne
471 1681 530 1744 sibi
550 1681 701 1744 interesse
717 1680 941 1744 certaminibus
961 1702 1081 1757 eorum,

34 1771 206 1852 ‘armaque
218 1777 273 1829 aut
287 1765 375 1844 haec,
392 1781 447 1831 aut
460 1765 523 1843 illa,
536 1767 729 1831 abnuentem
744 1765 874 1830 alteram
890 1767 1082 1843 societatem,

34 1852 147 1937 ‘sequi
163 1873 291 1916 necesse
307 1853 356 1915 sit.
405 1851 439 1916 Si
455 1874 518 1916 non
531 1853 687 1916 abstineat
703 1851 812 1916 Africa
829 1851 880 1916 Sci
904 1852 945 1928 io,
957 1865 990 1915 et
1004 1851 1084 1915 Car·

35 1935 178 2023 ‘thagini
194 1937 370 2000 exercitum
386 1937 560 2014 admoveat,
576 1937 636 2002 sibi
656 1937 867 2001 necessarium
882 1875 958 2013 lore,
973 1949 1006 2000 et
1027 1959 1083 2022 pro

35 2029 139 2086 ‘terra
155 2021 275 2100 Africa,
291 2022 325 2086 in
343 2036 454 2108 quaet
469 2023 536 2109 ipse
552 2023 592 2088 sit
615 2023 751 2110 genitus,
764 2037 797 2086 et
811 2045 868 2109 pro
889 2022 990 2108 patria
1008 2045 1084 2086 con-

36 2108 66 2171 ‘i
113 2108 139 2172 is
154 2131 241 2185 suae,
257 2131 377 2195 proque
393 2123 524 2207 parente
539 2131 575 2172 ac
613 2108 759 2173 enatibus
773 2108 943 2171 dimicare.'
1111 2153 1115 2162 .

69 2131 168 2259 uSum
191 2195 241 2258 his
263 2193 420 2258 mandatis
442 2195 482 2258 ab
504 2217 577 2282 rege
591 2132 695 2280 legati
717 2193 758 2258 ad
783 2193 965 2280 Scipionem
987 2195 1082 2271 missi,
1184 2240 1193 2258 .

37 2277 201 2366 Syracusis
231 2303 304 2344 eum
335 2295 561 2345 convenerunt.
609 2281 726 2368 Scipio,
757 2302 939 2366 quanquam
969 2303 1084 2366 magno

36 2381 200 2432 momento
215 2389 319 2431 rerum
336 2368 371 2431 in
383 2367 492 2431 Africa
506 2367 714 2454 gerendarum
731 2389 908 2453 magnaque
918 2389 973 2452 spe
989 2365 1085 2430 desti·
1174 2425 1178 2436 ,

38 2463 123 2516 tutus
146 2465 225 2531 erat,
248 2452 358 2539 legatis
404 2476 523 2540 ropere,
546 2455 729 2540 priusquam
752 2475 801 2516 res
823 2451 1013 2538 vulgaretur,
1035 2476 1086 2516 re-

37 2537 138 2603 missis
154 2540 187 2604 in
205 2538 358 2616 Africam,
373 2477 478 2604 literas
493 2540 548 2604 dat
562 2539 602 2604 ad
617 2563 733 2626 regem,
750 2539 865 2624 quibus
879 2539 974 2602 etiam
990 2553 1085 2626 atque

38 2623 133 2688 etiam
164 2639 275 2690 monet
304 2649 388 2702 eum,
416 2625 488 2692 ‘Ne
518 2627 587 2690 iura
616 2625 745 2712 hospitii
775 2648 892 2702 secum,
918 2649 982 2690 neu
1012 2648 1086 2690 cum

40 2711 177 2797 ‘populo
201 2711 347 2776 Romano
367 2713 464 2776 initae
483 2713 650 2789 societatis,
666 2735 731 2776 neu
753 2710 808 2787 fae,
824 2711 931 2788 fidem,
948 2710 1085 2788 dextras,
1183 2789 1191 2800 ί

40 2794 138 2860 ‘deos
154 2811 250 2863 testes
265 2812 360 2884 atque
373 2799 505 2863 arbitros
520 2812 757 2874 conventorum,
769 2797 875 2861 fallat’
922 2797 1085 2874 Ceterum,
1096 2803 1180 2859 Quam
1192 2819 1243 2878 rem

40 2883 169 2966 quando
184 2907 289 2970 neque
305 2885 401 2948 celari
415 2884 569 2948 adventus
589 2884 802 2948 Numidarum
818 2897 952 2968 poterat,
967 2868 1238 2978 (vagatiffifltdffl'

40 2967 125 3031 enirn
141 2970 177 3033 in
195 2971 283 3047 urbe,
299 2969 517 3054 obversatique
532 2971 690 3055 practorio
708 2967 813 3050 erant)
828 2981 869 3044 et,
886 2967 912 3030 si
933 2966 1086 3043 sileretur,
1095 2995 1162 3054 apud
1174 2992 1236 3041 mili-

40 3053 118 3137 quid
140 3068 288 3142 petentes
309 3057 478 3130 venisseut,
499 3053 676 3140 periculum
699 3064 776 3128 erat,
794 3075 835 3115 na
854 3075 927 3116 vora
948 3075 986 3116 eo
1008 3053 1086 3138 ipso,
1096 3061 1133 3104 tes
1144 3057 1234 3120 Scipio.

41 3140 127 3224 qnod
142 3142 331 3218 celarentur,
347 3164 403 3205 sua
421 3155 532 3226 sponte
552 3140 651 3225 magis
666 3143 858 3213 emanarent,
877 3137 1033 3222 timorque
1054 3138 1088 3201 in

42 3228 218 3292 exercitum
236 3227 400 3304 incideret,
416 3249 457 3290 ne
476 3225 570 3290 simul
584 3248 656 3289 cum
673 3247 746 3310 rege
767 3237 801 3288 et
817 3222 1089 3309 Carthaginiensi-

43 3309 101 3374 bus
125 3313 207 3377 forct
235 3312 426 3389 bellandum,
450 3313 562 3376 avertit
586 3335 604 3376 a
625 3334 700 3376 vero
723 3309 807 3374 falsis
829 3309 1089 3396 praeoccupando

44 3410 166 3464 mentes
195 3399 368 3463 hominurn.
417 3397 469 3476 Et,
494 3399 611 3462 vocatis
640 3397 681 3462 ad
711 3395 896 3460 concionem
927 3396 1088 3474 militibus,

46 3479 100 3544 ‘N
101 3507 144 3548 on
158 3483 241 3549 ultra
255 3507 323 3548 esse
339 3484 572 3560 cunctandum,’
587 3483 639 3547 ait
687 3481 836 3558 ‘Instare‚
850 3483 930 3546 utin
947 3482 1088 3546 Africam

47 3572 161 3653 ‘quam
185 3571 323 3656 primum
347 3570 491 3648 traiiciat,
514 3569 614 3634 socios
636 3591 734 3654 reges.
781 3567 981 3632 Masinissam
1001 3568 1091 3654 prius

48 3652 170 3739 ‘ipsum
197 3655 237 3719 ad
260 3655 406 3720 Laelium
426 3656 557 3732 venisse,
605 3667 778 3730 uerentem,
802 3653 888 3740 quod
911 3653 1110 3718 cunctando'

49 3745 193 3841 ‘tempus
205 3755 367 3806 tereretur.
415 3742 512 3806 Nunc
530 3741 595 3829 Syp
620 3763 707 3806 acem
723 3739 847 3804 mittere
864 3739 991 3825 legatos,
1004 3739 1089 3803 idem

49 3824 284 3904 ‘admirantem
300 3851 381 3914 quae
397 3841 462 3892 tam
480 3827 649 3892 diuturnae
670 3849 776 3891 morae
794 3826 835 3890 sit
848 3848 958 3889 causa:
983 3839 1091 3913 postu·

50 3909 262 4000 ‘lantemque,
276 3927 312 3978 ut
326 3926 382 3978 aut
397 3912 569 3978 traiiciatur
580 3914 708 3979 tandem
723 3913 757 3976 in
770 3911 911 3976 Africam
923 3913 1090 3990 exercitus,

50 4003 132 4075 ‘aut,
148 3999 174 4063 si
194 4013 315 4064 mutata
329 3999 460 4064 consilia
482 4001 554 4076 sint,
570 4001 686 4065 certior
705 3999 769 4076 liat,
786 4012 821 4062 ut
843 3999 957 4085 etipse
975 4000 1032 4064 sibi
1056 4021 1092 4062 ac

51 4087 168 4170 ‘regno
182 4109 239 4151 suo
254 4087 352 4173 possit
372 4085 544 4151 consulere.
591 4085 714 4171 Itaque,
730 4085 846 4171 paratis
866 4084 928 4148 iam
947 4085 1093 4149 omnibus

31 4165 305 4259 ¹‘instructisquc,
317 4187 350 4236 et
365 4195 398 4236 re
411 4171 473 4236 iam
489 4195 553 4235 non
566 4171 647 4236 ultra
661 4171 832 4257 recipiente
848 4171 1092 4244 cunctationem,

269 4335 276 4368 1
297 4321 438 4382 Recipiente
450 4319 637 4376 ctrrrctott'onem]
658 4317 710 4365 inc.
725 4317 883 4366 Admittente.
