2888 4768
322 169 383 230 186
703 163 816 230 ΤΙΤΙ
845 161 984 228 LIVII

164 309 197 358 U.
209 309 238 358 c,
255 309 309 371 ⁵38·
322 297 493 376 Gallicum,
505 299 549 364 sic
561 310 670 386 postea
684 297 732 364 Pa
754 299 849 364 irium
862 297 1102 386 Carviliumque
1117 297 1267 362 adversm
1281 295 1393 362 Sam-6

162 376 192 422 A.
210 375 240 423 ⁰·
256 387 402 450 ²¹4nites
425 385 642 472 Bruttiosque,
665 401 699 450 et
750 408 887 451 ucanum
909 407 983 450 cum
1006 385 1181 450 Tarentino
1202 382 1371 471 populum,

321 471 467 536 consules
496 471 678 537 declaratos.
737 473 863 538 Absens
893 471 1067 538 Marcellus
1095 470 1206 536 consul
1234 483 1370 546 creatus,

163 577 312 626 Fabiolauui
324 582 424 646 quum
440 559 480 622 ad
501 560 676 624 exercitum
692 573 793 636 esset3
817 560 974 647 praesenti
991 559 1097 636 Fabio,
1114 571 1210 645 atque
1233 557 1304 644 ipso
1319 579 1368 620 co

163 649 199 691 est
211 641 286 690 ⁰⁰¹¹fi·
323 647 413 710 mitia
427 645 573 723 habente,
590 646 770 710 consulatus
791 647 1001 711 continuatus.
1047 645 1127 710 Tem
1155 667 1189 708 us
1209 667 1247 707 ac
1262 665 1370 708 neces·

162 713 396 820 ffiffln‘sitae
416 731 501 808 belli,
518 756 554 796 ac
576 732 746 796 discrimen
766 755 907 797 summae
928 755 1033 798 rerum
1054 669 1219 807 faciebant,
1235 753 1278 795 ne
1299 731 1393 830 quist

322 819 425 883 autin
441 818 624 906 exemplum
640 819 831 906 exquireret,
847 833 902 884 aut
917 833 1097 906 suspectum
1113 817 1298 904 cupiditatis
1312 839 1370 880 rm-

363 905 401 970 rii
415 905 577 970 consulem
597 905 736 970 haberet.
785 905 874 982 Quin
894 905 1066 970 laudabant
1085 905 1190 992 potius
1210 905 1370 990 maguitu-

321 929 429 1057 dinem
453 993 561 1069 animi,
588 993 685 1080 quod,
712 1015 812 1080 quum
836 1015 960 1057 summo
983 993 1171 1092 imperatore
1198 1013 1268 1055 esse
1292 1013 1370 1077 opus

320 1080 364 1144 rci
390 1078 512 1143 ublicae
532 1079 636 1156 sciret,
652 1101 749 1166 aeque
765 1101 838 1144 eum
859 1079 945 1144 haurd
959 1079 1057 1143 dubre
1076 1099 1153 1154 esse,
1169 1077 1304 1140 minoris
1323 1077 1370 1140 in-

320 1103 438 1230 vidiam
458 1189 557 1242 suam,
570 1165 596 1228 si
611 1188 675 1252 qua
689 1189 731 1230 ex
750 1187 784 1230 re
801 1166 944 1244 oriretur,
957 1187 1053 1253 quam
1071 1164 1242 1229 utilitatem
1265 1164 1371 1251 reipu-

321 1251 433 1329 blicae,
448 1251 581 1316 fecisset

256 1381 264 1398 .
368 1338 444 1414 Quo
458 1337 511 1402 die
526 1339 742 1426 magistratum
758 1338 898 1404 inierunt
912 1337 1065 1415 consules,
1081 1349 1210 1402 senatus
1224 1335 1260 1400 iu
1274 1335 1371 1424 Capi·

322 1425 399 1490 tolio
419 1440 467 1490 est
486 1425 630 1502 habitus3
654 1425 882 1513 decretumque
902 1426 1046 1490 omnium
1066 1425 1214 1512 primum,
1235 1437 1274 1487 ut
1296 1447 1372 1487 cou-

322 1511 406 1576 sulcs
428 1513 624 1589 sortirentur,
645 1524 901 1599 compararentve
924 1513 1009 1576 iuter
1029 1533 1072 1589 se,
1095 1524 1167 1590 uter
1187 1511 1373 1576 censoribus

322 1597 466 1663 creandis
480 1598 610 1662 comitia
626 1597 767 1675 haberet,
779 1600 967 1699 priusquam
982 1597 1023 1662 ad
1037 1599 1214 1662 exercitum
1228 1596 1373 1684 proficis-

322 1698 454 1749 ceretur.
500 1683 709 1785 Prorogatum
735 1685 852 1750 demde
879 1685 1047 1774 imperium
1070 1685 1226 1759 omnibus,
1251 1685 1310 1770 qui
1333 1683 1373 1748 ad

322 1771 479 1835 exercitus
494 1772 745 1858 erant‚1ussique
761 1772 794 1836 in
806 1772 975 1860 provinciis
986 1793 1123 1848 manere,
1139 1769 1191 1834 Ti.
1205 1769 1374 1834 Gracchus

322 1857 486 1935 Luceriae,
512 1858 568 1922 ubi
598 1881 670 1922 cum
695 1858 845 1923 volonum
870 1858 1012 1923 exercitu
1038 1871 1114 1934 erat,
1139 1854 1178 1921 C.
1196 1855 1374 1921 Terentius

322 1944 424 2009 Varro
440 1944 473 2008 in
488 1967 563 2032 agro
578 1944 708 2022 Piceno,
724 1943 780 2009 Μ’.
795 1945 990 2032 Pomponius
1010 1945 1044 2008 in
1062 1942 1207 2008 Gallico:
1232 1957 1268 2007 et
1282 1963 1395 2030 prae-8

322 2031 442 2096 toribus
456 2032 569 2120 prioris
589 2031 666 2096 anni
680 2053 738 2120 pro
754 2045 902 2181 praetore
920 2031 962 2106 Q.
976 2029 1106 2095 Mucius
1120 2030 1281 2094 obtineret
1301 2029 1375 2095 Sar-

321 2117 451 2194 diniam,
469 2118 517 2182 M.
531 2117 677 2183 Valerius
692 2117 733 2182 ad
783 2117 959 2182 tundisium
975 2139 1047 2182 orae
1062 2117 1250 2193 maritimae,
1267 2117 1374 2180 inten-

322 2218 372 2269 tus
387 2205 535 2270 adversus
547 2227 657 2269 omnes
668 2217 772 2268 motus
788 2203 928 2293 Philippi
946 2203 1161 2269 Macedonum
1177 2204 1272 2290 regis,
1283 2225 1374 2291 prae·

322 2305 411 2356 osset
457 2291 493 2356 P.
510 2289 660 2356 Cornelio
676 2290 816 2356 Lentulo
830 2292 966 2379 praetori
980 2291 1088 2356 Sicilia
1101 2289 1230 2354 decreta
1268 2291 1376 2355 rovin-

323 2379 391 2453 cia3
416 2378 455 2442 T.
470 2377 607 2442 Otacilio
622 2377 727 2442 classis
747 2378 869 2455 eadem,
885 2401 982 2466 quam
1002 2376 1195 2442 adversust}
1272 2378 1372 2466 agini·
1442 2409 1443 2468 p

323 2487 415 2528 enses
430 2463 533 2550 priore
549 2487 634 2528 anno
649 2464 817 2528 habuisset.
1441 2513 1442 2574 t

367 2549 519 2636 Prodigia
529 2573 568 2615 eo
583 2573 667 2614 anno
682 2549 781 2616 multu
796 2551 942 2615 nuntiata
955 2563 1038 2615 sunt
1087 2549 1179 2626 Quae
1191 2572 1259 2636 quo
1274 2551 1376 2651 magis

323 2635 496 2701 credebant
510 2635 668 2723 simplices
688 2661 725 2702 ac
745 2636 883 2724 religiosi
903 2638 1057 2714 homines,
1074 2660 1112 2701 eo
1129 2635 1222 2724 plura
1243 2653 1376 2702 nunna-
1440 2617 1441 2677 l

323 2723 456 2788 bantur:
488 2721 626 2787 Lanuvii
653 2723 687 2786 in
709 2723 788 2788 aede
814 2726 900 2788 intus
932 2723 974 2789 So
1012 2725 1074 2788 itae
1100 2722 1235 2788 Iunonis
1264 2747 1376 2789 corvos
1439 2735 1440 2781 l

323 2809 437 2874 nidum
447 2809 574 2874 fecisse:
599 2809 632 2872 in
643 2809 763 2896 Apulia
774 2811 908 2898 palmam
920 2811 979 2874 viri
1003 2833 1053 2875 em
1063 2809 1190 2874 arsisse:
1216 2809 1376 2874 Mantuae
1438 2849 1439 2887 t

324 2911 470 2984 stagnum
486 2897 619 2961 effusum
633 2895 756 2962 Mincio
771 2899 857 2964 amni
872 2911 1038 2962 cruentum
1050 2898 1169 2961 visum:
1193 2910 1227 2961 et
1241 2897 1396 2995 Calibus?

324 2999 419 3062 creta,
436 2998 469 3048 et
485 2983 607 3047 Romae
625 2983 660 3046 in
674 2983 742 3048 foro
756 2985 864 3048 boario
879 2985 1031 3071 sanguine
1046 2983 1180 3072 pluisse:
1205 2996 1239 3047 et
1255 2985 1291 3048 in
1305 2985 1396 3057 vico.

222 3104 228 3127 x
325 3069 445 3136 Insteio
455 3070 575 3135 fontem
591 3071 744 3134 subterra
758 3085 846 3135 tantu
860 3071 892 3136 vi
905 3093 1059 3158 aquarum
1073 3070 1211 3148 fluxisse,
1226 3085 1263 3136 ut
1280 3071 1395 3136 seriust
1435 3129 1436 3132 ,

357 3326 430 3376 oste
443 3335 527 3390 postea
540 3329 673 3388 Papirium
687 3327 831 3375 Carvilium·
864 3327 1376 3391 susidemillePomponiuaquihicGal-
1433 3325 1434 3412 l

325 3395 384 3456 que]
405 3392 437 3441 U.
448 3393 477 3441 C.
489 3393 543 3452 480.
564 3391 594 3439 cf.
602 3390 698 3453 Fragm.
708 3391 775 3440 Fast.
784 3393 831 3440 Oa-
864 3391 923 3439 liam
935 3391 1043 3440 obtinere
1052 3392 1210 3450 dicituniufr.
1221 3407 1259 3454 ¹7·
1269 3395 1377 3444 inCarn

326 3457 421 3518 pitoliu.
865 3455 938 3518 partin
952 3455 1072 3517 praesidet
1088 3457 1172 3504 castris
1187 3472 1265 3520 super
1276 3461 1377 3508 Suessa
1430 3479 1431 3482 ¹

360 3533 373 3582 7
389 3523 429 3568 Ne
442 3522 497 3583 quis
509 3526 554 3567 out
565 3521 593 3567 in
603 3521 738 3582 exemplum
748 3521 832 3584 erpui-
864 3521 922 3568 lam.
938 3520 1019 3569 Curru.

326 3587 403 3644 reret]
421 3599 454 3632 sc.
468 3585 497 3631 In
509 3585 650 3646 exemplum
668 3583 728 3646 legis
741 3583 831 3631 violan-
896 3597 912 3647 9
928 3585 1047 3646 scapnam
1061 3586 1166 3648 effumm
1175 3587 1277 3636 Mancia
1293 3587 1376 3646 enai]

326 3649 381 3708 dae,
398 3648 490 3709 quippe
505 3648 538 3697 U.
550 3649 579 3697 G.
592 3661 646 3710 413.
662 3647 716 3709 lege
733 3655 832 3695 cautum
865 3649 1010 3710 Stagnantes
1025 3663 1110 3710 aquas,
1120 3663 1134 3697 e
1145 3649 1241 3698 Mincio
1251 3652 1323 3700 amni
1337 3667 1378 3700 ex·

326 3719 369 3761 est.
402 3715 419 3738 ‘⁴
430 3713 470 3760 Ne
481 3713 535 3772 quis
546 3713 651 3760 eundem
666 3711 832 3774 magistratum
865 3713 967 3760 undanti
978 3713 1073 3762 effusas

327 3777 390 3850 intra
401 3777 485 3824 decem
497 3790 574 3823 annos
585 3779 707 3838 caperet.”
726 3777 756 3826 cf.
766 3791 831 3838 supr.
899 3791 908 3824 1
927 3779 1054 3840 Sanguine
1062 3779 1167 3841 pluisse]
1184 3779 1216 3827 cf.
1224 3780 1301 3842 Supr.
1309 3780 1377 3829 xxiii.

328 3855 367 3888 vu.
379 3855 417 3899 4²·
866 3855 904 3902 31.

358 3905 374 3950 8
390 3905 440 3951 Μ’.
450 3905 600 3964 Pomponius
610 3905 638 3950 ia
649 3905 754 3963 Gallico]
782 3905 832 3952 Hic
895 3919 907 3952 2
920 3907 1121 3966 Inoieolnstcio]
1127 3909 1214 3956 Istriae
1221 3909 1279 3957 edd.
1286 3910 1377 3972 plures

327 3967 428 4017 Manius
445 3967 597 4028 Pomponius
617 3967 715 4014 iubetur
730 3969 756 4016 in
775 3983 833 4031 agro
867 3969 1213 4020 TuscocomiciebatGronor.
1239 3973 1377 4021 Notumin

327 4031 425 4080 Gallico
436 4045 543 4091 munere,
551 4046 623 4092 quem
633 4045 662 4078 eo
670 4031 770 4078 missum
782 4047 833 4080 esse
866 4033 986 4081 Romanis
998 4033 1096 4083 familiis
1108 4037 1255 4084 vocabulum
1267 4039 1378 4087 Insteius

325 4111 446 4170 nusquam
457 4095 574 4156 scriptum
585 4101 629 4142 est.
663 4095 732 4168 Quin
749 4105 833 4170 contra
864 4097 919 4155 mit,
935 4097 977 4172 sed
993 4097 1025 4145 de
1043 4101 1095 4148 otoo
1113 4102 1205 4149 Itutsio
1224 4101 1299 4150 nulla
1317 4101 1377 4150 alui

326 4161 832 4272 {tutisubtitulamus
865 4167 1124 4286 limita.
1140 4233 1197 4276 ...a
1211 4231 1377 4283 manis,
