2866 4770
299 233 397 299 LIB.
419 233 550 300 XXIX.
584 235 696 302 CAP.
722 243 774 305 37.
1001 242 1065 303 499

23 377 76 428 aut
97 366 155 453 ipsi
178 365 290 445 ierant,
311 381 367 433 aut
389 369 540 435 miserant
558 370 600 435 ad
617 369 792 458 Magonem
812 371 853 436 de
872 395 915 459 po
937 373 1063 438 ulomm
1074 387 1108 438 U.
1120 387 1149 438 0.
1165 386 1221 448 548.

24 473 147 516 suorum
169 453 359 532 defectione,
383 456 487 542 primo
511 471 691 542 praesentes
720 471 810 522 erant
837 395 1103 536 condimnati3³·
1120 453 1150 502 ⁰·
1166 464 1220 509 Μ

22 550 136 622 postea,
166 541 359 605 couscientia
391 543 517 606 sibimet
550 542 610 628 ipsi
643 543 789 608 exsilium
822 545 1061 622 consciscentes,

23 645 118 708 quum
137 626 283 690 absentes
297 627 439 691 damnati
456 640 570 705 essent,
586 629 768 727 corporibus
788 630 962 707 subtractis,
978 631 1063 695 bona

8 719 152 860 ffitum'
168 734 250 798 quae
270 713 423 798 publicari
442 726 598 800 poterant,
613 714 810 800 pignoranda
829 738 950 801 poenae
970 738 1062 803 prae-

78 810 141 861 ant.

60 882 149 948 Dum
170 885 248 950 haec
270 885 414 950 consules
434 885 564 951 diversis
585 909 618 951 re
642 886 766 952 'onibus
785 899 893 974 agunt,
917 911 1061 954 censores
1117 888 1169 952 37.

18 969 142 1035 interim
161 971 284 1036 Romae
305 971 354 1036 M.
367 972 477 1037 Livius
497 991 531 1036 et
552 971 591 1037 C.
638 972 762 1038 laudius
782 989 925 1038 senatum
948 972 1133 1040 recita-1⁴ilii
1145 979 1170 1048 εξ

18 1070 136 1121 verunt
194 1056 346 1145 Princeps
379 1059 495 1123 iterum
529 1058 630 1123 lectus
668 1059 710 1134 Q,
738 1059 854 1124 Fabius
886 1059 1058 1125 Maximus
1069 1036 1178 1149 fffi

17 1139 129 1206 Notati
155 1157 297 1230 septem:
336 1167 431 1209 nemo
458 1157 575 1222 tamen,
602 1144 659 1231 qui
688 1145 764 1210 sella
789 1144 892 1210 curuli
917 1145 1058 1211 sedisset

18 1225 106 1293 Serta
121 1242 207 1295 tecta
220 1231 335 1295 acriter
349 1244 382 1296 et
396 1253 469 1295 cum
483 1253 607 1295 summa
620 1231 685 1295 fide
701 1254 761 1296 exe
802 1245 885 1296 runt
932 1231 1061 1298 Viame

14 1313 81 1378 foro
101 1315 218 1381 Boario
240 1316 281 1381 ad
296 1316 441 1394 Veneris,
459 1330 493 1380 et
514 1317 597 1382 circa
617 1317 700 1381 foros
721 1255 874 1404 publicos,
894 1332 927 1381 et
948 1319 1061 1383 aedem

15 1398 128 1466 Matris
143 1401 283 1489 Magnae
299 1403 333 1466 in
348 1402 471 1467 Palatio
485 1401 663 1467 faciendam
677 1402 867 1468 locaverunt.
914 1402 1060 1490 Vectigal

14 1487 109 1550 etiam
131 1511 250 1553 novum
272 1511 312 1552 ex
334 1488 445 1553 salaria
461 1511 588 1553 annona
606 1501 793 1553 statuerunt
842 1489 993 1554 Sextante
1016 1490 1063 1554 sal*

12 1587 44 1636 et
59 1573 186 1640 Romae
202 1589 234 1639 et
249 1596 307 1661 per
321 1587 418 1640 totam
431 1574 554 1639 Italiam
571 1588 646 1639 erat
679 1575 802 1639 Romae
817 1576 919 1661 pretio
935 1576 1059 1653 ecdem,

33 1659 110 1724 luris
125 1661 161 1725 in
175 1661 251 1726 foris
264 1675 298 1726 et
311 1660 537 1738 conciliabulis,
552 1674 587 1726 et
606 1661 668 1726 alio
688 1660 763 1726 aiibi
783 1663 886 1748 pretio
906 1663 1061 1748 praeben·

9 1681 87 1810 dum
103 1747 297 1812 locaverunt
343 1747 383 1812 Id
396 1747 532 1834 vectigal
546 1761 762 1814 commentum
779 1747 913 1812 alterum
928 1771 970 1812 ex
985 1770 1060 1812 cen·

9 1833 134 1897 acribus
150 1833 225 1898 satis
239 1833 420 1910 credebant,
436 1833 555 1920 populo
572 1835 697 1910 iratum,
712 1833 801 1919 quod
815 1835 927 1932 iniquo
941 1833 1062 1898 iudicio

8 1918 176 2004 quondam
192 1917 360 1982 damnatus
374 1931 474 1982 esset:
497 1919 579 1984 etin
593 1920 696 2005 pretio
710 1918 783 1982 salis
796 1918 934 1982 maxrme
949 1940 1061 1982 onera-

8 2017 55 2068 tas
71 2004 187 2080 tribus,
226 2025 336 2068 uarum
357 2025 454 2102 opera
473 2004 640 2068 damnatus
660 2015 737 2080 erat,
753 2003 932 2068 credebant
979 2003 1060 2068 Inde

9 2087 186 2154 Salinatori
203 2026 302 2154 (livio
324 2089 463 2153 inditum
486 2113 525 2154 co
570 2112 673 2154 omen.
719 2089 872 2154 Lustrum
895 2089 1061 2154 conditum

8 2177 121 2254 serius,
138 2175 217 2262 quia
237 2197 296 2262 per
316 2175 493 2262 provincias
538 2177 543 2188 '
580 2176 701 2238 iserunt
720 2197 874 2253 censores,
890 2188 927 2240 ut
943 2175 1061 2240 civium

7 2261 234 2327 Romanorum
249 2262 284 2324 in
295 2261 496 2339 exercitibus,
509 2274 647 2348 quantus
657 2260 776 2347 ubique
788 2274 880 2337 esset,
892 2261 1061 2326 referretur

8 2369 173 2413 numerus
221 2347 328 2412 Censa
350 2368 424 2412 cum
445 2347 483 2412 iis
502 2346 641 2411 ducente
661 2346 772 2412 decem
791 2359 940 2434 quattuor
961 2347 1061 2412 millia
1068 2355 1169 2406 Census

8 2433 197 2500 hominum:
214 2432 360 2499 condidit
373 2433 508 2498 lustrum
525 2432 564 2497 C.
577 2431 733 2498 Claudius
746 2431 844 2497 Nero.
879 2432 1060 2498 Duodecim

37 2641 240 2702 sPs'pssorossdo
258 2639 365 2702 menae]
390 2637 521 2701 Tanquam
555 2633 651 2700 cognita
659 2633 833 2698 essetaLivio
844 2653 893 2686 non
904 2636 1061 2703 exprimitur)

8 2703 95 2766 pignus
106 2705 143 2753 nd
157 2717 262 2765 poenam
276 2718 293 2751 a
306 2717 332 2752 se
347 2703 521 2752 exsolvendum
553 2707 611 2751 ante
627 2701 754 2752 inventum
768 2717 858 2752 norum
870 2702 983 2764 vectigal,
996 2704 1061 2752 veni-

8 2769 123 2816 relictum
136 2767 336 2830 suppeditabant.
354 2765 438 2816 Dosa.
554 2767 597 2814 bat
608 2771 728 2826 sextante,
739 2767 790 2815 sire
800 2771 871 2815 sexta
881 2766 941 2814 assis
951 2771 1029 2829 parte.

37 2845 51 2892 3
70 2833 153 2880 Sarte
168 2828 243 2892 teoto]
263 2831 345 2892 Opera
357 2831 468 2893 publica,
483 2829 519 2876 in·
587 2831 935 2890 7Insorisetconct'ls'ubults]
948 2831 979 2878 cs.
989 2829 1061 2893 Supr.

8 2895 520 2958 luitFestusprsuslooossturssts'sstspra
553 2909 611 2941 xxv.
623 2905 645 2954 5.
679 2893 783 2942 Niebhr.
795 2893 820 2941 ii.
832 2909 856 2940 n.
869 2891 924 2940 886.

8 2966 180 3016 orantem,
204 2964 274 3006 sarta
303 2964 366 3006 testo
393 2964 520 3006 cocuntur.
585 2957 758 3004 snamuatm
768 2957 840 3014 esset]
859 2955 1061 3016 occupandi

8 3026 110 3072 Etenim
128 3024 223 3071 sordre
239 3028 275 3070 est
293 3023 416 3081 s'sstspram
426 3021 521 3078 socors.
555 3031 594 3079 34.

8 3087 124 3150 Exigrmt
143 3085 217 3147 igitur
236 3099 347 3132 censores
365 3087 430 3131 sarto
447 3085 522 3140 tecta,
586 3081 731 3144 9Maaes’ms
747 3085 860 3127 omasus
878 3081 969 3140 tribus]
993 3081 1061 3136 Quo

8 3153 65 3199 lum
96 3153 192 3210 cogunt
218 3149 384 3209 redemptores
409 3144 522 3194 aedificia
553 3144 628 3192 modo
649 3143 702 3191 fieri
718 3141 835 3204 potuerit,
851 3147 879 3190 ut
900 3143 964 3192 aliae
984 3144 1062 3194 tubus

8 3212 121 3273 sublicas,
145 3227 209 3274 quae
229 3212 322 3260 tuenda
344 3211 522 3268 conduxerunt,
554 3207 639 3270 magis,
654 3205 718 3255 stiae
735 3205 816 3253 mium
833 3211 947 3256 oneratae
964 3207 1022 3268 sint,
1035 3224 1063 3258 se

8 3271 104 3341 ntegra
116 3281 248 3338 praestare.
266 3275 347 3324 Cant.
554 3286 604 3320 uon
624 3269 760 3332 intelligere
782 3269 900 3318 Dukerus
927 3271 1062 3332 profitetur.

34 3361 51 3403 4
70 3344 111 3390 Et
122 3340 265 3399 deorsam
273 3339 394 3401 publicos]
414 3335 448 3384 Et
459 3334 523 3384 circa
556 3334 658 3397 Quippe
667 3333 766 3382 Maecia
773 3333 850 3382 tnbus
858 3334 911 3382 sola
918 3333 955 3383 M.
964 3333 1062 3384 Livium

8 3405 71 3454 riam
91 3403 350 3463 illam‚velfortesse‚
364 3401 522 3449 circatorum
555 3413 605 3446 non
624 3399 790 3456 dannaverat,
806 3402 833 3445 at
849 3397 870 3445 si
887 3397 929 3460 qui
949 3398 1014 3447 cives
1029 3415 1062 3448 ex

8 3465 342 3528 Boadumfomspublicos.
364 3467 521 3524 Forosexpo·
554 3461 609 3510 aliis
626 3461 737 3510 tribubus
754 3461 851 3523 Romae
868 3462 992 3524 degerent,
1011 3478 1060 3512 nou

8 3534 40 3582 rit
51 3534 113 3596 ipse
126 3529 214 3580 Idvius
225 3543 291 3591 supr.
302 3529 318 3577 i.
331 3541 369 3590 35.
387 3527 438 3574 “in
449 3525 522 3575 Circo
555 3525 632 3588 magis
649 3523 742 3573 onerati
759 3526 867 3584 fuerunt,
878 3541 953 3587 quam
970 3525 1011 3587 qui
1030 3543 1061 3575 ex

11 3601 85 3646 oca’'
105 3596 175 3644 unde
194 3597 363 3657 spectarentur
379 3591 440 3650 ludi,
459 3603 522 3651 quae
555 3588 672 3647 Maeeisu
693 3603 739 3637 nac
758 3587 800 3650 qni
822 3602 853 3636 ex
873 3589 971 3638 Maecia
992 3595 1062 3639 extra

8 3666 80 3710 rocas
113 3659 205 3709 Festus
225 3658 351 3707 OEscesuiu
376 3655 522 3718 mactando.
555 3651 729 3702 illaminforis
742 3660 767 3700 et
781 3651 949 3702 conciliabulis
958 3653 1062 3716 aliisque
1115 3697 1118 3700 .

8 3727 79 3774 lum
92 3723 172 3786 igitur
181 3722 222 3771 hic
232 3720 405 3783 quoquesoros
412 3719 522 3782 publicos
556 3717 645 3766 Italiae
658 3715 718 3766 locis
732 3714 885 3774 habitabant,
895 3715 977 3765 minus
987 3731 1061 3778 quam

8 3787 183 3850 utelligemus
197 3785 347 3848 spectacula,
361 3783 411 3832 sive
425 3782 522 3831 locaex
555 3780 599 3829 illi.
637 3779 774 3829 Nescioau
787 3779 866 3827 nodus
876 3778 924 3828 hoc
936 3781 1010 3830 modo
1021 3797 1061 3830 ex-
1163 3797 1167 3806 ·

8 3852 102 3916 [uibus
121 3853 290 3913 spectarentur
307 3847 361 3896 ludi
377 3845 523 3921 gladiatorii,
555 3844 677 3907 pediatur,
698 3843 718 3892 si
740 3842 818 3905 pretio
839 3842 931 3892 maiora
952 3859 1063 3895 censores

8 3916 198 4028 Ἥ
211 3914 238 3962 1²¹
252 3911 407 3961 “tm“
424 3909 523 3958 tu·
555 3907 1061 4034 “us

8 3998 57 4031 us·
166 4013 173 4027 1
1052 4000 1062 4010 ι

34 4061 50 4108 5
71 4045 124 4093 Ee
139 4043 234 4091 adorta
251 4040 364 4099 osam]
383 4037 423 4086 Ex
441 4051 524 4086 annua
556 4037 656 4086 dinsndi
672 4051 746 4086 causa
759 4035 937 4087 conveniebant
951 4037 1016 4086 eires
1030 4053 1061 4086 ex

8 4111 64 4159 slis
76 4105 224 4155 venditione
237 4107 382 4165 etquaestu.
414 4102 524 4149 Annona
555 4099 585 4149 iis
602 4101 723 4162 tribubus,
740 4115 843 4162 quanam
861 4102 970 4150 maxime
988 4115 1062 4163 opera

8 4189 54 4222 am
78 4171 117 4218 de
133 4185 172 4228 eo,
188 4169 254 4231 quod
270 4181 336 4215 enno
353 4179 450 4228 quoque
469 4179 523 4227 pro-
557 4163 641 4213 Lisius
651 4165 850 4214 damnatuserat.

8 4235 84 4287 enit.
108 4231 195 4283 Dosa.
591 4227 1061 4286 rDuedscimdsindscolons'orass10t'.

30 4299 50 4350 6
70 4295 368 4353 Ssmmesat...eras]
381 4292 446 4343 Salis
457 4307 523 4340 men·
556 4291 628 4353 Supr.
642 4304 678 4353 ¹5¹

8 4379 60 4414 ura
92 4362 229 4421 quaedem,
254 4355 331 4422 (quse
353 4371 429 4419 quum
452 4356 524 4416 vulgo

795 4417 889 4480 ΧΗ
