2874 4772
322 237 418 305 LIB.
441 237 589 305 XXVII.
619 239 731 306 CAP.
755 245 785 306 3.
1012 243 1086 305 343“

13 393 103 436 cum
120 393 297 438 cremavere
312 395 393 439 suos
440 372 545 439 Nocte
567 375 749 461 insequenti
765 372 928 439 Hannibal
950 372 1077 438 silentio
1087 380 1121 431 U.
1133 381 1163 434 0·
1179 395 1235 444 5⁴2·

13 458 132 522 movit
152 471 261 537 castra,
277 473 311 525 et
331 461 366 524 in
381 459 533 547 Apuliam
556 460 652 526 abiit:
679 459 860 538 Marcellus,
876 459 932 525 ubi
949 458 1006 524 lux
1025 447 1234 560 fu-ffffm·

13 567 102 632 garn
127 545 265 610 hostium
283 547 416 634 aperuit,
431 547 545 612 sauciis
558 569 632 612 cum
647 547 803 634 praesidio
817 545 943 612 modico
958 545 1075 610 Numi·
1084 517 1150 623 ηιξ]
1162 526 1226 624 ,f

13 645 137 696 stroue
160 631 285 710 relictis,
305 633 548 720 praepositoque
563 633 613 698 his
627 633 665 698 L
679 632 775 700 Furio
790 633 996 720 Purpureone
1020 633 1072 696 tri·
1084 643 1136 699 ctu,
1147 653 1183 688 ω

12 719 118 782 buno
141 718 288 797 militum,
303 720 443 806 vestigiis
464 720 579 784 institit
601 721 700 808 sequi.
746 720 802 786 Ad
821 720 996 786 Venusiam
1019 709 1205 816 “litigiis

12 817 125 892 eptus
139 827 212 870 eum
231 818 287 870 est.
332 805 382 871 Ibi
400 829 457 894 per
478 805 548 872 dies
568 806 609 871 ali
632 820 689 872 uot
706 830 805 894 quum
826 809 866 872 ab
888 805 1075 872 stationibus
1205 803 1212 818 '

12 905 274 978 procursarctur,
290 893 390 957 mixta
403 893 549 980 equitum
570 829 781 981 peditumque
796 893 991 958 tumultuosa
1009 915 1075 958 ma·

40 979 75 1041 is
90 976 221 1064 proelia,
237 1001 332 1065 quam
408 1059 413 1066 Ι
443 1003 472 1056 a,
488 993 521 1044 et
534 979 632 1046 fenne
648 981 755 1045 omnia
767 979 921 1046 Romanis
934 979 1075 1045 secunda

11 1001 169 1128 inerunt.
214 1064 295 1130 Inde
317 1089 374 1166 per
421 1066 540 1154 puliam
555 1065 643 1132 ducti
657 1068 814 1132 exercitus
835 1066 904 1131 sinc
925 1065 990 1131 ullo
1008 1089 1075 1130 me-

11 1150 184 1216 morando
199 1166 390 1230 certamine3
413 1175 513 1240 quum
530 1152 693 1218 Hannibal
707 1167 801 1218 nocte
816 1152 908 1240 signa
921 1165 1073 1230 moveret,

11 1237 136 1302 locum
158 1238 280 1304 insidiis
294 1261 468 1326 quaereus3
495 1238 676 1318 Marcellus,
692 1241 753 1304 nisi
767 1253 854 1306 certa
872 1239 954 1317 luce,
970 1253 1003 1304 et
1017 1261 1075 1304 ex·

11 1323 152 1412 plorato
167 1338 250 1402 ante,
265 1348 331 1390 non
345 1339 539 1412 sequeretur.

72 1409 206 1498 Capuae
217 1412 344 1476 interim
357 1412 487 1478 Flaccus
497 1412 575 1477 dum
589 1413 681 1478 bonis
717 1413 875 1500 rincipum
885 1411 1071 1490 vendendis,

13 1519 115 1585 agro,
131 1498 186 1584 qui
209 1498 386 1585 publicatus
403 1499 514 1577 fuerat,
529 1499 664 1564 locando
678 1435 808 1587 (lbcavit
822 1512 928 1564 autern
943 1521 1072 1564 omnem

13 1583 206 1670 frumento)
220 1598 345 1672 tempus
360 1587 452 1662 terit;
475 1608 516 1651 nc
536 1586 660 1651 deesset
681 1587 812 1651 materia
832 1586 867 1650 in
891 1584 1072 1673 Campanos

14 1670 200 1748 saeviendi,
226 1694 345 1737 novum
368 1672 403 1736 iu
426 1671 551 1738 occulto
572 1672 706 1760 gliscens
733 1695 792 1760 per
815 1671 970 1738 indicium
1021 1695 1072 1738 ro·

15 1769 166 1823 tractum
189 1770 237 1824 cst
258 1757 387 1824 facinus.
435 1758 557 1824 Milites
582 1759 733 1826 aedificiis
759 1773 889 1837 amotos,
916 1695 1021 1824 simul
1036 1771 1072 1824 ut
1081 1763 1225 1814 cantuario

16 1865 103 1909 cum
128 1865 202 1930 agro
224 1857 308 1909 tecta
328 1845 414 1910 urbis
435 1845 569 1910 fruenda
589 1845 778 1922 locarentur,
800 1845 894 1911 simul
915 1829 1220 1943 metuensfffil‘ffl*

16 1954 68 1996 ne
92 1953 185 1994 suum
201 1953 329 2018 quoque
344 1931 529 2009 exercitum,
545 1932 626 1996 sicut
642 1931 843 2010 Hannibalis,
866 1933 964 1996 nimia
985 1931 1072 1996 urbis

16 2015 203 2082 amoenitas
217 2017 382 2095 emolliret,
398 2019 431 2082 in
452 2019 551 2104 portis
573 2017 734 2105 murisque
749 2017 973 2104 sibimetipsos
988 2030 1074 2082 tecta

16 2102 238 2169 militariterc
298 2117 366 2169 erat
385 2103 560 2169 aedificare.
607 2104 708 2168 Erant
730 2116 837 2168 autem
858 2103 1008 2190 pleraque
1031 2125 1073 2168 ex

16 2189 167 2254 cratibus
181 2202 235 2255 aut
251 2203 283 2254 ta
304 2190 365 2254 ulia
377 2191 469 2268 saca,
482 2189 544 2255 alia
557 2189 712 2255 cumdine
728 2203 824 2268 texta,
837 2203 1008 2254 stramento
1022 2190 1072 2254 in-

18 2287 115 2342 tecta
140 2277 256 2354 omnia,
281 2276 369 2342 velut
397 2276 438 2343 de
468 2276 631 2354 industria,
657 2276 814 2341 alimentis
842 2276 933 2364 ignis.
980 2275 1072 2342 Haec

17 2361 132 2428 noctis
147 2385 212 2427 una
232 2364 311 2428 hora
325 2377 361 2428 ut
376 2363 483 2428 omnia
496 2363 713 2440 incenderent,
729 2376 858 2428 centum
873 2364 1074 2451 septuaginta

21 2449 199 2535 Campani,
214 2450 410 2538 principibus
423 2451 570 2515 fratribus
584 2449 708 2527 Blosiis,
723 2450 971 2516 coniuraverunt.
1017 2449 1073 2514 In-

7 2536 115 2600 dicio
140 2535 208 2600 eius
230 2537 276 2600 rei
299 2559 340 2601 ex
364 2537 483 2602 familia
504 2535 683 2601 Blosiorum
704 2537 797 2614 facto,
820 2536 919 2625 portis
940 2549 1072 2624 repente

18 2625 118 2688 iussu
138 2622 333 2709 proconsulis
351 2623 472 2701 clausis,
488 2645 588 2711 quum
602 2623 644 2688 ad
661 2645 749 2688 arma
761 2623 852 2710 signo
866 2623 941 2689 dato
956 2623 1073 2689 milites

18 2709 280 2786 concurrissent3
302 2710 523 2797 comprehensi
537 2733 657 2788 omnes,
673 2711 729 2797 qui
750 2711 785 2775 in
807 2733 892 2776 noxa
912 2724 1012 2788 erant,
1028 2722 1070 2787 et,

19 2795 213 2882 quaestione
232 2795 345 2860 acriter
361 2796 478 2874 habita,
493 2797 635 2862 damnati
649 2796 838 2897 necatique:
862 2797 1019 2862 indicibus
1033 2797 1073 2862 li·

18 2883 143 2958 bertas,
158 2893 192 2946 et
209 2883 289 2947 aeris
302 2882 387 2946 dena
408 2883 508 2948 millia
521 2884 603 2949 data
650 2883 831 2948 Nucerinos
846 2896 879 2948 et
894 2883 1072 2948 Acerranos

20 2979 208 3056 querentes,
229 2969 284 3032 ubi
303 2968 489 3046 habitarent,
512 2993 579 3034 non
600 2992 678 3046 esse,
699 2970 827 3034 Acerris
849 2991 890 3032 ex
911 2981 1000 3054 parte
1022 2969 1072 3031 in-

19 3053 140 3131 censis,
157 3053 298 3119 Nuceria
311 3055 426 3131 deleta,
443 3053 579 3120 Romam
594 3054 725 3119 Fulvius
747 3054 788 3118 ad
809 3067 954 3119 senatum
975 3055 1070 3119 misit.

22 3141 200 3206 Acerranis
263 3141 418 3217 rmissum,
434 3153 470 3204 ut
484 3141 697 3218 aedificarent,
713 3163 795 3227 quae
817 3140 947 3204 incensa
963 3153 1069 3205 erant:

21 3225 188 3293 Nucerini
240 3227 357 3304 tellam,
376 3226 453 3314 quia
473 3227 507 3291 id
528 3225 713 3305 maluerant,
736 3225 892 3290 Atellanis
916 3224 1071 3292 Calatiam

21 3315 163 3464 miffiam
178 3313 278 3392 iussis,
294 3313 439 3379 traducti,
1078 3334 1083 3342 ·

145 3421 162 3463 r
176 3399 290 3465 multas
310 3421 502 3488 magnasque
518 3422 578 3476 res,
593 3421 686 3485 quae,
701 3421 787 3464 nunc
802 3399 970 3476 secundae,
986 3422 1072 3464 nunc

23 3487 188 3588 aduersae,
204 3487 402 3588 occupabant
415 3486 621 3588 cogitationes
635 3485 811 3586 hominum,
826 3508 868 3550 ne
880 3486 1072 3586 Tarentinae

22 3572 160 3726 itti?
168 3570 1074 3748 stt-53¹lettbfttmlltlssltttilrlttl

57 3883 75 3934 6
91 3885 191 3934 boarit
201 3891 282 3935 autur
292 3901 383 3935 omnem
393 3885 534 3946 fracmenta]
602 3897 616 3945 7
634 3885 706 3934 recta
716 3883 785 3932 urbia
794 3881 906 3943 fruendo
921 3881 1072 3940 locarentur]

23 3949 128 4000 Scilicet
133 3951 247 4010 fraretum
258 3950 307 4012 agri
319 3948 437 4012 publicati
445 3947 534 3996 manci·
569 3947 688 3998 Similiter
700 3946 755 3996 inlr.
766 3945 844 3996 xxxii.
857 3957 879 4008 7.
895 3961 1003 3994 mataras
1019 3961 1075 4008 por·

23 4016 100 4078 pibus
107 4013 208 4072 locarit;
218 4013 393 4062 eaconditione
400 4017 428 4060 ut
435 4017 536 4074 quotan-
569 4015 633 4061 toria
648 4013 772 4061 amulium
783 4048 789 4061 .
802 4047 808 4061 .
820 4048 827 4061 .
833 4010 945 4072 fricando
956 4010 1076 4068 locorum,

23 4079 65 4128 nia
76 4081 170 4126 certum
183 4077 297 4126 immenti
309 4079 409 4126 modum
423 4075 537 4138 reipubli·
569 4076 594 4124 h.
606 4092 626 4124 a
639 4091 749 4124 censores
764 4077 878 4124 locabant
893 4073 932 4121 ius
944 4073 1076 4135 vectigalia,

24 4157 72 4192 cae
86 4142 228 4204 penderent
250 4142 281 4190 cf.
294 4141 397 4191 Niebhr.
409 4140 434 4189 ii.
445 4155 470 4188 n.
482 4141 536 4201 ²⁸5·
568 4141 619 4188 aive
630 4140 724 4189 fmctua
738 4139 897 4202 percipiendi,
908 4139 973 4199 qnod
984 4137 1075 4185 redem-

25 4207 315 4256 restauraturum.
331 4207 447 4256 Ceterum
515 4219 538 4250 m
570 4210 652 4266 ptores
663 4205 716 4266 lege
727 4204 793 4253 dicta
803 4203 980 4252 conducebant.

24 4274 116 4328 lecara
128 4275 156 4318 ut
172 4285 212 4333 ap.
228 4270 280 4320 Cic.
295 4270 321 4318 in
333 4270 403 4318 Verr.
416 4269 450 4317 iii.
478 4302 494 4327 .‚
505 4267 538 4316 cl·
603 4267 618 4315 8
634 4269 677 4316 Ec
682 4269 785 4329 jamdiu
796 4267 945 4324 Blarlorum]
963 4261 1078 4336 Intelligo

25 4333 115 4398 liptice
136 4349 181 4396 pro
198 4350 287 4398 mm
302 4335 442 4396 frasindum
460 4334 539 4383 locare
572 4345 666 4379 acervo
674 4333 780 4393 quodam
789 4347 821 4380 ex
828 4327 922 4378 familia
931 4327 1077 4377 Blouorum.

27 4398 128 4448 dicitur.
155 4399 186 4449 cl.
199 4398 303 4449 Niebhr.
315 4397 340 4448 ii.
352 4413 376 4448 n.
389 4411 443 4461 ²9¹·
573 4395 658 4444 Dosa.
