<?xml version="1.0" encoding="UTF-8"?>
<!DOCTYPE html PUBLIC "-//W3C//DTD XHTML 1.0 Transitional//EN"
    "http://www.w3.org/TR/xhtml1/DTD/xhtml1-transitional.dtd">
<html xmlns="http://www.w3.org/1999/xhtml" xml:lang="en" lang="en">
 <head>
  <title>
</title>
<meta http-equiv="Content-Type" content="text/html;charset=utf-8" />
  <meta name='ocr-system' content='tesseract 3.04.00' />
  <meta name='ocr-capabilities' content='ocr_page ocr_carea ocr_par ocr_line ocrx_word'/>
</head>
<body>
  <div class='ocr_page' id='page_1' title='image "./tliviipatavinih00kreygoog_0121.png"; bbox 0 0 2966 4778; ppageno 0'>
   <div class='ocr_carea' id='block_1_1' title="bbox 351 183 1014 252">
    <p class='ocr_par' dir='ltr' id='par_1_1' title="bbox 351 183 1014 252">
     <span class='ocr_line' id='line_1_1' title="bbox 351 183 1014 252; baseline 0.005 -3"><span class='ocrx_word' id='word_1_1' title='bbox 351 190 413 250; x_wconf 87' lang='lat' dir='ltr'>llt)</span> <span class='ocrx_word' id='word_1_2' title='bbox 735 183 848 252; x_wconf 87' lang='grc' dir='ltr'><strong>ΤΙΤΙ</strong></span> <span class='ocrx_word' id='word_1_3' title='bbox 881 185 1014 252; x_wconf 89' lang='lat' dir='ltr'>LIVIl</span> 
     </span>
    </p>
   </div>
   <div class='ocr_carea' id='block_1_2' title="bbox 192 319 1472 2296">
    <p class='ocr_par' dir='ltr' id='par_1_2' title="bbox 192 319 1423 410">
     <span class='ocr_line' id='line_1_2' title="bbox 192 319 1423 410; baseline 0.002 -30"><span class='ocrx_word' id='word_1_4' title='bbox 192 331 226 380; x_wconf 78' lang='grc' dir='ltr'>Π.</span> <span class='ocrx_word' id='word_1_5' title='bbox 238 331 268 382; x_wconf 71' lang='grc' dir='ltr'>α</span> <span class='ocrx_word' id='word_1_6' title='bbox 285 329 339 397; x_wconf 78' lang='lat'><strong>⁵³⁶·</strong></span> <span class='ocrx_word' id='word_1_7' title='bbox 349 333 397 385; x_wconf 85' lang='lat' dir='ltr'>tot</span> <span class='ocrx_word' id='word_1_8' title='bbox 413 319 632 386; x_wconf 87' lang='lat' dir='ltr'>Romanorum</span> <span class='ocrx_word' id='word_1_9' title='bbox 647 321 754 400; x_wconf 84' lang='lat' dir='ltr'>millia,</span> <span class='ocrx_word' id='word_1_10' title='bbox 767 322 891 410; x_wconf 81' lang='lat' dir='ltr'><strong>pedites</strong></span> <span class='ocrx_word' id='word_1_11' title='bbox 905 323 1019 409; x_wconf 89' lang='lat' dir='ltr'>passim</span> <span class='ocrx_word' id='word_1_12' title='bbox 1035 323 1233 408; x_wconf 79' lang='lat' dir='ltr'>equitesque,</span> <span class='ocrx_word' id='word_1_13' title='bbox 1250 335 1287 386; x_wconf 91' lang='lat' dir='ltr'>ut</span> <span class='ocrx_word' id='word_1_14' title='bbox 1301 337 1423 408; x_wconf 86' lang='lat' dir='ltr'>quems</span> 
     </span>
    </p>

    <p class='ocr_par' dir='ltr' id='par_1_3' title="bbox 193 396 1469 1503">
     <span class='ocr_line' id='line_1_3' title="bbox 193 396 1400 508; baseline 0.002 -38"><span class='ocrx_word' id='word_1_15' title='bbox 193 397 222 444; x_wconf 78' lang='lat' dir='ltr'>A.</span> <span class='ocrx_word' id='word_1_16' title='bbox 239 399 268 446; x_wconf 77' lang='lat'>⁰·</span> <span class='ocrx_word' id='word_1_17' title='bbox 286 396 400 471; x_wconf 82' lang='lat' dir='ltr'>²¹⁶·cui</span> <span class='ocrx_word' id='word_1_18' title='bbox 424 429 465 471; x_wconf 91' lang='lat' dir='ltr'>ue</span> <span class='ocrx_word' id='word_1_19' title='bbox 489 408 552 470; x_wconf 85' lang='lat' dir='ltr'>fors</span> <span class='ocrx_word' id='word_1_20' title='bbox 581 421 636 471; x_wconf 92' lang='lat' dir='ltr'>aut</span> <span class='ocrx_word' id='word_1_21' title='bbox 664 431 772 494; x_wconf 81' lang='lat' dir='ltr'>pugna</span> <span class='ocrx_word' id='word_1_22' title='bbox 795 410 943 473; x_wconf 83' lang='lat' dir='ltr'>iunxerat</span> <span class='ocrx_word' id='word_1_23' title='bbox 971 423 1028 472; x_wconf 90' lang='lat' dir='ltr'>aut</span> <span class='ocrx_word' id='word_1_24' title='bbox 1051 409 1135 508; x_wconf 74' lang='lat' dir='ltr'>fuga.</span> <span class='ocrx_word' id='word_1_25' title='bbox 1182 409 1400 495; x_wconf 80' lang='lat' dir='ltr'>Assurgentes</span> 
     </span>
     <span class='ocr_line' id='line_1_4' title="bbox 349 431 1468 582; baseline 0.001 -25"><span class='ocrx_word' id='word_1_26' title='bbox 349 431 478 581; x_wconf 76' lang='lat' dir='ltr'>quidam</span> <span class='ocrx_word' id='word_1_27' title='bbox 495 515 535 558; x_wconf 87' lang='lat' dir='ltr'>ex</span> <span class='ocrx_word' id='word_1_28' title='bbox 551 506 653 580; x_wconf 81' lang='lat' dir='ltr'>strage</span> <span class='ocrx_word' id='word_1_29' title='bbox 676 494 783 560; x_wconf 89' lang='lat' dir='ltr'>media</span> <span class='ocrx_word' id='word_1_30' title='bbox 801 496 934 571; x_wconf 86' lang='lat' dir='ltr'>cruenti,</span> <span class='ocrx_word' id='word_1_31' title='bbox 950 517 1030 582; x_wconf 88' lang='lat' dir='ltr'>quos</span> <span class='ocrx_word' id='word_1_32' title='bbox 1045 507 1153 558; x_wconf 85' lang='lat' dir='ltr'>stncta</span> <span class='ocrx_word' id='word_1_33' title='bbox 1172 493 1330 558; x_wconf 87' lang='lat' dir='ltr'>matutino</span> <span class='ocrx_word' id='word_1_34' title='bbox 1345 495 1401 558; x_wconf 87' lang='lat' dir='ltr'>fri-</span> <span class='ocrx_word' id='word_1_35' title='bbox 1467 554 1468 566; x_wconf 69' lang='grc'>,</span> 
     </span>
     <span class='ocr_line' id='line_1_5' title="bbox 348 579 1401 668; baseline 0.002 -26"><span class='ocrx_word' id='word_1_36' title='bbox 348 601 423 666; x_wconf 77' lang='lat' dir='ltr'>gare</span> <span class='ocrx_word' id='word_1_37' title='bbox 444 579 660 644; x_wconf 85' lang='lat' dir='ltr'>excitaverant</span> <span class='ocrx_word' id='word_1_38' title='bbox 674 580 815 656; x_wconf 69' lang='lat' dir='ltr'>vulnere,</span> <span class='ocrx_word' id='word_1_39' title='bbox 831 579 871 644; x_wconf 88' lang='lat' dir='ltr'>ab</span> <span class='ocrx_word' id='word_1_40' title='bbox 891 581 981 644; x_wconf 87' lang='lat' dir='ltr'>hoste</span> <span class='ocrx_word' id='word_1_41' title='bbox 1002 581 1142 668; x_wconf 83' lang='lat' dir='ltr'>oppressi</span> <span class='ocrx_word' id='word_1_42' title='bbox 1160 592 1243 644; x_wconf 87' lang='lat' dir='ltr'>sunt</span> <span class='ocrx_word' id='word_1_43' title='bbox 1294 580 1401 654; x_wconf 84' lang='lat' dir='ltr'>Quos-</span> 
     </span>
     <span class='ocr_line' id='line_1_6' title="bbox 348 663 1402 753; baseline 0.003 -25"><span class='ocrx_word' id='word_1_44' title='bbox 348 663 422 728; x_wconf 86' lang='lat' dir='ltr'>dam</span> <span class='ocrx_word' id='word_1_45' title='bbox 437 679 471 729; x_wconf 90' lang='lat' dir='ltr'>et</span> <span class='ocrx_word' id='word_1_46' title='bbox 485 665 622 730; x_wconf 90' lang='lat' dir='ltr'>iacentes</span> <span class='ocrx_word' id='word_1_47' title='bbox 633 667 721 731; x_wconf 83' lang='lat' dir='ltr'>vivos</span> <span class='ocrx_word' id='word_1_48' title='bbox 735 667 862 730; x_wconf 82' lang='lat' dir='ltr'>succisis</span> <span class='ocrx_word' id='word_1_49' title='bbox 876 666 1046 730; x_wconf 83' lang='lat' dir='ltr'>feminibus</span> <span class='ocrx_word' id='word_1_50' title='bbox 1057 666 1296 753; x_wconf 87' lang='lat' dir='ltr'>poplitibusque</span> <span class='ocrx_word' id='word_1_51' title='bbox 1312 667 1402 731; x_wconf 85' lang='lat' dir='ltr'>inve·</span> 
     </span>
     <span class='ocr_line' id='line_1_7' title="bbox 348 751 1402 838; baseline 0.003 -25"><span class='ocrx_word' id='word_1_52' title='bbox 348 765 476 829; x_wconf 90' lang='lat' dir='ltr'>nerunt,</span> <span class='ocrx_word' id='word_1_53' title='bbox 497 751 654 816; x_wconf 88' lang='lat' dir='ltr'>nudantes</span> <span class='ocrx_word' id='word_1_54' title='bbox 674 752 828 816; x_wconf 88' lang='lat' dir='ltr'>cervicem</span> <span class='ocrx_word' id='word_1_55' title='bbox 851 751 1070 838; x_wconf 78' lang='lat' dir='ltr'>iugulumque,</span> <span class='ocrx_word' id='word_1_56' title='bbox 1089 765 1122 816; x_wconf 90' lang='lat' dir='ltr'>et</span> <span class='ocrx_word' id='word_1_57' title='bbox 1142 751 1307 838; x_wconf 90' lang='lat' dir='ltr'>reliquum</span> <span class='ocrx_word' id='word_1_58' title='bbox 1329 775 1402 816; x_wconf 87' lang='lat' dir='ltr'>san·</span> 
     </span>
     <span class='ocr_line' id='line_1_8' title="bbox 347 837 1469 924; baseline 0 -23"><span class='ocrx_word' id='word_1_59' title='bbox 347 837 477 922; x_wconf 83' lang='lat' dir='ltr'>guinem</span> <span class='ocrx_word' id='word_1_60' title='bbox 494 837 640 902; x_wconf 88' lang='lat' dir='ltr'>iubentes</span> <span class='ocrx_word' id='word_1_61' title='bbox 659 837 795 902; x_wconf 88' lang='lat' dir='ltr'>haurire.</span> <span class='ocrx_word' id='word_1_62' title='bbox 841 837 969 902; x_wconf 88' lang='lat' dir='ltr'>Inventi</span> <span class='ocrx_word' id='word_1_63' title='bbox 988 850 1062 902; x_wconf 90' lang='lat' dir='ltr'>sunt</span> <span class='ocrx_word' id='word_1_64' title='bbox 1083 837 1213 924; x_wconf 91' lang='lat' dir='ltr'>quidam</span> <span class='ocrx_word' id='word_1_65' title='bbox 1234 837 1348 901; x_wconf 85' lang='lat' dir='ltr'>mersis</span> <span class='ocrx_word' id='word_1_66' title='bbox 1367 839 1402 901; x_wconf 92' lang='lat' dir='ltr'>in</span> <span class='ocrx_word' id='word_1_67' title='bbox 1468 920 1469 924; x_wconf 6' lang='grc' dir='ltr'><strong>Ἰ</strong></span> 
     </span>
     <span class='ocr_line' id='line_1_9' title="bbox 348 923 1400 1012; baseline 0.001 -25"><span class='ocrx_word' id='word_1_68' title='bbox 348 923 492 988; x_wconf 84' lang='lat' dir='ltr'>effossam</span> <span class='ocrx_word' id='word_1_69' title='bbox 519 938 635 988; x_wconf 87' lang='lat' dir='ltr'>terram</span> <span class='ocrx_word' id='word_1_70' title='bbox 660 924 825 1012; x_wconf 76' lang='lat' dir='ltr'>capitibus,</span> <span class='ocrx_word' id='word_1_71' title='bbox 849 946 929 1010; x_wconf 90' lang='lat' dir='ltr'>quos</span> <span class='ocrx_word' id='word_1_72' title='bbox 951 923 1011 987; x_wconf 90' lang='lat' dir='ltr'>sibi</span> <span class='ocrx_word' id='word_1_73' title='bbox 1035 925 1119 1010; x_wconf 91' lang='lat' dir='ltr'>ipsos</span> <span class='ocrx_word' id='word_1_74' title='bbox 1142 923 1254 988; x_wconf 81' lang='lat' dir='ltr'>fecisse</span> <span class='ocrx_word' id='word_1_75' title='bbox 1281 923 1400 1000; x_wconf 83' lang='lat' dir='ltr'>foveas,</span> 
     </span>
     <span class='ocr_line' id='line_1_10' title="bbox 348 1009 1403 1096; baseline 0 -24"><span class='ocrx_word' id='word_1_76' title='bbox 348 1010 518 1074; x_wconf 86' lang='lat' dir='ltr'>obruentes</span> <span class='ocrx_word' id='word_1_77' title='bbox 541 1033 581 1074; x_wconf 91' lang='lat' dir='ltr'>ue</span> <span class='ocrx_word' id='word_1_78' title='bbox 591 1031 647 1074; x_wconf 89' lang='lat' dir='ltr'>ora</span> <span class='ocrx_word' id='word_1_79' title='bbox 657 1010 833 1096; x_wconf 89' lang='lat' dir='ltr'>superiecta</span> <span class='ocrx_word' id='word_1_80' title='bbox 847 1009 945 1073; x_wconf 89' lang='lat' dir='ltr'>humo</span> <span class='ocrx_word' id='word_1_81' title='bbox 956 1010 1167 1074; x_wconf 86' lang='lat' dir='ltr'>interclusisse</span> <span class='ocrx_word' id='word_1_82' title='bbox 1183 1009 1333 1096; x_wconf 88' lang='lat' dir='ltr'>spiritum</span> <span class='ocrx_word' id='word_1_83' title='bbox 1346 1033 1403 1095; x_wconf 87' lang='lat' dir='ltr'>ap-</span> 
     </span>
     <span class='ocr_line' id='line_1_11' title="bbox 348 1093 1403 1182; baseline -0.001 -23"><span class='ocrx_word' id='word_1_84' title='bbox 348 1095 487 1181; x_wconf 83' lang='lat' dir='ltr'>parebat.</span> <span class='ocrx_word' id='word_1_85' title='bbox 562 1096 708 1182; x_wconf 85' lang='lat' dir='ltr'>raecipue</span> <span class='ocrx_word' id='word_1_86' title='bbox 732 1095 888 1160; x_wconf 83' lang='lat' dir='ltr'>convertit</span> <span class='ocrx_word' id='word_1_87' title='bbox 910 1117 1020 1159; x_wconf 91' lang='lat' dir='ltr'>omnes</span> <span class='ocrx_word' id='word_1_88' title='bbox 1040 1096 1213 1159; x_wconf 88' lang='lat' dir='ltr'>substratus</span> <span class='ocrx_word' id='word_1_89' title='bbox 1236 1093 1403 1158; x_wconf 81' lang='lat' dir='ltr'>Numidae</span> 
     </span>
     <span class='ocr_line' id='line_1_12' title="bbox 348 1180 1403 1267; baseline 0 -23"><span class='ocrx_word' id='word_1_90' title='bbox 348 1193 474 1245; x_wconf 89' lang='lat' dir='ltr'>mortuo</span> <span class='ocrx_word' id='word_1_91' title='bbox 489 1181 747 1267; x_wconf 81' lang='lat' dir='ltr'>superincubanti</span> <span class='ocrx_word' id='word_1_92' title='bbox 760 1180 924 1245; x_wconf 86' lang='lat' dir='ltr'>Romanus</span> <span class='ocrx_word' id='word_1_93' title='bbox 938 1181 1037 1256; x_wconf 82' lang='lat' dir='ltr'>vivus,</span> <span class='ocrx_word' id='word_1_94' title='bbox 1053 1203 1130 1244; x_wconf 82' lang='lat' dir='ltr'>naso</span> <span class='ocrx_word' id='word_1_95' title='bbox 1145 1181 1342 1266; x_wconf 86' lang='lat' dir='ltr'>auribusque</span> <span class='ocrx_word' id='word_1_96' title='bbox 1357 1181 1403 1244; x_wconf 89' lang='lat' dir='ltr'>la-</span> 
     </span>
     <span class='ocr_line' id='line_1_13' title="bbox 349 1265 1403 1353; baseline 0.002 -23"><span class='ocrx_word' id='word_1_97' title='bbox 349 1266 480 1330; x_wconf 85' lang='lat' dir='ltr'>ceratis:</span> <span class='ocrx_word' id='word_1_98' title='bbox 513 1289 623 1352; x_wconf 92' lang='lat' dir='ltr'>quum,</span> <span class='ocrx_word' id='word_1_99' title='bbox 648 1267 794 1330; x_wconf 86' lang='lat' dir='ltr'>manibus</span> <span class='ocrx_word' id='word_1_100' title='bbox 817 1266 858 1330; x_wconf 87' lang='lat' dir='ltr'>ad</span> <span class='ocrx_word' id='word_1_101' title='bbox 881 1265 1072 1353; x_wconf 89' lang='lat' dir='ltr'>capiendum</span> <span class='ocrx_word' id='word_1_102' title='bbox 1099 1265 1199 1330; x_wconf 89' lang='lat' dir='ltr'>telum</span> <span class='ocrx_word' id='word_1_103' title='bbox 1222 1265 1403 1342; x_wconf 74' lang='lat' dir='ltr'>inutilibus,</span> 
     </span>
     <span class='ocr_line' id='line_1_14' title="bbox 349 1350 1426 1440; baseline 0.002 -26"><span class='ocrx_word' id='word_1_104' title='bbox 349 1351 384 1416; x_wconf 92' lang='lat' dir='ltr'>in</span> <span class='ocrx_word' id='word_1_105' title='bbox 414 1353 531 1417; x_wconf 87' lang='lat' dir='ltr'>rabiem</span> <span class='ocrx_word' id='word_1_106' title='bbox 563 1352 609 1416; x_wconf 78' lang='lat' dir='ltr'>irs</span> <span class='ocrx_word' id='word_1_107' title='bbox 638 1375 754 1428; x_wconf 87' lang='lat' dir='ltr'>versus,</span> <span class='ocrx_word' id='word_1_108' title='bbox 784 1350 934 1416; x_wconf 90' lang='lat' dir='ltr'>laniando</span> <span class='ocrx_word' id='word_1_109' title='bbox 964 1351 1114 1416; x_wconf 89' lang='lat' dir='ltr'>dentibus</span> <span class='ocrx_word' id='word_1_110' title='bbox 1142 1352 1268 1416; x_wconf 89' lang='lat' dir='ltr'>hostem</span> <span class='ocrx_word' id='word_1_111' title='bbox 1296 1355 1426 1440; x_wconf 84' lang='lat' dir='ltr'>exspi-9</span> 
     </span>
     <span class='ocr_line' id='line_1_15' title="bbox 350 1451 455 1503; baseline -0.01 0"><span class='ocrx_word' id='word_1_112' title='bbox 350 1451 455 1503; x_wconf 68' lang='lat' dir='ltr'>russei.</span> 
     </span>
    </p>

    <p class='ocr_par' dir='ltr' id='par_1_4' title="bbox 396 1522 1405 1611">
     <span class='ocr_line' id='line_1_16' title="bbox 396 1522 1405 1611; baseline 0 -22"><span class='ocrx_word' id='word_1_113' title='bbox 396 1523 511 1611; x_wconf 86' lang='lat' dir='ltr'>Spoliis</span> <span class='ocrx_word' id='word_1_114' title='bbox 531 1524 573 1587; x_wconf 87' lang='lat' dir='ltr'>ad</span> <span class='ocrx_word' id='word_1_115' title='bbox 591 1523 728 1589; x_wconf 93' lang='lat' dir='ltr'>multum</span> <span class='ocrx_word' id='word_1_116' title='bbox 744 1522 808 1588; x_wconf 91' lang='lat' dir='ltr'>diei</span> <span class='ocrx_word' id='word_1_117' title='bbox 823 1523 922 1601; x_wconf 91' lang='lat' dir='ltr'>lectis,</span> <span class='ocrx_word' id='word_1_118' title='bbox 940 1523 1102 1590; x_wconf 87' lang='lat' dir='ltr'>Hannibal</span> <span class='ocrx_word' id='word_1_119' title='bbox 1117 1523 1158 1588; x_wconf 86' lang='lat' dir='ltr'>sd</span> <span class='ocrx_word' id='word_1_120' title='bbox 1173 1524 1300 1588; x_wconf 87' lang='lat' dir='ltr'>minora</span> <span class='ocrx_word' id='word_1_121' title='bbox 1314 1524 1405 1590; x_wconf 90' lang='lat' dir='ltr'>ducit</span> 
     </span>
    </p>

    <p class='ocr_par' dir='ltr' id='par_1_5' title="bbox 349 1609 1471 1953">
     <span class='ocr_line' id='line_1_17' title="bbox 350 1609 1471 1759; baseline 0.002 -85"><span class='ocrx_word' id='word_1_122' title='bbox 350 1623 450 1675; x_wconf 88' lang='lat' dir='ltr'>castra</span> <span class='ocrx_word' id='word_1_123' title='bbox 471 1609 693 1696; x_wconf 80' lang='lat' dir='ltr'>oppugnanda,</span> <span class='ocrx_word' id='word_1_124' title='bbox 717 1622 750 1675; x_wconf 90' lang='lat' dir='ltr'>et</span> <span class='ocrx_word' id='word_1_125' title='bbox 775 1610 917 1673; x_wconf 91' lang='lat' dir='ltr'>omnium</span> <span class='ocrx_word' id='word_1_126' title='bbox 940 1611 1087 1759; x_wconf 78' lang='lat' dir='ltr'>primum,</span> <span class='ocrx_word' id='word_1_127' title='bbox 1109 1609 1241 1674; x_wconf 86' lang='lat' dir='ltr'>brachio</span> <span class='ocrx_word' id='word_1_128' title='bbox 1263 1611 1423 1688; x_wconf 71' lang='lat' dir='ltr'>obiectur</span> <span class='ocrx_word' id='word_1_129' title='bbox 1470 1665 1471 1690; x_wconf 61' lang='lat'>,</span> 
     </span>
     <span class='ocr_line' id='line_1_18' title="bbox 349 1694 1471 1847; baseline 0.001 -88"><span class='ocrx_word' id='word_1_130' title='bbox 349 1695 480 1759; x_wconf 87' lang='lat' dir='ltr'>flumine</span> <span class='ocrx_word' id='word_1_131' title='bbox 495 1717 550 1760; x_wconf 90' lang='lat' dir='ltr'>eos</span> <span class='ocrx_word' id='word_1_132' title='bbox 564 1694 715 1760; x_wconf 82' lang='lat' dir='ltr'>excludit.</span> <span class='ocrx_word' id='word_1_133' title='bbox 756 1695 943 1761; x_wconf 87' lang='lat' dir='ltr'>Ceteruma</span> <span class='ocrx_word' id='word_1_134' title='bbox 978 1696 1135 1772; x_wconf 90' lang='lat' dir='ltr'>omnibus,</span> <span class='ocrx_word' id='word_1_135' title='bbox 1146 1695 1265 1773; x_wconf 89' lang='lat' dir='ltr'>labore,</span> <span class='ocrx_word' id='word_1_136' title='bbox 1274 1696 1404 1847; x_wconf 49' lang='lat' dir='ltr'>siffis,</span> <span class='ocrx_word' id='word_1_137' title='bbox 1470 1719 1471 1722; x_wconf 45' lang='lat'>¹</span> 
     </span>
     <span class='ocr_line' id='line_1_19' title="bbox 349 1779 1403 1868; baseline 0.001 -23"><span class='ocrx_word' id='word_1_138' title='bbox 349 1779 531 1845; x_wconf 89' lang='lat' dir='ltr'>vulneribus</span> <span class='ocrx_word' id='word_1_139' title='bbox 546 1782 642 1846; x_wconf 87' lang='lat' dir='ltr'>etiam</span> <span class='ocrx_word' id='word_1_140' title='bbox 656 1782 753 1857; x_wconf 83' lang='lat' dir='ltr'>fessis,</span> <span class='ocrx_word' id='word_1_141' title='bbox 766 1781 943 1846; x_wconf 87' lang='lat' dir='ltr'>maturiori</span> <span class='ocrx_word' id='word_1_142' title='bbox 983 1783 1096 1868; x_wconf 86' lang='lat' dir='ltr'>&#39;usspe</span> <span class='ocrx_word' id='word_1_143' title='bbox 1111 1780 1233 1846; x_wconf 88' lang='lat' dir='ltr'>deditio</span> <span class='ocrx_word' id='word_1_144' title='bbox 1248 1795 1298 1845; x_wconf 92' lang='lat' dir='ltr'>est</span> <span class='ocrx_word' id='word_1_145' title='bbox 1363 1797 1403 1846; x_wconf 79' lang='lat' dir='ltr'>ta.</span> 
     </span>
     <span class='ocr_line' id='line_1_20' title="bbox 350 1803 1406 1953; baseline 0.002 -23"><span class='ocrx_word' id='word_1_146' title='bbox 350 1866 451 1945; x_wconf 88' lang='lat' dir='ltr'>Paeti,</span> <span class='ocrx_word' id='word_1_147' title='bbox 475 1880 510 1931; x_wconf 92' lang='lat' dir='ltr'>ut</span> <span class='ocrx_word' id='word_1_148' title='bbox 531 1889 618 1930; x_wconf 88' lang='lat' dir='ltr'>arma</span> <span class='ocrx_word' id='word_1_149' title='bbox 639 1880 735 1953; x_wconf 88' lang='lat' dir='ltr'>atque</span> <span class='ocrx_word' id='word_1_150' title='bbox 758 1889 857 1952; x_wconf 91' lang='lat' dir='ltr'>equos</span> <span class='ocrx_word' id='word_1_151' title='bbox 878 1803 1048 1944; x_wconf 56' lang='lat' dir='ltr'>tradgilent,</span> <span class='ocrx_word' id='word_1_152' title='bbox 1068 1868 1104 1930; x_wconf 92' lang='lat' dir='ltr'>in</span> <span class='ocrx_word' id='word_1_153' title='bbox 1125 1867 1230 1953; x_wconf 89' lang='lat' dir='ltr'>capita</span> <span class='ocrx_word' id='word_1_154' title='bbox 1252 1867 1406 1932; x_wconf 86' lang='lat' dir='ltr'>Romana</span> 
     </span>
    </p>

    <p class='ocr_par' dir='ltr' id='par_1_6' title="bbox 351 1952 1426 2039">
     <span class='ocr_line' id='line_1_21' title="bbox 351 1952 1426 2039; baseline -0.003 -20"><span class='ocrx_word' id='word_1_155' title='bbox 351 1953 485 2018; x_wconf 88' lang='lat' dir='ltr'>trecenis</span> <span class='ocrx_word' id='word_1_156' title='bbox 507 1953 645 2017; x_wconf 91' lang='lat' dir='ltr'>nummis</span> <span class='ocrx_word' id='word_1_157' title='bbox 667 1952 871 2039; x_wconf 81' lang='lat' dir='ltr'>quadrigatis,</span> <span class='ocrx_word' id='word_1_158' title='bbox 891 1953 927 2016; x_wconf 89' lang='lat' dir='ltr'>in</span> <span class='ocrx_word' id='word_1_159' title='bbox 947 1954 1049 2018; x_wconf 88' lang='lat' dir='ltr'>socios</span> <span class='ocrx_word' id='word_1_160' title='bbox 1070 1952 1213 2029; x_wconf 89' lang='lat' dir='ltr'>ducenis,</span> <span class='ocrx_word' id='word_1_161' title='bbox 1234 1953 1271 2016; x_wconf 90' lang='lat' dir='ltr'>in</span> <span class='ocrx_word' id='word_1_162' title='bbox 1293 1977 1426 2018; x_wconf 69' lang='lat' dir='ltr'>serross</span> 
     </span>
    </p>

    <p class='ocr_par' dir='ltr' id='par_1_7' title="bbox 350 2020 1472 2126">
     <span class='ocr_line' id='line_1_22' title="bbox 350 2020 1472 2126; baseline 0.001 -23"><span class='ocrx_word' id='word_1_163' title='bbox 350 2039 502 2116; x_wconf 87' lang='lat' dir='ltr'>centenis,</span> <span class='ocrx_word' id='word_1_164' title='bbox 523 2051 556 2103; x_wconf 90' lang='lat' dir='ltr'>et</span> <span class='ocrx_word' id='word_1_165' title='bbox 579 2053 624 2116; x_wconf 84' lang='lat' dir='ltr'>ut,</span> <span class='ocrx_word' id='word_1_166' title='bbox 648 2061 686 2103; x_wconf 88' lang='lat' dir='ltr'>eo</span> <span class='ocrx_word' id='word_1_167' title='bbox 708 2038 810 2126; x_wconf 89' lang='lat' dir='ltr'>pretio</span> <span class='ocrx_word' id='word_1_168' title='bbox 832 2039 1001 2124; x_wconf 88' lang='lat' dir='ltr'>persoluto,</span> <span class='ocrx_word' id='word_1_169' title='bbox 1024 2060 1097 2103; x_wconf 92' lang='lat' dir='ltr'>cum</span> <span class='ocrx_word' id='word_1_170' title='bbox 1120 2037 1252 2124; x_wconf 80' lang='lat' dir='ltr'>singulis</span> <span class='ocrx_word' id='word_1_171' title='bbox 1269 2029 1406 2104; x_wconf 81' lang='lat' dir='ltr'>¹abirent</span> <span class='ocrx_word' id='word_1_172' title='bbox 1471 2020 1472 2089; x_wconf 79' lang='lat' dir='ltr'>l</span> 
     </span>
    </p>

    <p class='ocr_par' dir='ltr' id='par_1_8' title="bbox 350 2123 1426 2211">
     <span class='ocr_line' id='line_1_23' title="bbox 350 2123 1426 2211; baseline 0.001 -22"><span class='ocrx_word' id='word_1_173' title='bbox 350 2125 555 2203; x_wconf 87' lang='lat' dir='ltr'>vestimentis,</span> <span class='ocrx_word' id='word_1_174' title='bbox 571 2125 605 2188; x_wconf 92' lang='lat' dir='ltr'>in</span> <span class='ocrx_word' id='word_1_175' title='bbox 620 2137 721 2189; x_wconf 89' lang='lat' dir='ltr'>castra</span> <span class='ocrx_word' id='word_1_176' title='bbox 739 2123 844 2188; x_wconf 83' lang='lat' dir='ltr'>hostes</span> <span class='ocrx_word' id='word_1_177' title='bbox 859 2137 1068 2211; x_wconf 83' lang='lat' dir='ltr'>acceperunt3</span> <span class='ocrx_word' id='word_1_178' title='bbox 1091 2123 1264 2211; x_wconf 86' lang='lat' dir='ltr'>traditique</span> <span class='ocrx_word' id='word_1_179' title='bbox 1280 2125 1318 2188; x_wconf 93' lang='lat' dir='ltr'>in</span> <span class='ocrx_word' id='word_1_180' title='bbox 1333 2143 1426 2190; x_wconf 76' lang='lat' dir='ltr'>cus-5</span> 
     </span>
    </p>

    <p class='ocr_par' dir='ltr' id='par_1_9' title="bbox 351 2210 1405 2296">
     <span class='ocr_line' id='line_1_24' title="bbox 351 2210 1405 2296; baseline 0.002 -22"><span class='ocrx_word' id='word_1_181' title='bbox 351 2212 470 2276; x_wconf 88' lang='lat' dir='ltr'>todiam</span> <span class='ocrx_word' id='word_1_182' title='bbox 500 2233 611 2276; x_wconf 88' lang='lat' dir='ltr'>omnes</span> <span class='ocrx_word' id='word_1_183' title='bbox 639 2223 724 2285; x_wconf 88' lang='lat' dir='ltr'>sunt,</span> <span class='ocrx_word' id='word_1_184' title='bbox 754 2231 894 2273; x_wconf 89' lang='lat' dir='ltr'>seorsum</span> <span class='ocrx_word' id='word_1_185' title='bbox 923 2211 1008 2274; x_wconf 86' lang='lat' dir='ltr'>cives</span> <span class='ocrx_word' id='word_1_186' title='bbox 1037 2211 1186 2296; x_wconf 90' lang='lat' dir='ltr'>sociique.</span> <span class='ocrx_word' id='word_1_187' title='bbox 1233 2210 1328 2274; x_wconf 92' lang='lat' dir='ltr'>Dum</span> <span class='ocrx_word' id='word_1_188' title='bbox 1359 2213 1405 2276; x_wconf 91' lang='lat' dir='ltr'>ibi</span> 
     </span>
    </p>
   </div>
   <div class='ocr_carea' id='block_1_3' title="bbox 351 2295 1406 2396">
    <p class='ocr_par' dir='ltr' id='par_1_10' title="bbox 351 2295 1406 2396">
     <span class='ocr_line' id='line_1_25' title="bbox 351 2295 1406 2396; baseline 0.001 -35"><span class='ocrx_word' id='word_1_189' title='bbox 351 2309 477 2384; x_wconf 86' lang='lat' dir='ltr'>tempus</span> <span class='ocrx_word' id='word_1_190' title='bbox 495 2297 616 2374; x_wconf 82' lang='lat' dir='ltr'>teritur,</span> <span class='ocrx_word' id='word_1_191' title='bbox 637 2297 759 2361; x_wconf 87' lang='lat' dir='ltr'>interea</span> <span class='ocrx_word' id='word_1_192' title='bbox 780 2317 880 2396; x_wconf 90' lang='lat' dir='ltr'>quum</span> <span class='ocrx_word' id='word_1_193' title='bbox 898 2317 939 2359; x_wconf 86' lang='lat' dir='ltr'>ex</span> <span class='ocrx_word' id='word_1_194' title='bbox 960 2295 1130 2360; x_wconf 86' lang='lat' dir='ltr'>maioribus</span> <span class='ocrx_word' id='word_1_195' title='bbox 1148 2297 1267 2373; x_wconf 84' lang='lat' dir='ltr'>castris,</span> <span class='ocrx_word' id='word_1_196' title='bbox 1284 2298 1406 2382; x_wconf 88' lang='lat' dir='ltr'>quibus</span> 
     </span>
    </p>
   </div>
   <div class='ocr_carea' id='block_1_4' title="bbox 350 2379 1473 2616">
    <p class='ocr_par' dir='ltr' id='par_1_11' title="bbox 350 2379 1473 2616">
     <span class='ocr_line' id='line_1_26' title="bbox 350 2379 1405 2480; baseline 0 -32"><span class='ocrx_word' id='word_1_197' title='bbox 350 2384 424 2448; x_wconf 85' lang='lat' dir='ltr'>satis</span> <span class='ocrx_word' id='word_1_198' title='bbox 439 2383 552 2447; x_wconf 86' lang='lat' dir='ltr'>virium</span> <span class='ocrx_word' id='word_1_199' title='bbox 574 2395 629 2445; x_wconf 90' lang='lat' dir='ltr'>aut</span> <span class='ocrx_word' id='word_1_200' title='bbox 643 2382 741 2445; x_wconf 88' lang='lat' dir='ltr'>animi</span> <span class='ocrx_word' id='word_1_201' title='bbox 760 2381 830 2457; x_wconf 82' lang='lat' dir='ltr'>lint,</span> <span class='ocrx_word' id='word_1_202' title='bbox 846 2379 887 2444; x_wconf 90' lang='lat' dir='ltr'>ad</span> <span class='ocrx_word' id='word_1_203' title='bbox 901 2394 1051 2480; x_wconf 89' lang='lat' dir='ltr'>quattuor</span> <span class='ocrx_word' id='word_1_204' title='bbox 1065 2379 1165 2445; x_wconf 90' lang='lat' dir='ltr'>millia</span> <span class='ocrx_word' id='word_1_205' title='bbox 1178 2381 1350 2446; x_wconf 89' lang='lat' dir='ltr'>hominum</span> <span class='ocrx_word' id='word_1_206' title='bbox 1371 2397 1405 2448; x_wconf 87' lang='lat' dir='ltr'>et</span> 
     </span>
     <span class='ocr_line' id='line_1_27' title="bbox 351 2465 1473 2616; baseline -0.002 -84"><span class='ocrx_word' id='word_1_207' title='bbox 351 2466 633 2616; x_wconf 70' lang='lat' dir='ltr'>ducentisquites,</span> <span class='ocrx_word' id='word_1_208' title='bbox 655 2465 708 2530; x_wconf 86' lang='lat' dir='ltr'>alii</span> <span class='ocrx_word' id='word_1_209' title='bbox 729 2467 866 2552; x_wconf 83' lang='lat' dir='ltr'>agmine,</span> <span class='ocrx_word' id='word_1_210' title='bbox 885 2466 940 2530; x_wconf 85' lang='lat' dir='ltr'>alri</span> <span class='ocrx_word' id='word_1_211' title='bbox 961 2467 1058 2554; x_wconf 91' lang='lat' dir='ltr'>palati</span> <span class='ocrx_word' id='word_1_212' title='bbox 1077 2466 1193 2552; x_wconf 86' lang='lat' dir='ltr'>passim</span> <span class='ocrx_word' id='word_1_213' title='bbox 1215 2490 1278 2553; x_wconf 93' lang='lat' dir='ltr'>per</span> <span class='ocrx_word' id='word_1_214' title='bbox 1299 2491 1404 2555; x_wconf 77' lang='lat' dir='ltr'>egros,</span> <span class='ocrx_word' id='word_1_215' title='bbox 1472 2497 1473 2500; x_wconf 39' lang='lat'>¹</span> 
     </span>
    </p>
   </div>
   <div class='ocr_carea' id='block_1_5' title="bbox 192 2550 1425 3256">
    <p class='ocr_par' dir='ltr' id='par_1_12' title="bbox 192 2550 1425 3256">
     <span class='ocr_line' id='line_1_28' title="bbox 351 2550 1406 2653; baseline 0.002 -35"><span class='ocrx_word' id='word_1_216' title='bbox 351 2553 439 2640; x_wconf 92' lang='lat' dir='ltr'>quod</span> <span class='ocrx_word' id='word_1_217' title='bbox 452 2553 515 2617; x_wconf 89' lang='lat' dir='ltr'>hau</span> <span class='ocrx_word' id='word_1_218' title='bbox 551 2551 656 2616; x_wconf 88' lang='lat' dir='ltr'>minus</span> <span class='ocrx_word' id='word_1_219' title='bbox 671 2563 775 2616; x_wconf 93' lang='lat' dir='ltr'>tutum</span> <span class='ocrx_word' id='word_1_220' title='bbox 787 2565 864 2628; x_wconf 79' lang='lat' dir='ltr'>emt,</span> <span class='ocrx_word' id='word_1_221' title='bbox 878 2550 1054 2616; x_wconf 87' lang='lat' dir='ltr'>Canusium</span> <span class='ocrx_word' id='word_1_222' title='bbox 1065 2552 1288 2653; x_wconf 80' lang='lat' dir='ltr'>perfugissent,</span> <span class='ocrx_word' id='word_1_223' title='bbox 1301 2569 1406 2619; x_wconf 75' lang='lat' dir='ltr'>casua</span> 
     </span>
     <span class='ocr_line' id='line_1_29' title="bbox 351 2636 1404 2738; baseline 0.004 -37"><span class='ocrx_word' id='word_1_224' title='bbox 351 2639 419 2724; x_wconf 87' lang='lat' dir='ltr'>ipsa</span> <span class='ocrx_word' id='word_1_225' title='bbox 442 2638 481 2702; x_wconf 90' lang='lat' dir='ltr'>ab</span> <span class='ocrx_word' id='word_1_226' title='bbox 504 2638 618 2702; x_wconf 88' lang='lat' dir='ltr'>sauciis</span> <span class='ocrx_word' id='word_1_227' title='bbox 642 2636 824 2738; x_wconf 83' lang='lat' dir='ltr'>timidisque</span> <span class='ocrx_word' id='word_1_228' title='bbox 849 2636 960 2702; x_wconf 88' lang='lat' dir='ltr'>eadem</span> <span class='ocrx_word' id='word_1_229' title='bbox 985 2637 1177 2714; x_wconf 87' lang='lat' dir='ltr'>condrtione‚</span> <span class='ocrx_word' id='word_1_230' title='bbox 1201 2661 1267 2725; x_wconf 89' lang='lat' dir='ltr'>qua</span> <span class='ocrx_word' id='word_1_231' title='bbox 1291 2639 1404 2718; x_wconf 83' lang='lat' dir='ltr'>altera,</span> 
     </span>
     <span class='ocr_line' id='line_1_30' title="bbox 351 2722 1406 2811; baseline 0.004 -24"><span class='ocrx_word' id='word_1_232' title='bbox 351 2723 466 2787; x_wconf 84' lang='lat' dir='ltr'>tradita</span> <span class='ocrx_word' id='word_1_233' title='bbox 485 2722 577 2787; x_wconf 88' lang='lat' dir='ltr'>hosti.</span> <span class='ocrx_word' id='word_1_234' title='bbox 623 2722 747 2787; x_wconf 82' lang='lat' dir='ltr'>Praeda</span> <span class='ocrx_word' id='word_1_235' title='bbox 766 2745 880 2810; x_wconf 79' lang='lat' dir='ltr'>angens</span> <span class='ocrx_word' id='word_1_236' title='bbox 897 2737 986 2810; x_wconf 84' lang='lat' dir='ltr'>parts</span> <span class='ocrx_word' id='word_1_237' title='bbox 1005 2737 1070 2788; x_wconf 85' lang='lat' dir='ltr'>est:</span> <span class='ocrx_word' id='word_1_238' title='bbox 1094 2737 1136 2801; x_wconf 91' lang='lat' dir='ltr'>et,</span> <span class='ocrx_word' id='word_1_239' title='bbox 1154 2737 1282 2811; x_wconf 88' lang='lat' dir='ltr'>praeter</span> <span class='ocrx_word' id='word_1_240' title='bbox 1301 2749 1322 2790; x_wconf 91' lang='lat' dir='ltr'>e</span> <span class='ocrx_word' id='word_1_241' title='bbox 1348 2750 1406 2792; x_wconf 91' lang='lat' dir='ltr'>uos</span> 
     </span>
     <span class='ocr_line' id='line_1_31' title="bbox 350 2749 1405 2897; baseline 0.004 -24"><span class='ocrx_word' id='word_1_242' title='bbox 350 2809 508 2897; x_wconf 88' lang='lat' dir='ltr'>virosque,</span> <span class='ocrx_word' id='word_1_243' title='bbox 526 2821 560 2873; x_wconf 87' lang='lat' dir='ltr'>ct</span> <span class='ocrx_word' id='word_1_244' title='bbox 582 2808 608 2872; x_wconf 89' lang='lat' dir='ltr'>si</span> <span class='ocrx_word' id='word_1_245' title='bbox 630 2808 709 2895; x_wconf 92' lang='lat' dir='ltr'>quid</span> <span class='ocrx_word' id='word_1_246' title='bbox 731 2809 862 2894; x_wconf 82' lang='lat' dir='ltr'>argenti,</span> <span class='ocrx_word' id='word_1_247' title='bbox 884 2809 986 2896; x_wconf 87' lang='lat' dir='ltr'>(quod</span> <span class='ocrx_word' id='word_1_248' title='bbox 1010 2809 1182 2897; x_wconf 90' lang='lat' dir='ltr'>plurimum</span> <span class='ocrx_word' id='word_1_249' title='bbox 1205 2811 1240 2873; x_wconf 92' lang='lat' dir='ltr'>in</span> <span class='ocrx_word' id='word_1_250' title='bbox 1262 2749 1405 2897; x_wconf 72' lang='lat' dir='ltr'>phaleris</span> 
     </span>
     <span class='ocr_line' id='line_1_32' title="bbox 350 2894 1425 2996; baseline 0.002 -36"><span class='ocrx_word' id='word_1_251' title='bbox 350 2917 505 2996; x_wconf 89' lang='lat' dir='ltr'>equorum</span> <span class='ocrx_word' id='word_1_252' title='bbox 520 2907 607 2970; x_wconf 83' lang='lat' dir='ltr'>erat3</span> <span class='ocrx_word' id='word_1_253' title='bbox 630 2915 704 2958; x_wconf 88' lang='lat' dir='ltr'>nam</span> <span class='ocrx_word' id='word_1_254' title='bbox 720 2894 762 2957; x_wconf 89' lang='lat' dir='ltr'>ad</span> <span class='ocrx_word' id='word_1_255' title='bbox 776 2896 967 2960; x_wconf 88' lang='lat' dir='ltr'>vescendum</span> <span class='ocrx_word' id='word_1_256' title='bbox 982 2895 1066 2960; x_wconf 83' lang='lat' dir='ltr'>facto</span> <span class='ocrx_word' id='word_1_257' title='bbox 1085 2897 1271 2982; x_wconf 84' lang='lat' dir='ltr'>perexiguo,</span> <span class='ocrx_word' id='word_1_258' title='bbox 1288 2898 1425 2985; x_wconf 61' lang='lat' dir='ltr'>utique,</span> 
     </span>
     <span class='ocr_line' id='line_1_33' title="bbox 349 2979 1404 3069; baseline 0.003 -24"><span class='ocrx_word' id='word_1_259' title='bbox 349 2981 531 3059; x_wconf 77' lang='lat' dir='ltr'>militantes,</span> <span class='ocrx_word' id='word_1_260' title='bbox 546 2979 733 3064; x_wconf 89' lang='lat' dir='ltr'>utebantur)</span> <span class='ocrx_word' id='word_1_261' title='bbox 747 2980 849 3045; x_wconf 88' lang='lat' dir='ltr'>omnis</span> <span class='ocrx_word' id='word_1_262' title='bbox 864 2994 969 3046; x_wconf 88' lang='lat' dir='ltr'>cetera</span> <span class='ocrx_word' id='word_1_263' title='bbox 988 2981 1105 3069; x_wconf 84' lang='lat' dir='ltr'>praeda</span> <span class='ocrx_word' id='word_1_264' title='bbox 1124 2980 1309 3067; x_wconf 86' lang='lat' dir='ltr'>diripienda</span> <span class='ocrx_word' id='word_1_265' title='bbox 1328 2984 1404 3048; x_wconf 87' lang='lat' dir='ltr'>data</span> 
     </span>
     <span class='ocr_line' id='line_1_34' title="bbox 193 3064 1404 3154; baseline 0.006 -26"><span class='ocrx_word' id='word_1_266' title='bbox 193 3077 406 3154; x_wconf 60' lang='lat' dir='ltr'>poenttoooest.</span> <span class='ocrx_word' id='word_1_267' title='bbox 453 3067 539 3132; x_wconf 88' lang='lat' dir='ltr'>Tum</span> <span class='ocrx_word' id='word_1_268' title='bbox 553 3089 586 3131; x_wconf 90' lang='lat' dir='ltr'>se</span> <span class='ocrx_word' id='word_1_269' title='bbox 610 3064 728 3131; x_wconf 89' lang='lat' dir='ltr'>eliendi</span> <span class='ocrx_word' id='word_1_270' title='bbox 748 3089 842 3131; x_wconf 89' lang='lat' dir='ltr'>causa</span> <span class='ocrx_word' id='word_1_271' title='bbox 856 3066 990 3132; x_wconf 83' lang='lat' dir='ltr'>conferri</span> <span class='ocrx_word' id='word_1_272' title='bbox 1010 3067 1045 3130; x_wconf 92' lang='lat' dir='ltr'>in</span> <span class='ocrx_word' id='word_1_273' title='bbox 1065 3089 1164 3131; x_wconf 91' lang='lat' dir='ltr'>unum</span> <span class='ocrx_word' id='word_1_274' title='bbox 1179 3089 1316 3154; x_wconf 89' lang='lat' dir='ltr'>corpora</span> <span class='ocrx_word' id='word_1_275' title='bbox 1330 3091 1404 3134; x_wconf 91' lang='lat' dir='ltr'>suo-</span> 
     </span>
     <span class='ocr_line' id='line_1_35' title="bbox 192 3089 1402 3256; baseline 0.002 -38"><span class='ocrx_word' id='word_1_276' title='bbox 192 3157 283 3256; x_wconf 55' lang='lat' dir='ltr'>ffi⁰</span> <span class='ocrx_word' id='word_1_277' title='bbox 351 3175 420 3218; x_wconf 90' lang='lat' dir='ltr'>rum</span> <span class='ocrx_word' id='word_1_278' title='bbox 439 3153 537 3218; x_wconf 87' lang='lat' dir='ltr'>iussit.</span> <span class='ocrx_word' id='word_1_279' title='bbox 584 3089 641 3218; x_wconf 70' lang='lat' dir='ltr'>ld</span> <span class='ocrx_word' id='word_1_280' title='bbox 661 3164 734 3217; x_wconf 91' lang='lat' dir='ltr'>octo</span> <span class='ocrx_word' id='word_1_281' title='bbox 754 3152 853 3216; x_wconf 87' lang='lat' dir='ltr'>millia</span> <span class='ocrx_word' id='word_1_282' title='bbox 871 3151 966 3217; x_wconf 88' lang='lat' dir='ltr'>fuisse</span> <span class='ocrx_word' id='word_1_283' title='bbox 988 3151 1139 3217; x_wconf 91' lang='lat' dir='ltr'>dicuntur</span> <span class='ocrx_word' id='word_1_284' title='bbox 1155 3151 1402 3220; x_wconf 84' lang='lat' dir='ltr'>fortissimorum</span> 
     </span>
    </p>
   </div>
   <div class='ocr_carea' id='block_1_6' title="bbox 349 3353 1403 4372">
    <p class='ocr_par' dir='ltr' id='par_1_13' title="bbox 349 3353 1403 3547">
     <span class='ocr_line' id='line_1_36' title="bbox 383 3353 1403 3422; baseline 0 -16"><span class='ocrx_word' id='word_1_285' title='bbox 383 3357 398 3406; x_wconf 85' lang='lat'>8</span> <span class='ocrx_word' id='word_1_286' title='bbox 418 3359 451 3408; x_wconf 85' lang='lat' dir='ltr'>Ut</span> <span class='ocrx_word' id='word_1_287' title='bbox 462 3373 531 3422; x_wconf 83' lang='lat' dir='ltr'>quem</span> <span class='ocrx_word' id='word_1_288' title='bbox 543 3358 631 3420; x_wconf 79' lang='lat' dir='ltr'>cuique</span> <span class='ocrx_word' id='word_1_289' title='bbox 640 3357 709 3418; x_wconf 79' lang='lat' dir='ltr'>sors]</span> <span class='ocrx_word' id='word_1_290' title='bbox 734 3355 772 3406; x_wconf 90' lang='lat' dir='ltr'>Ut</span> <span class='ocrx_word' id='word_1_291' title='bbox 783 3371 856 3418; x_wconf 88' lang='lat' dir='ltr'>quem</span> <span class='ocrx_word' id='word_1_292' title='bbox 889 3369 911 3403; x_wconf 84' lang='lat' dir='ltr'>e.</span> <span class='ocrx_word' id='word_1_293' title='bbox 927 3353 1041 3403; x_wconf 85' lang='lat' dir='ltr'>Denariis</span> <span class='ocrx_word' id='word_1_294' title='bbox 1052 3353 1177 3416; x_wconf 77' lang='lat' dir='ltr'>argenteis.</span> <span class='ocrx_word' id='word_1_295' title='bbox 1189 3354 1220 3403; x_wconf 82' lang='lat' dir='ltr'>cf.</span> <span class='ocrx_word' id='word_1_296' title='bbox 1233 3353 1300 3404; x_wconf 85' lang='lat' dir='ltr'>Plin.</span> <span class='ocrx_word' id='word_1_297' title='bbox 1317 3355 1355 3405; x_wconf 87' lang='grc' dir='ltr'>Η.</span> <span class='ocrx_word' id='word_1_298' title='bbox 1369 3357 1403 3406; x_wconf 82' lang='lat' dir='ltr'>N.</span> 
     </span>
     <span class='ocr_line' id='line_1_37' title="bbox 350 3417 1402 3483; baseline -0.002 -13"><span class='ocrx_word' id='word_1_299' title='bbox 350 3421 857 3483; x_wconf 59' lang='lat' dir='ltr'>cuiquecssussdiunxeramutinpugna,</span> <span class='ocrx_word' id='word_1_300' title='bbox 889 3418 976 3466; x_wconf 84' lang='lat' dir='ltr'>xxxiii.</span> <span class='ocrx_word' id='word_1_301' title='bbox 989 3432 1010 3480; x_wconf 82' lang='lat'>3.</span> <span class='ocrx_word' id='word_1_302' title='bbox 1045 3417 1127 3480; x_wconf 77' lang='lat' dir='ltr'>Bigati</span> <span class='ocrx_word' id='word_1_303' title='bbox 1137 3423 1181 3466; x_wconf 89' lang='lat' dir='ltr'>aut</span> <span class='ocrx_word' id='word_1_304' title='bbox 1190 3419 1330 3481; x_wconf 76' lang='lat' dir='ltr'>quadrigati</span> <span class='ocrx_word' id='word_1_305' title='bbox 1343 3421 1402 3468; x_wconf 82' lang='lat' dir='ltr'>dieti</span> 
     </span>
     <span class='ocr_line' id='line_1_38' title="bbox 349 3481 1402 3547; baseline -0.002 -13"><span class='ocrx_word' id='word_1_306' title='bbox 349 3485 428 3535; x_wconf 80' lang='lat' dir='ltr'>autin</span> <span class='ocrx_word' id='word_1_307' title='bbox 439 3485 504 3547; x_wconf 82' lang='lat' dir='ltr'>fuga.</span> <span class='ocrx_word' id='word_1_308' title='bbox 521 3485 602 3533; x_wconf 78' lang='lat' dir='ltr'>Casa.</span> <span class='ocrx_word' id='word_1_309' title='bbox 889 3487 946 3530; x_wconf 87' lang='lat' dir='ltr'>sunt</span> <span class='ocrx_word' id='word_1_310' title='bbox 965 3482 990 3530; x_wconf 88' lang='lat' dir='ltr'>hi</span> <span class='ocrx_word' id='word_1_311' title='bbox 1006 3481 1109 3540; x_wconf 88' lang='lat' dir='ltr'>nummi,</span> <span class='ocrx_word' id='word_1_312' title='bbox 1125 3481 1190 3543; x_wconf 91' lang='lat' dir='ltr'>quod</span> <span class='ocrx_word' id='word_1_313' title='bbox 1207 3481 1264 3544; x_wconf 77' lang='lat' dir='ltr'>biga</span> <span class='ocrx_word' id='word_1_314' title='bbox 1280 3489 1326 3531; x_wconf 80' lang='lat' dir='ltr'>aut</span> <span class='ocrx_word' id='word_1_315' title='bbox 1344 3499 1402 3545; x_wconf 86' lang='lat' dir='ltr'>qaa-</span> 
     </span>
    </p>

    <p class='ocr_par' dir='ltr' id='par_1_14' title="bbox 350 3543 1403 3988">
     <span class='ocr_line' id='line_1_39' title="bbox 382 3543 1401 3614; baseline -0.001 -18"><span class='ocrx_word' id='word_1_316' title='bbox 382 3564 398 3614; x_wconf 91' lang='lat'>9</span> <span class='ocrx_word' id='word_1_317' title='bbox 414 3549 544 3596; x_wconf 75' lang='lat' dir='ltr'>Laaiaado</span> <span class='ocrx_word' id='word_1_318' title='bbox 554 3547 667 3597; x_wconf 66' lang='lat' dir='ltr'>dentium</span> <span class='ocrx_word' id='word_1_319' title='bbox 679 3547 768 3595; x_wconf 69' lang='lat' dir='ltr'>basum</span> <span class='ocrx_word' id='word_1_320' title='bbox 778 3547 857 3608; x_wconf 64' lang='lat' dir='ltr'>saept-</span> <span class='ocrx_word' id='word_1_321' title='bbox 890 3545 958 3607; x_wconf 76' lang='lat' dir='ltr'>driga</span> <span class='ocrx_word' id='word_1_322' title='bbox 979 3545 1057 3593; x_wconf 84' lang='lat' dir='ltr'>notati</span> <span class='ocrx_word' id='word_1_323' title='bbox 1075 3549 1139 3594; x_wconf 72' lang='lat' dir='ltr'>sunt</span> <span class='ocrx_word' id='word_1_324' title='bbox 1172 3543 1298 3592; x_wconf 86' lang='lat' dir='ltr'>Denarius</span> <span class='ocrx_word' id='word_1_325' title='bbox 1315 3555 1401 3595; x_wconf 78' lang='lat' dir='ltr'>autern</span> 
     </span>
     <span class='ocr_line' id='line_1_40' title="bbox 350 3608 1402 3672; baseline -0.004 -10"><span class='ocrx_word' id='word_1_326' title='bbox 350 3613 441 3672; x_wconf 61' lang='grc' dir='ltr'>φακοί]</span> <span class='ocrx_word' id='word_1_327' title='bbox 467 3627 500 3660; x_wconf 84' lang='lat' dir='ltr'>ac.</span> <span class='ocrx_word' id='word_1_328' title='bbox 523 3611 635 3660; x_wconf 85' lang='lat' dir='ltr'>Numida</span> <span class='ocrx_word' id='word_1_329' title='bbox 652 3608 693 3671; x_wconf 89' lang='lat' dir='ltr'>qui</span> <span class='ocrx_word' id='word_1_330' title='bbox 713 3609 856 3657; x_wconf 83' lang='lat' dir='ltr'>morientem</span> <span class='ocrx_word' id='word_1_331' title='bbox 889 3609 938 3658; x_wconf 81' lang='lat' dir='ltr'>xri.</span> <span class='ocrx_word' id='word_1_332' title='bbox 956 3609 1049 3657; x_wconf 85' lang='lat' dir='ltr'>assibus</span> <span class='ocrx_word' id='word_1_333' title='bbox 1068 3609 1259 3670; x_wconf 77' lang='lat' dir='ltr'>permutabatur.</span> <span class='ocrx_word' id='word_1_334' title='bbox 1294 3609 1402 3658; x_wconf 75' lang='lat' dir='ltr'>Troe-eni</span> 
     </span>
     <span class='ocr_line' id='line_1_41' title="bbox 351 3671 1402 3735; baseline -0.003 -10"><span class='ocrx_word' id='word_1_335' title='bbox 351 3691 376 3725; x_wconf 86' lang='lat' dir='ltr'>se</span> <span class='ocrx_word' id='word_1_336' title='bbox 395 3675 460 3724; x_wconf 85' lang='lat' dir='ltr'>hosti</span> <span class='ocrx_word' id='word_1_337' title='bbox 479 3675 593 3722; x_wconf 84' lang='lat' dir='ltr'>Romano</span> <span class='ocrx_word' id='word_1_338' title='bbox 612 3672 815 3735; x_wconf 61' lang='lat' dir='ltr'>superinieeissea</span> <span class='ocrx_word' id='word_1_339' title='bbox 832 3678 858 3720; x_wconf 87' lang='lat' dir='ltr'>ct</span> <span class='ocrx_word' id='word_1_340' title='bbox 890 3671 982 3721; x_wconf 82' lang='lat' dir='ltr'>denarii</span> <span class='ocrx_word' id='word_1_341' title='bbox 998 3677 1095 3720; x_wconf 85' lang='lat' dir='ltr'>tanturn</span> <span class='ocrx_word' id='word_1_342' title='bbox 1112 3687 1161 3720; x_wconf 91' lang='lat' dir='ltr'>non</span> <span class='ocrx_word' id='word_1_343' title='bbox 1177 3671 1253 3729; x_wconf 87' lang='lat' dir='ltr'>idem,</span> <span class='ocrx_word' id='word_1_344' title='bbox 1269 3675 1338 3732; x_wconf 88' lang='lat' dir='ltr'>qnod</span> <span class='ocrx_word' id='word_1_345' title='bbox 1354 3681 1402 3722; x_wconf 78' lang='lat' dir='ltr'>tres</span> 
     </span>
     <span class='ocr_line' id='line_1_42' title="bbox 351 3735 1401 3799; baseline -0.002 -13"><span class='ocrx_word' id='word_1_346' title='bbox 351 3739 443 3788; x_wconf 80' lang='lat' dir='ltr'>rabiem</span> <span class='ocrx_word' id='word_1_347' title='bbox 454 3738 587 3799; x_wconf 80' lang='lat' dir='ltr'>vitamque,</span> <span class='ocrx_word' id='word_1_348' title='bbox 597 3738 711 3785; x_wconf 85' lang='lat' dir='ltr'>dontibus</span> <span class='ocrx_word' id='word_1_349' title='bbox 725 3737 751 3784; x_wconf 89' lang='lat' dir='ltr'>in</span> <span class='ocrx_word' id='word_1_350' title='bbox 765 3749 792 3783; x_wconf 85' lang='lat' dir='ltr'>os</span> <span class='ocrx_word' id='word_1_351' title='bbox 807 3735 857 3784; x_wconf 88' lang='lat' dir='ltr'>Ro-</span> <span class='ocrx_word' id='word_1_352' title='bbox 889 3735 971 3784; x_wconf 84' lang='lat' dir='ltr'>minae</span> <span class='ocrx_word' id='word_1_353' title='bbox 982 3736 1089 3793; x_wconf 80' lang='lat' dir='ltr'>Atticae,</span> <span class='ocrx_word' id='word_1_354' title='bbox 1100 3736 1238 3794; x_wconf 83' lang='lat' dir='ltr'>valuerunt,</span> <span class='ocrx_word' id='word_1_355' title='bbox 1250 3741 1275 3783; x_wconf 86' lang='lat' dir='ltr'>et</span> <span class='ocrx_word' id='word_1_356' title='bbox 1291 3737 1401 3798; x_wconf 84' lang='lat' dir='ltr'>pretium</span> 
     </span>
     <span class='ocr_line' id='line_1_43' title="bbox 351 3797 1401 3862; baseline -0.003 -11"><span class='ocrx_word' id='word_1_357' title='bbox 351 3803 417 3850; x_wconf 87' lang='lat' dir='ltr'>mani</span> <span class='ocrx_word' id='word_1_358' title='bbox 434 3801 524 3860; x_wconf 83' lang='lat' dir='ltr'>infixis,</span> <span class='ocrx_word' id='word_1_359' title='bbox 537 3801 609 3848; x_wconf 87' lang='lat' dir='ltr'>simul</span> <span class='ocrx_word' id='word_1_360' title='bbox 625 3799 777 3862; x_wconf 79' lang='lat' dir='ltr'>exspirasset.</span> <span class='ocrx_word' id='word_1_361' title='bbox 811 3799 857 3849; x_wconf 81' lang='lat' dir='ltr'>Ce-</span> <span class='ocrx_word' id='word_1_362' title='bbox 890 3798 957 3846; x_wconf 84' lang='lat' dir='ltr'>haud</span> <span class='ocrx_word' id='word_1_363' title='bbox 968 3799 1093 3847; x_wconf 85' lang='lat' dir='ltr'>insolitum</span> <span class='ocrx_word' id='word_1_364' title='bbox 1106 3803 1175 3847; x_wconf 83' lang='lat' dir='ltr'>erant</span> <span class='ocrx_word' id='word_1_365' title='bbox 1188 3797 1318 3846; x_wconf 85' lang='lat' dir='ltr'>liberorum</span> <span class='ocrx_word' id='word_1_366' title='bbox 1333 3803 1401 3862; x_wconf 75' lang='lat' dir='ltr'>capi</span> 
     </span>
     <span class='ocr_line' id='line_1_44' title="bbox 351 3863 1403 3927; baseline -0.001 -14"><span class='ocrx_word' id='word_1_367' title='bbox 351 3869 430 3913; x_wconf 83' lang='lat' dir='ltr'>terum</span> <span class='ocrx_word' id='word_1_368' title='bbox 449 3865 558 3912; x_wconf 79' lang='lat' dir='ltr'>Numida</span> <span class='ocrx_word' id='word_1_369' title='bbox 624 3865 741 3923; x_wconf 75' lang='lat' dir='ltr'>Botriano,</span> <span class='ocrx_word' id='word_1_370' title='bbox 760 3868 857 3912; x_wconf 84' lang='lat' dir='ltr'>tantum</span> <span class='ocrx_word' id='word_1_371' title='bbox 891 3868 951 3912; x_wconf 89' lang='lat' dir='ltr'>tum.</span> <span class='ocrx_word' id='word_1_372' title='bbox 980 3863 1019 3912; x_wconf 76' lang='lat' dir='ltr'>Cf.</span> <span class='ocrx_word' id='word_1_373' title='bbox 1038 3863 1132 3912; x_wconf 79' lang='lat' dir='ltr'>Bsokh.</span> <span class='ocrx_word' id='word_1_374' title='bbox 1151 3863 1403 3927; x_wconf 76' lang='lat' dir='ltr'>suauhaaahnltung</span> 
     </span>
     <span class='ocr_line' id='line_1_45' title="bbox 352 3926 1157 3988; baseline -0.002 -12"><span class='ocrx_word' id='word_1_375' title='bbox 352 3943 400 3978; x_wconf 86' lang='lat' dir='ltr'>non</span> <span class='ocrx_word' id='word_1_376' title='bbox 412 3943 497 3976; x_wconf 85' lang='lat' dir='ltr'>omnes</span> <span class='ocrx_word' id='word_1_377' title='bbox 507 3929 562 3976; x_wconf 80' lang='lat' dir='ltr'>edd</span> <span class='ocrx_word' id='word_1_378' title='bbox 574 3927 674 3975; x_wconf 84' lang='lat' dir='ltr'>habent.</span> <span class='ocrx_word' id='word_1_379' title='bbox 891 3927 935 3975; x_wconf 85' lang='lat' dir='ltr'>der</span> <span class='ocrx_word' id='word_1_380' title='bbox 945 3926 1055 3975; x_wconf 76' lang='lat' dir='ltr'>Athcner</span> <span class='ocrx_word' id='word_1_381' title='bbox 1065 3927 1081 3976; x_wconf 90' lang='lat' dir='ltr'>i.</span> <span class='ocrx_word' id='word_1_382' title='bbox 1093 3927 1107 3985; x_wconf 67' lang='lat' dir='ltr'>fi</span> <span class='ocrx_word' id='word_1_383' title='bbox 1121 3939 1157 3988; x_wconf 83' lang='lat'>13.</span> 
     </span>
    </p>

    <p class='ocr_par' dir='ltr' id='par_1_15' title="bbox 350 3989 1402 4308">
     <span class='ocr_line' id='line_1_46' title="bbox 386 3989 1402 4052; baseline 0 -12"><span class='ocrx_word' id='word_1_384' title='bbox 386 4007 395 4040; x_wconf 90' lang='lat'>1</span> <span class='ocrx_word' id='word_1_385' title='bbox 414 3991 521 4050; x_wconf 63' lang='lat' dir='ltr'>Bnacbio</span> <span class='ocrx_word' id='word_1_386' title='bbox 531 3991 631 4050; x_wconf 79' lang='lat' dir='ltr'>obiecta]</span> <span class='ocrx_word' id='word_1_387' title='bbox 654 3990 763 4038; x_wconf 78' lang='lat' dir='ltr'>Brachia</span> <span class='ocrx_word' id='word_1_388' title='bbox 778 3989 858 4038; x_wconf 76' lang='lat' dir='ltr'>soceri</span> <span class='ocrx_word' id='word_1_389' title='bbox 928 3993 1046 4052; x_wconf 77' lang='lat' dir='ltr'>3Hoetes</span> <span class='ocrx_word' id='word_1_390' title='bbox 1065 3992 1224 4052; x_wconf 74' lang='lat' dir='ltr'>acosperuat]</span> <span class='ocrx_word' id='word_1_391' title='bbox 1250 3989 1346 4039; x_wconf 70' lang='lat' dir='ltr'>Hostes</span> <span class='ocrx_word' id='word_1_392' title='bbox 1368 3993 1402 4040; x_wconf 90' lang='lat' dir='ltr'>ni-</span> 
     </span>
     <span class='ocr_line' id='line_1_47' title="bbox 351 4052 1402 4116; baseline 0 -11"><span class='ocrx_word' id='word_1_393' title='bbox 351 4055 499 4105; x_wconf 86' lang='lat' dir='ltr'>munitiones</span> <span class='ocrx_word' id='word_1_394' title='bbox 513 4069 543 4102; x_wconf 83' lang='lat' dir='ltr'>ex</span> <span class='ocrx_word' id='word_1_395' title='bbox 562 4053 655 4116; x_wconf 83' lang='lat' dir='ltr'>reliquo</span> <span class='ocrx_word' id='word_1_396' title='bbox 671 4069 744 4115; x_wconf 86' lang='lat' dir='ltr'>opere</span> <span class='ocrx_word' id='word_1_397' title='bbox 761 4067 857 4116; x_wconf 87' lang='lat' dir='ltr'>procar-</span> <span class='ocrx_word' id='word_1_398' title='bbox 890 4052 979 4102; x_wconf 86' lang='lat' dir='ltr'>mirum</span> <span class='ocrx_word' id='word_1_399' title='bbox 998 4055 1083 4112; x_wconf 84' lang='lat' dir='ltr'>Poeni,</span> <span class='ocrx_word' id='word_1_400' title='bbox 1098 4061 1126 4101; x_wconf 92' lang='lat' dir='ltr'>ut</span> <span class='ocrx_word' id='word_1_401' title='bbox 1141 4069 1194 4116; x_wconf 86' lang='lat' dir='ltr'>cap.</span> <span class='ocrx_word' id='word_1_402' title='bbox 1212 4053 1292 4115; x_wconf 85' lang='lat' dir='ltr'>priore</span> <span class='ocrx_word' id='word_1_403' title='bbox 1309 4055 1402 4104; x_wconf 69' lang='lat' dir='ltr'>hostem</span> 
     </span>
     <span class='ocr_line' id='line_1_48' title="bbox 350 4116 1149 4180; baseline -0.003 -12"><span class='ocrx_word' id='word_1_404' title='bbox 350 4127 430 4169; x_wconf 87' lang='lat' dir='ltr'>rentes</span> <span class='ocrx_word' id='word_1_405' title='bbox 447 4121 531 4167; x_wconf 87' lang='lat' dir='ltr'>monet</span> <span class='ocrx_word' id='word_1_406' title='bbox 550 4118 675 4167; x_wconf 87' lang='lat' dir='ltr'>Drakenb.</span> <span class='ocrx_word' id='word_1_407' title='bbox 694 4118 736 4166; x_wconf 89' lang='lat' dir='ltr'>scd</span> <span class='ocrx_word' id='word_1_408' title='bbox 756 4117 857 4167; x_wconf 86' lang='lat' dir='ltr'>Douiat.</span> <span class='ocrx_word' id='word_1_409' title='bbox 890 4116 1026 4166; x_wconf 84' lang='lat' dir='ltr'>Numidam</span> <span class='ocrx_word' id='word_1_410' title='bbox 1039 4117 1149 4180; x_wconf 77' lang='lat' dir='ltr'>legimus</span> 
     </span>
     <span class='ocr_line' id='line_1_49' title="bbox 350 4181 1402 4243; baseline -0.001 -11"><span class='ocrx_word' id='word_1_411' title='bbox 350 4185 437 4232; x_wconf 73' lang='lat' dir='ltr'>somam</span> <span class='ocrx_word' id='word_1_412' title='bbox 449 4183 513 4230; x_wconf 87' lang='lat' dir='ltr'>inter</span> <span class='ocrx_word' id='word_1_413' title='bbox 523 4187 601 4230; x_wconf 72' lang='lat' dir='ltr'>casua</span> <span class='ocrx_word' id='word_1_414' title='bbox 612 4183 754 4243; x_wconf 84' lang='lat' dir='ltr'>flumenque</span> <span class='ocrx_word' id='word_1_415' title='bbox 768 4182 856 4230; x_wconf 87' lang='lat' dir='ltr'>deduc-</span> <span class='ocrx_word' id='word_1_416' title='bbox 922 4199 937 4241; x_wconf 90' lang='lat'>4</span> <span class='ocrx_word' id='word_1_417' title='bbox 948 4183 990 4230; x_wconf 79' lang='lat' dir='ltr'>Ad</span> <span class='ocrx_word' id='word_1_418' title='bbox 999 4183 1230 4242; x_wconf 72' lang='lat' dir='ltr'>oswendamfacto]</span> <span class='ocrx_word' id='word_1_419' title='bbox 1243 4181 1268 4230; x_wconf 88' lang='lat' dir='ltr'>h.</span> <span class='ocrx_word' id='word_1_420' title='bbox 1275 4196 1298 4230; x_wconf 91' lang='lat' dir='ltr'>e.</span> <span class='ocrx_word' id='word_1_421' title='bbox 1309 4181 1402 4231; x_wconf 82' lang='lat' dir='ltr'>Elabo</span> 
     </span>
     <span class='ocr_line' id='line_1_50' title="bbox 351 4244 1323 4308; baseline 0 -14"><span class='ocrx_word' id='word_1_422' title='bbox 351 4251 401 4294; x_wconf 82' lang='lat' dir='ltr'>tam</span> <span class='ocrx_word' id='word_1_423' title='bbox 413 4247 453 4294; x_wconf 88' lang='lat' dir='ltr'>hic</span> <span class='ocrx_word' id='word_1_424' title='bbox 464 4245 568 4308; x_wconf 82' lang='lat' dir='ltr'>intelligi</span> <span class='ocrx_word' id='word_1_425' title='bbox 579 4246 639 4294; x_wconf 82' lang='lat' dir='ltr'>vult.</span> <span class='ocrx_word' id='word_1_426' title='bbox 890 4249 951 4302; x_wconf 80' lang='lat' dir='ltr'>rato,</span> <span class='ocrx_word' id='word_1_427' title='bbox 962 4260 1011 4305; x_wconf 91' lang='lat' dir='ltr'>quo</span> <span class='ocrx_word' id='word_1_428' title='bbox 1021 4244 1046 4292; x_wconf 92' lang='lat' dir='ltr'>in</span> <span class='ocrx_word' id='word_1_429' title='bbox 1058 4246 1178 4294; x_wconf 77' lang='lat' dir='ltr'>vescendo</span> <span class='ocrx_word' id='word_1_430' title='bbox 1189 4251 1323 4294; x_wconf 84' lang='lat' dir='ltr'>uterentur.</span> 
     </span>
    </p>

    <p class='ocr_par' dir='ltr' id='par_1_16' title="bbox 385 4308 857 4372">
     <span class='ocr_line' id='line_1_51' title="bbox 385 4308 857 4372; baseline -0.002 -14"><span class='ocrx_word' id='word_1_431' title='bbox 385 4324 398 4358; x_wconf 81' lang='lat' dir='ltr'>a</span> <span class='ocrx_word' id='word_1_432' title='bbox 417 4311 529 4358; x_wconf 73' lang='lat' dir='ltr'>Trecenta</span> <span class='ocrx_word' id='word_1_433' title='bbox 539 4311 644 4357; x_wconf 75' lang='lat' dir='ltr'>nammis</span> <span class='ocrx_word' id='word_1_434' title='bbox 654 4310 819 4372; x_wconf 60' lang='lat' dir='ltr'>quadrigentis]</span> <span class='ocrx_word' id='word_1_435' title='bbox 833 4308 857 4357; x_wconf 88' lang='lat' dir='ltr'>h.</span> 
     </span>
    </p>
   </div>
   <div class='ocr_carea' id='block_1_7' title="bbox 0 0 1494 4778">
    <p class='ocr_par' dir='ltr' id='par_1_17' title="bbox 0 0 1494 4778">
     <span class='ocr_line' id='line_1_52' title="bbox 0 0 1494 4778; baseline 0 0"><span class='ocrx_word' id='word_1_436' title='bbox 0 0 1494 4778; x_wconf 95' lang='lat' dir='ltr'> </span> 
     </span>
    </p>
   </div>
  </div>
 </body>
</html>
