2888 4768
307 216 403 282 LIB.
426 214 537 282 XXV.
571 215 683 282 CAP.
709 221 759 283 18.
993 225 1057 288 253

21 351 159 418 Calorem
178 351 313 418 fluvium
335 351 537 418 intersectum
559 367 743 432 memorant,
759 353 888 420 credere
900 354 989 435 velis,
1004 372 1141 424 ca·U.c.
1158 385 1214 436 540·

39 439 87 504 itis
110 453 236 505 tantum
265 437 403 504 Gracchi
428 438 533 504 hostes
602 439 651 504 titi
680 455 763 506 sunt.
810 441 860 506 Eo
884 441 990 508 delato
1015 437 1097 508 adL
1112 437 1143 488 ⁰·
1158 451 1214 489 ²¹²·

19 463 238 604 llannibalem,
254 527 366 591 nrissns
380 527 419 591 ab
434 548 473 592 eo
484 549 544 591 con
558 527 649 591 estim
666 525 827 606 Carthalo,
836 529 893 615 qui
907 529 943 593 in
956 542 1058 595 castra

20 613 157 678 Romana
171 613 214 678 ad
231 611 293 678 Cn.
309 610 495 678 Cornelium
510 627 708 700 quaestorem
726 614 870 679 deferret
916 614 948 680 Is
961 615 1057 681 funus

18 699 207 850 imper-quiris
221 699 258 763 in
272 700 389 778 castris,
404 699 636 766 celebrantibus
650 723 723 766 cum
738 701 880 766 exercitu
889 701 1058 768 Beneven-

19 787 101 864 tanis,
128 787 201 852 ecit

58 871 225 952 Consules,
246 895 357 960 agrurn
374 871 574 960 Campanum
592 873 732 962 ingressi,
749 897 848 961 quum
866 875 981 963 possim
998 899 1057 963 po-
1115 875 1165 936 18.

19 958 205 1045 pulsrentur,
222 959 388 1048 eruptione
408 983 428 1024 o
449 959 639 1046 pidanorum
658 974 692 1025 et
710 959 859 1048 Magonis
878 983 951 1026 cum
965 962 1056 1050 equi·
1064 959 1133 1008 ΟΜ
1143 959 1175 1007 “¹

20 1059 80 1110 tatu
94 1047 196 1112 territi
211 1061 246 1111 et
260 1046 387 1132 trepidi,
456 1047 547 1134 signa
565 1045 680 1112 milites
696 1046 817 1134 palatos
836 1048 952 1134 passim
966 1071 1057 1114 revo-
1064 1023 1178 1137 Quam

19 1148 138 1198 cerunt:
163 1147 207 1211 et,
223 1132 355 1198 vixdum
370 1133 524 1198 instructa
540 1132 606 1198 acie
620 1133 692 1210 fusi,
707 1155 802 1222 supra
815 1134 901 1200 mille
916 1148 949 1200 et
963 1136 1058 1223 quin·

18 1233 122 1304 gentos
146 1219 267 1284 milites
292 1221 472 1285 amiserunt.
519 1217 600 1284 Inde
629 1219 741 1308 ingens
765 1220 882 1286 ferocia
904 1224 1058 1309 superbae

19 1306 635 1459 trististristis
659 1301 1060 1483 rsrtrltlzrrr:

20 1477 138 1558 lecerat,
163 1481 293 1545 incaute
318 1493 415 1567 atque
438 1479 614 1545 inconsulte
640 1480 727 1546 inita.
774 1480 927 1546 Restituit
952 1495 1059 1548 tamen

20 1562 64 1628 his
77 1567 209 1646 animos,
221 1579 256 1632 et
269 1566 330 1631 illis
344 1567 460 1631 minuit
469 1566 642 1644 andaciam,
653 1590 750 1655 parra
763 1591 828 1633 una
840 1591 898 1634 res.
946 1567 1011 1634 Sed
1024 1569 1059 1634 in

20 1649 95 1716 bello
114 1653 198 1718 nihil
221 1667 286 1718 tam
308 1652 376 1718 leve
398 1665 455 1730 est,
478 1653 565 1740 quod
586 1676 652 1718 non
675 1675 808 1742 magnac
829 1655 990 1721 interdum
1012 1655 1059 1722 rei

20 1753 211 1805 momentum
227 1740 329 1805 faciat.
368 1739 406 1804 T.
419 1739 573 1815 Quinctio
586 1739 734 1828 Crispino
746 1741 866 1807 Badius
876 1741 1060 1830 Campanus
1068 1747 1162 1798 maius

21 1821 126 1912 hospes
147 1841 228 1904 erat,
291 1825 452 1892 rlamiliari
472 1826 608 1914 hospitio
631 1827 766 1893 iunctus.
814 1827 967 1894 Creverat
984 1813 1217 1924 con-⁰²mffi‘*

21 1911 158 1991 suetudo,
174 1938 220 2002 qn
282 1935 376 2001 aeger
396 1912 518 1978 Romae
578 1912 622 1977 ud
639 1912 823 2014 Crispinum
846 1913 966 1980 Badius
985 1928 1059 1980 ante
1067 1891 1175 2002 {iam

21 1994 228 2066 defectionem
246 1999 443 2088 Campanam
459 1935 630 2064 liberiiliter
643 2014 838 2086 comiterque
851 2015 978 2065 curatus
990 2001 1060 2066 fue-
1068 2003 1141 2080 lton
1153 2003 1218 2054 eris

21 2095 71 2148 rat
115 2085 203 2152 Tum
236 2086 365 2164 Badius,
391 2109 414 2186 p
536 2109 572 2150 us
600 2098 673 2150 ante
703 2087 863 2164 stationes,
891 2109 974 2174 quae
1002 2081 1163 2175 propincus,

22 2183 105 2254 ports
132 2175 269 2250 stabant,
299 2195 403 2238 vocam
464 2171 617 2260 rispinum
651 2171 750 2238 iussit
798 2173 896 2248 Quod
928 2174 984 2238 ubi
1012 2189 1062 2239 est

24 2253 167 2346 Crispino
181 2260 376 2337 nuntiatum,
391 2271 478 2324 ratris
497 2257 690 2345 colloquium
703 2259 841 2323 amicum
858 2282 896 2324 ac
909 2259 1062 2325 familiare

43 2347 135 2424 uaeri,
158 2359 310 2413 manente
336 2345 497 2424 memoria,
524 2346 619 2410 etiam
643 2345 677 2409 in
700 2344 833 2410 discidio
862 2344 1061 2433 publicorum

23 2364 190 2513 loederum,
206 2434 320 2523 privati
334 2433 420 2511 imis,
435 2431 577 2519 paullum
595 2453 615 2495 a
633 2432 745 2498 ceteris
764 2432 924 2547 processit
969 2433 1061 2499 Post·

24 2536 111 2601 quam
130 2521 164 2586 in
180 2533 387 2609 conspectum
401 2541 525 2597 venere,
542 2517 702 2584 ‘Provoco
721 2533 763 2596 te,
791 2518 906 2606 inquit,
923 2520 982 2586 ‘ad
1002 2543 1062 2608 pu·

25 2609 140 2688 ‘gnum
153 2607 323 2695 Crispine,'
334 2606 471 2672 Badius:
496 2605 757 2672 ‘conscendamus
765 2627 873 2721 equos,
882 2607 1063 2672 ummotis-

25 2694 100 2776 ‘que
114 2694 192 2773 aliis,
209 2706 281 2760 uter
295 2693 377 2760 bello
391 2692 503 2758 melior
515 2693 565 2770 sit,
580 2692 795 2762 decernamus
849 2692 906 2757 Ad
919 2716 959 2758 ea
974 2692 1063 2759 Cris-

25 2775 120 2859 pinus,
138 2779 230 2847 ‘Nec
244 2781 314 2858 sibi,
329 2803 389 2845 nec
403 2779 469 2858 illi,’
483 2781 536 2857 ait,
553 2779 677 2844 ‘hostes
691 2779 809 2858 deesse,
821 2779 855 2844 in
870 2781 987 2866 quibus
1000 2781 1063 2845 vir·

27 2868 141 2931 ‘tutem
160 2866 350 2934 ostendant:
374 2889 417 2944 se,
436 2865 558 2931 etiamsi
577 2865 612 2929 in
631 2865 699 2930 acic
718 2878 871 2943 occurrat,
886 2866 1063 2932 declinatu-

26 2954 118 3029 ‘rum,
144 2977 187 3021 ne
212 2953 359 3041 hospitali
382 2953 478 3018 caede
504 2952 647 3017 dextram
672 2951 801 3028 violet3’
830 2974 1062 3040 conversimque

25 3034 131 3106 abibat.
178 3040 352 3106 Enimvero
366 3039 500 3104 ferocius
519 3051 587 3102 tum
604 3036 789 3124 Campanus
807 3038 969 3126 increpare
984 3039 1069 3104 mol·

16 3116 117 3190 ilitiem
132 3127 367 3216 ignaviamque,
383 3138 416 3191 et
434 3147 467 3190 se
482 3124 579 3212 digna
593 3124 707 3210 probra
719 3125 754 3187 in
773 3124 931 3188 insontem
950 3125 1064 3203 iacere,

27 3207 230 3300 ‘hospitalem
256 3213 392 3278 hostem’
418 3209 589 3299 appellans,
615 3209 899 3310 ‘simulantemque
924 3232 1063 3298 parcere,

28 3297 92 3360 ‘cui
106 3300 186 3366 sciat
197 3323 307 3388 parem
321 3320 429 3364 senon
444 3319 520 3362 esse.
568 3295 602 3361 Si
616 3319 728 3384 parum
740 3295 875 3383 publicis
884 3296 1066 3364 loederibus

30 3383 480 3562 ‹bthtlhmlbttbt
515 3395 796 3557 lttslhttt
809 3381 1065 3557 tlhlt‘bt':

17 3559 232 3626 l‘exemitibus
246 3559 457 3636 audientibus,
472 3555 652 3622 recondam
671 3555 851 3644 hospitium.
898 3555 991 3622 Nihil
1005 3557 1065 3622 sibi

31 3645 116 3710 ‘cum
138 3671 178 3714 eo
200 3647 423 3724 consociatum,
445 3643 526 3709 nihil
546 3642 742 3708 foederamm
763 3643 846 3708 hosti
869 3665 942 3708 curn
964 3643 1065 3722 hoste,

32 3731 133 3834 ‘ouius
143 3735 277 3822 patriam
292 3756 329 3799 ac
339 3745 470 3821 penates
480 3729 624 3819 publicos
636 3730 836 3882 privatosqpe
847 3745 1065 3818 oppugnatum

723 3815 732 3846 l

32 3819 189 3888 ‘venisset
236 3819 271 3886 Si
292 3820 341 3885 vir
358 3833 448 3896 esset,
468 3816 720 3905 congrederetur.
809 3816 844 3882 in
862 3831 1066 3884 cunctantem

61 3997 217 4062 4Moyoals]
244 3997 296 4048 Hic
315 3999 384 4046 locus
404 4001 531 4059 simpectas
561 3995 615 4059 ipsc
625 3996 780 4060 &mutast-

34 4061 67 4126 μὶ
83 4057 131 4110 Iac.
146 4063 269 4112 Gronorio
285 4067 311 4110 et
327 4061 438 4122 Dukero,
454 4075 530 4124 quum
598 4057 783 4112 onerosum
802 4061 945 4125 hospitium]
975 4063 1065 4112 Declsr

33 4118 531 4192 1nh.xxvi.5‚et12.flsnnopnctectus
562 4139 615 4173 rare
627 4125 724 4174 nullum
739 4125 789 4174 iam
804 4141 857 4175 csso
872 4125 1021 4190 hospitium
1035 4127 1066 4175 ir·

34 4188 141 4240 praesidii
160 4191 248 4241 Prmici
270 4190 373 4250 dicatur,
391 4189 467 4252 Mago
489 4203 531 4236 su·
562 4187 636 4238 ritum
657 4189 736 4238 fsoere
758 4195 785 4237 et
808 4189 941 4239 rescindere
967 4189 1067 4254 hospin'i

35 4249 81 4295 lem
92 4265 154 4316 supr
168 4261 241 4319 15,ct
254 4253 290 4306 16.
303 4251 406 4304 Bruttiis
421 4267 531 4315 praeesse
563 4252 608 4302 ins.
636 4251 730 4302 Eodem
741 4254 926 4302 modootsemu
935 4253 1067 4304 diciturse-

35 4321 182 4370 memoretur.
563 4318 680 4365 anatim
695 4318 838 4376 mmor,
847 4319 992 4368 munim
1008 4319 1068 4368 ami·

66 4381 207 4446 ddcdlfflro
216 4385 320 4447 probro]
343 4383 436 4433 Probra
445 4381 533 4444 qubus
564 4382 653 4430 citiam
669 4380 751 4429 Gerr.
