<?xml version="1.0" encoding="UTF-8"?>
<!DOCTYPE html PUBLIC "-//W3C//DTD XHTML 1.0 Transitional//EN"
    "http://www.w3.org/TR/xhtml1/DTD/xhtml1-transitional.dtd">
<html xmlns="http://www.w3.org/1999/xhtml" xml:lang="en" lang="en">
 <head>
  <title>
</title>
<meta http-equiv="Content-Type" content="text/html;charset=utf-8" />
  <meta name='ocr-system' content='tesseract 3.04.00' />
  <meta name='ocr-capabilities' content='ocr_page ocr_carea ocr_par ocr_line ocrx_word'/>
</head>
<body>
  <div class='ocr_page' id='page_1' title='image "./tliviipatavinih00kreygoog_0151.png"; bbox 0 0 2966 4778; ppageno 0'>
   <div class='ocr_carea' id='block_1_1' title="bbox 350 7 1480 284">
    <p class='ocr_par' dir='ltr' id='par_1_1' title="bbox 350 7 1480 284">
     <span class='ocr_line' id='line_1_1' title="bbox 350 7 1480 284; baseline -0.003 -1"><span class='ocrx_word' id='word_1_1' title='bbox 350 222 412 283; x_wconf 87' lang='lat'><strong>140</strong></span> <span class='ocrx_word' id='word_1_2' title='bbox 738 216 851 282; x_wconf 84' lang='lat' dir='ltr'><strong>rrrr</strong></span> <span class='ocrx_word' id='word_1_3' title='bbox 881 215 1017 284; x_wconf 80' lang='lat' dir='ltr'><strong>nrvrr</strong></span> <span class='ocrx_word' id='word_1_4' title='bbox 1111 181 1117 188; x_wconf 79' lang='grc'>’</span> <span class='ocrx_word' id='word_1_5' title='bbox 1473 7 1480 280; x_wconf 95' lang='lat' dir='ltr'><strong>l</strong></span> 
     </span>
    </p>
   </div>
   <div class='ocr_carea' id='block_1_2' title="bbox 189 349 1480 3548">
    <p class='ocr_par' dir='ltr' id='par_1_2' title="bbox 190 349 1480 446">
     <span class='ocr_line' id='line_1_2' title="bbox 190 349 1480 446; baseline -0.008 -21"><span class='ocrx_word' id='word_1_6' title='bbox 190 371 225 424; x_wconf 82' lang='lat' dir='ltr'><strong>U.</strong></span> <span class='ocrx_word' id='word_1_7' title='bbox 236 374 266 424; x_wconf 89' lang='lat' dir='ltr'><strong>c.</strong></span> <span class='ocrx_word' id='word_1_8' title='bbox 284 373 338 437; x_wconf 81' lang='lat'>53⁶·</span> <span class='ocrx_word' id='word_1_9' title='bbox 347 366 438 419; x_wconf 90' lang='lat' dir='ltr'><strong>natos</strong></span> <span class='ocrx_word' id='word_1_10' title='bbox 449 354 537 431; x_wconf 86' lang='lat' dir='ltr'><strong>vidit,</strong></span> <span class='ocrx_word' id='word_1_11' title='bbox 548 353 692 418; x_wconf 88' lang='lat' dir='ltr'><strong>obsidere</strong></span> <span class='ocrx_word' id='word_1_12' title='bbox 704 353 780 418; x_wconf 90' lang='lat' dir='ltr'><strong>inde</strong></span> <span class='ocrx_word' id='word_1_13' title='bbox 790 365 885 441; x_wconf 86' lang='lat' dir='ltr'><strong>atque</strong></span> <span class='ocrx_word' id='word_1_14' title='bbox 901 375 1085 441; x_wconf 80' lang='lat' dir='ltr'><strong>oppugnare</strong></span> <span class='ocrx_word' id='word_1_15' title='bbox 1120 365 1195 416; x_wconf 84' lang='lat' dir='ltr'><strong>arat.</strong></span> <span class='ocrx_word' id='word_1_16' title='bbox 1244 349 1403 416; x_wconf 90' lang='lat' dir='ltr'><strong>Ceterum</strong></span> <span class='ocrx_word' id='word_1_17' title='bbox 1477 385 1480 446; x_wconf 59' lang='lat'>4</span> 
     </span>
    </p>

    <p class='ocr_par' dir='ltr' id='par_1_3' title="bbox 190 375 1480 787">
     <span class='ocr_line' id='line_1_3' title="bbox 190 375 1404 540; baseline -0.004 -34"><span class='ocrx_word' id='word_1_18' title='bbox 190 440 221 488; x_wconf 77' lang='lat' dir='ltr'><strong>A.</strong></span> <span class='ocrx_word' id='word_1_19' title='bbox 237 440 267 489; x_wconf 84' lang='lat'><strong>⁰·</strong></span> <span class='ocrx_word' id='word_1_20' title='bbox 283 437 338 488; x_wconf 78' lang='lat'><strong>²¹⁶·</strong></span> <span class='ocrx_word' id='word_1_21' title='bbox 347 441 519 506; x_wconf 89' lang='lat' dir='ltr'><strong>Acerranis</strong></span> <span class='ocrx_word' id='word_1_22' title='bbox 529 439 600 540; x_wconf 93' lang='lat' dir='ltr'><strong>plus</strong></span> <span class='ocrx_word' id='word_1_23' title='bbox 612 441 720 518; x_wconf 89' lang='lat' dir='ltr'><strong>animi,</strong></span> <span class='ocrx_word' id='word_1_24' title='bbox 730 462 827 528; x_wconf 88' lang='lat' dir='ltr'><strong>quarn</strong></span> <span class='ocrx_word' id='word_1_25' title='bbox 837 440 961 516; x_wconf 89' lang='lat' dir='ltr'><strong>virium,</strong></span> <span class='ocrx_word' id='word_1_26' title='bbox 974 453 1050 504; x_wconf 80' lang='lat' dir='ltr'><strong>erat.</strong></span> <span class='ocrx_word' id='word_1_27' title='bbox 1096 375 1223 525; x_wconf 79' lang='lat' dir='ltr'><strong>ltaque,</strong></span> <span class='ocrx_word' id='word_1_28' title='bbox 1233 438 1404 524; x_wconf 85' lang='lat' dir='ltr'><strong>desperata</strong></span> 
     </span>
     <span class='ocr_line' id='line_1_4' title="bbox 348 524 1480 611; baseline -0.004 -19"><span class='ocrx_word' id='word_1_29' title='bbox 348 527 447 592; x_wconf 87' lang='lat' dir='ltr'><strong>tutela</strong></span> <span class='ocrx_word' id='word_1_30' title='bbox 468 527 565 605; x_wconf 90' lang='lat' dir='ltr'><strong>urbrs,</strong></span> <span class='ocrx_word' id='word_1_31' title='bbox 581 541 617 591; x_wconf 92' lang='lat' dir='ltr'><strong>ut</strong></span> <span class='ocrx_word' id='word_1_32' title='bbox 638 526 866 592; x_wconf 87' lang='lat' dir='ltr'><strong>circumvallari</strong></span> <span class='ocrx_word' id='word_1_33' title='bbox 887 527 1014 590; x_wconf 85' lang='lat' dir='ltr'><strong>moenia</strong></span> <span class='ocrx_word' id='word_1_34' title='bbox 1035 525 1194 602; x_wconf 86' lang='lat' dir='ltr'><strong>viderunt,</strong></span> <span class='ocrx_word' id='word_1_35' title='bbox 1213 524 1403 611; x_wconf 74' lang='lat' dir='ltr'><strong>priusquam</strong></span> <span class='ocrx_word' id='word_1_36' title='bbox 1477 533 1480 608; x_wconf 69' lang='lat' dir='ltr'><strong>l</strong></span> 
     </span>
     <span class='ocr_line' id='line_1_5' title="bbox 347 611 1424 699; baseline -0.005 -21"><span class='ocrx_word' id='word_1_37' title='bbox 347 612 609 678; x_wconf 83' lang='lat' dir='ltr'><strong>continuarentur</strong></span> <span class='ocrx_word' id='word_1_38' title='bbox 629 612 768 678; x_wconf 89' lang='lat' dir='ltr'><strong>bostium</strong></span> <span class='ocrx_word' id='word_1_39' title='bbox 791 635 896 699; x_wconf 87' lang='lat' dir='ltr'><strong>opera,</strong></span> <span class='ocrx_word' id='word_1_40' title='bbox 918 635 978 699; x_wconf 89' lang='lat' dir='ltr'><strong>per</strong></span> <span class='ocrx_word' id='word_1_41' title='bbox 1000 612 1177 676; x_wconf 81' lang='lat' dir='ltr'><strong>intermissa</strong></span> <span class='ocrx_word' id='word_1_42' title='bbox 1197 611 1424 675; x_wconf 79' lang='lat' dir='ltr'><strong>munimentat</strong></span> 
     </span>
     <span class='ocr_line' id='line_1_6' title="bbox 347 673 1480 787; baseline -0.007 -24"><span class='ocrx_word' id='word_1_43' title='bbox 347 699 571 787; x_wconf 71' lang='lat' dir='ltr'><strong>neglectasque</strong></span> <span class='ocrx_word' id='word_1_44' title='bbox 586 699 745 764; x_wconf 86' lang='lat' dir='ltr'><strong>custodias</strong></span> <span class='ocrx_word' id='word_1_45' title='bbox 758 699 885 764; x_wconf 91' lang='lat' dir='ltr'><strong>silentio</strong></span> <span class='ocrx_word' id='word_1_46' title='bbox 900 699 1002 763; x_wconf 88' lang='lat' dir='ltr'><strong>noctis</strong></span> <span class='ocrx_word' id='word_1_47' title='bbox 1016 697 1140 785; x_wconf 83' lang='lat' dir='ltr'><strong>dilapsi,</strong></span> <span class='ocrx_word' id='word_1_48' title='bbox 1152 697 1286 784; x_wconf 82' lang='lat' dir='ltr'><strong>pervias</strong></span> <span class='ocrx_word' id='word_1_49' title='bbox 1302 697 1404 760; x_wconf 83' lang='lat' dir='ltr'><strong>invia-</strong></span> <span class='ocrx_word' id='word_1_50' title='bbox 1478 673 1480 754; x_wconf 90' lang='lat' dir='ltr'><strong>l</strong></span> 
     </span>
    </p>

    <p class='ocr_par' dir='ltr' id='par_1_4' title="bbox 234 783 1479 2935">
     <span class='ocr_line' id='line_1_7' title="bbox 369 783 1404 874; baseline -0.004 -24"><span class='ocrx_word' id='word_1_51' title='bbox 369 809 421 863; x_wconf 87' lang='lat' dir='ltr'><strong>ue,</strong></span> <span class='ocrx_word' id='word_1_52' title='bbox 437 809 502 874; x_wconf 88' lang='lat' dir='ltr'><strong>qua</strong></span> <span class='ocrx_word' id='word_1_53' title='bbox 523 809 683 873; x_wconf 88' lang='lat' dir='ltr'><strong>quemque</strong></span> <span class='ocrx_word' id='word_1_54' title='bbox 706 799 761 850; x_wconf 85' lang='lat' dir='ltr'><strong>aut</strong></span> <span class='ocrx_word' id='word_1_55' title='bbox 782 785 950 850; x_wconf 90' lang='lat' dir='ltr'><strong>consilium</strong></span> <span class='ocrx_word' id='word_1_56' title='bbox 970 797 1025 849; x_wconf 89' lang='lat' dir='ltr'><strong>aut</strong></span> <span class='ocrx_word' id='word_1_57' title='bbox 1047 806 1134 850; x_wconf 91' lang='lat' dir='ltr'><strong>error</strong></span> <span class='ocrx_word' id='word_1_58' title='bbox 1148 783 1232 860; x_wconf 91' lang='lat' dir='ltr'><strong>tulit,</strong></span> <span class='ocrx_word' id='word_1_59' title='bbox 1247 783 1284 846; x_wconf 92' lang='lat' dir='ltr'><strong>in</strong></span> <span class='ocrx_word' id='word_1_60' title='bbox 1308 783 1404 847; x_wconf 89' lang='lat' dir='ltr'><strong>urbes</strong></span> 
     </span>
     <span class='ocr_line' id='line_1_8' title="bbox 346 810 1403 1022; baseline -0.003 -86"><span class='ocrx_word' id='word_1_61' title='bbox 346 810 555 1022; x_wconf 59' lang='lat' dir='ltr'><strong>{llampaniaa</strong></span> <span class='ocrx_word' id='word_1_62' title='bbox 571 895 650 960; x_wconf 87' lang='lat' dir='ltr'><strong>quas</strong></span> <span class='ocrx_word' id='word_1_63' title='bbox 664 872 737 938; x_wconf 90' lang='lat' dir='ltr'><strong>satis</strong></span> <span class='ocrx_word' id='word_1_64' title='bbox 751 885 874 937; x_wconf 88' lang='lat' dir='ltr'><strong>certum</strong></span> <span class='ocrx_word' id='word_1_65' title='bbox 889 883 958 936; x_wconf 91' lang='lat' dir='ltr'><strong>erat</strong></span> <span class='ocrx_word' id='word_1_66' title='bbox 972 894 1039 936; x_wconf 92' lang='lat' dir='ltr'><strong>non</strong></span> <span class='ocrx_word' id='word_1_67' title='bbox 1053 883 1190 935; x_wconf 73' lang='lat' dir='ltr'><strong>mutaaee</strong></span> <span class='ocrx_word' id='word_1_68' title='bbox 1204 869 1318 947; x_wconf 87' lang='lat' dir='ltr'><strong>fidem,</strong></span> <span class='ocrx_word' id='word_1_69' title='bbox 1331 889 1403 956; x_wconf 87' lang='lat' dir='ltr'><strong>per-</strong></span> 
     </span>
     <span class='ocr_line' id='line_1_9' title="bbox 421 971 505 1024; baseline 0 -1"><span class='ocrx_word' id='word_1_70' title='bbox 421 971 505 1024; x_wconf 79' lang='lat' dir='ltr'><strong>runt.</strong></span> 
     </span>
     <span class='ocr_line' id='line_1_10' title="bbox 426 1041 1404 1132; baseline -0.003 -23"><span class='ocrx_word' id='word_1_71' title='bbox 426 1044 564 1122; x_wconf 78' lang='lat' dir='ltr'><strong>annibal,</strong></span> <span class='ocrx_word' id='word_1_72' title='bbox 581 1043 710 1110; x_wconf 81' lang='lat' dir='ltr'><strong>Acerris</strong></span> <span class='ocrx_word' id='word_1_73' title='bbox 727 1044 860 1130; x_wconf 81' lang='lat' dir='ltr'><strong>direptis</strong></span> <span class='ocrx_word' id='word_1_74' title='bbox 874 1057 970 1132; x_wconf 88' lang='lat' dir='ltr'><strong>atque</strong></span> <span class='ocrx_word' id='word_1_75' title='bbox 985 1043 1131 1120; x_wconf 87' lang='lat' dir='ltr'><strong>incensis,</strong></span> <span class='ocrx_word' id='word_1_76' title='bbox 1147 1065 1249 1130; x_wconf 90' lang='lat' dir='ltr'><strong>quum</strong></span> <span class='ocrx_word' id='word_1_77' title='bbox 1273 1065 1294 1108; x_wconf 90' lang='lat' dir='ltr'><strong>a</strong></span> <span class='ocrx_word' id='word_1_78' title='bbox 1311 1041 1404 1106; x_wconf 88' lang='lat' dir='ltr'><strong>Casi-</strong></span> 
     </span>
     <span class='ocr_line' id='line_1_11' title="bbox 346 1129 1404 1218; baseline -0.002 -24"><span class='ocrx_word' id='word_1_79' title='bbox 346 1130 413 1195; x_wconf 92' lang='lat' dir='ltr'><strong>lino</strong></span> <span class='ocrx_word' id='word_1_80' title='bbox 427 1131 615 1196; x_wconf 86' lang='lat' dir='ltr'><strong>dictatorem</strong></span> <span class='ocrx_word' id='word_1_81' title='bbox 635 1130 818 1196; x_wconf 86' lang='lat' dir='ltr'><strong>Romanum</strong></span> <span class='ocrx_word' id='word_1_82' title='bbox 833 1131 1038 1218; x_wconf 78' lang='lat' dir='ltr'><strong>legionesque</strong></span> <span class='ocrx_word' id='word_1_83' title='bbox 1058 1151 1157 1194; x_wconf 85' lang='lat' dir='ltr'><strong>novas</strong></span> <span class='ocrx_word' id='word_1_84' title='bbox 1178 1129 1276 1194; x_wconf 86' lang='lat' dir='ltr'><strong>aociri</strong></span> <span class='ocrx_word' id='word_1_85' title='bbox 1291 1129 1404 1192; x_wconf 87' lang='lat' dir='ltr'><strong>nunti·</strong></span> 
     </span>
     <span class='ocr_line' id='line_1_12' title="bbox 346 1214 1423 1317; baseline -0.001 -37"><span class='ocrx_word' id='word_1_86' title='bbox 346 1230 461 1295; x_wconf 88' lang='lat' dir='ltr'><strong>assent,</strong></span> <span class='ocrx_word' id='word_1_87' title='bbox 485 1240 526 1282; x_wconf 91' lang='lat' dir='ltr'><strong>ne</strong></span> <span class='ocrx_word' id='word_1_88' title='bbox 553 1218 624 1304; x_wconf 82' lang='lat' dir='ltr'><strong>quir</strong></span> <span class='ocrx_word' id='word_1_89' title='bbox 650 1229 714 1281; x_wconf 88' lang='lat' dir='ltr'><strong>tarn</strong></span> <span class='ocrx_word' id='word_1_90' title='bbox 738 1217 852 1317; x_wconf 88' lang='lat' dir='ltr'><strong>propin</strong></span> <span class='ocrx_word' id='word_1_91' title='bbox 878 1218 927 1282; x_wconf 91' lang='lat' dir='ltr'><strong>uis</strong></span> <span class='ocrx_word' id='word_1_92' title='bbox 952 1217 1092 1281; x_wconf 88' lang='lat' dir='ltr'><strong>hostium</strong></span> <span class='ocrx_word' id='word_1_93' title='bbox 1114 1216 1223 1280; x_wconf 89' lang='lat' dir='ltr'><strong>castris</strong></span> <span class='ocrx_word' id='word_1_94' title='bbox 1251 1214 1305 1280; x_wconf 90' lang='lat' dir='ltr'><strong>Ca</strong></span> <span class='ocrx_word' id='word_1_95' title='bbox 1330 1237 1423 1287; x_wconf 78' lang='lat' dir='ltr'><strong>uanro</strong></span> 
     </span>
     <span class='ocr_line' id='line_1_13' title="bbox 346 1237 1404 1390; baseline -0.002 -23"><span class='ocrx_word' id='word_1_96' title='bbox 346 1315 823 1390; x_wconf 82' lang='lat' dir='ltr'><strong>quoquerecurrat,exercrtum</strong></span> <span class='ocrx_word' id='word_1_97' title='bbox 885 1302 1062 1369; x_wconf 89' lang='lat' dir='ltr'><strong>Casilinum</strong></span> <span class='ocrx_word' id='word_1_98' title='bbox 1073 1302 1170 1367; x_wconf 81' lang='lat' dir='ltr'><strong>ducit.</strong></span> <span class='ocrx_word' id='word_1_99' title='bbox 1219 1237 1404 1366; x_wconf 75' lang='lat' dir='ltr'><strong>Casilinum</strong></span> 
     </span>
     <span class='ocr_line' id='line_1_14' title="bbox 345 1389 1404 1491; baseline -0.003 -37"><span class='ocrx_word' id='word_1_100' title='bbox 345 1412 385 1454; x_wconf 90' lang='lat' dir='ltr'><strong>eo</strong></span> <span class='ocrx_word' id='word_1_101' title='bbox 409 1403 551 1491; x_wconf 88' lang='lat' dir='ltr'><strong>tempore</strong></span> <span class='ocrx_word' id='word_1_102' title='bbox 578 1391 745 1477; x_wconf 83' lang='lat' dir='ltr'><strong>quingenti</strong></span> <span class='ocrx_word' id='word_1_103' title='bbox 769 1389 969 1454; x_wconf 84' lang='lat' dir='ltr'><strong>Praenestini</strong></span> <span class='ocrx_word' id='word_1_104' title='bbox 993 1390 1163 1466; x_wconf 86' lang='lat' dir='ltr'><strong>habebant,</strong></span> <span class='ocrx_word' id='word_1_105' title='bbox 1188 1411 1265 1452; x_wconf 90' lang='lat' dir='ltr'><strong>cum</strong></span> <span class='ocrx_word' id='word_1_106' title='bbox 1290 1389 1404 1475; x_wconf 88' lang='lat' dir='ltr'><strong>paucis</strong></span> 
     </span>
     <span class='ocr_line' id='line_1_15' title="bbox 348 1473 1403 1564; baseline -0.002 -24"><span class='ocrx_word' id='word_1_107' title='bbox 348 1475 502 1541; x_wconf 88' lang='lat' dir='ltr'><strong>Romanrs</strong></span> <span class='ocrx_word' id='word_1_108' title='bbox 517 1476 689 1564; x_wconf 86' lang='lat' dir='ltr'><strong>Latinique</strong></span> <span class='ocrx_word' id='word_1_109' title='bbox 705 1475 852 1554; x_wconf 90' lang='lat' dir='ltr'><strong>nominis,</strong></span> <span class='ocrx_word' id='word_1_110' title='bbox 869 1499 949 1564; x_wconf 89' lang='lat' dir='ltr'><strong>quos</strong></span> <span class='ocrx_word' id='word_1_111' title='bbox 963 1476 1076 1540; x_wconf 88' lang='lat' dir='ltr'><strong>eodenr</strong></span> <span class='ocrx_word' id='word_1_112' title='bbox 1092 1475 1202 1540; x_wconf 89' lang='lat' dir='ltr'><strong>audita</strong></span> <span class='ocrx_word' id='word_1_113' title='bbox 1217 1473 1403 1540; x_wconf 83' lang='lat' dir='ltr'><strong>Cannensis</strong></span> 
     </span>
     <span class='ocr_line' id='line_1_16' title="bbox 346 1560 1404 1662; baseline -0.003 -35"><span class='ocrx_word' id='word_1_114' title='bbox 346 1561 454 1627; x_wconf 86' lang='lat' dir='ltr'><strong>clades</strong></span> <span class='ocrx_word' id='word_1_115' title='bbox 474 1563 679 1662; x_wconf 76' lang='lat' dir='ltr'><strong>compulerat.</strong></span> <span class='ocrx_word' id='word_1_116' title='bbox 726 1562 782 1640; x_wconf 91' lang='lat' dir='ltr'><strong>Hi,</strong></span> <span class='ocrx_word' id='word_1_117' title='bbox 798 1584 865 1626; x_wconf 90' lang='lat' dir='ltr'><strong>non</strong></span> <span class='ocrx_word' id='word_1_118' title='bbox 886 1562 1031 1628; x_wconf 82' lang='lat' dir='ltr'><strong>confecto</strong></span> <span class='ocrx_word' id='word_1_119' title='bbox 1054 1562 1224 1626; x_wconf 78' lang='lat' dir='ltr'><strong>Praeneste</strong></span> <span class='ocrx_word' id='word_1_120' title='bbox 1248 1560 1292 1625; x_wconf 86' lang='lat' dir='ltr'><strong>ad</strong></span> <span class='ocrx_word' id='word_1_121' title='bbox 1316 1560 1404 1625; x_wconf 88' lang='lat' dir='ltr'><strong>diem</strong></span> 
     </span>
     <span class='ocr_line' id='line_1_17' title="bbox 346 1645 1403 1736; baseline 0.001 -25"><span class='ocrx_word' id='word_1_122' title='bbox 346 1646 483 1726; x_wconf 88' lang='lat' dir='ltr'><strong>delectu,</strong></span> <span class='ocrx_word' id='word_1_123' title='bbox 495 1671 595 1712; x_wconf 85' lang='lat' dir='ltr'><strong>serras</strong></span> <span class='ocrx_word' id='word_1_124' title='bbox 605 1649 738 1736; x_wconf 88' lang='lat' dir='ltr'><strong>profecti</strong></span> <span class='ocrx_word' id='word_1_125' title='bbox 748 1649 853 1726; x_wconf 91' lang='lat' dir='ltr'><strong>domo,</strong></span> <span class='ocrx_word' id='word_1_126' title='bbox 886 1671 963 1713; x_wconf 92' lang='lat' dir='ltr'><strong>uum</strong></span> <span class='ocrx_word' id='word_1_127' title='bbox 975 1648 1152 1713; x_wconf 87' lang='lat' dir='ltr'><strong>Casilinum</strong></span> <span class='ocrx_word' id='word_1_128' title='bbox 1164 1659 1237 1712; x_wconf 89' lang='lat' dir='ltr'><strong>ante</strong></span> <span class='ocrx_word' id='word_1_129' title='bbox 1248 1645 1403 1712; x_wconf 87' lang='lat' dir='ltr'><strong>adversae</strong></span> 
     </span>
     <span class='ocr_line' id='line_1_18' title="bbox 346 1671 1422 1834; baseline -0.003 -35"><span class='ocrx_word' id='word_1_130' title='bbox 346 1754 473 1834; x_wconf 86' lang='lat' dir='ltr'><strong>pugnae</strong></span> <span class='ocrx_word' id='word_1_131' title='bbox 487 1734 603 1799; x_wconf 85' lang='lat' dir='ltr'><strong>lamam</strong></span> <span class='ocrx_word' id='word_1_132' title='bbox 617 1736 787 1811; x_wconf 84' lang='lat' dir='ltr'><strong>venissent,</strong></span> <span class='ocrx_word' id='word_1_133' title='bbox 803 1747 837 1800; x_wconf 89' lang='lat' dir='ltr'><strong>et</strong></span> <span class='ocrx_word' id='word_1_134' title='bbox 852 1671 921 1800; x_wconf 73' lang='lat' dir='ltr'><strong>diis</strong></span> <span class='ocrx_word' id='word_1_135' title='bbox 935 1747 1144 1822; x_wconf 87' lang='lat' dir='ltr'><strong>aggregarent</strong></span> <span class='ocrx_word' id='word_1_136' title='bbox 1157 1756 1225 1798; x_wconf 88' lang='lat' dir='ltr'><strong>sese</strong></span> <span class='ocrx_word' id='word_1_137' title='bbox 1242 1733 1422 1798; x_wconf 86' lang='lat' dir='ltr'><strong>Romanisr</strong></span> 
     </span>
     <span class='ocr_line' id='line_1_19' title="bbox 347 1820 1402 1908; baseline -0.001 -24"><span class='ocrx_word' id='word_1_138' title='bbox 347 1820 512 1908; x_wconf 84' lang='lat' dir='ltr'><strong>soerisque,</strong></span> <span class='ocrx_word' id='word_1_139' title='bbox 523 1821 656 1908; x_wconf 89' lang='lat' dir='ltr'><strong>profecti</strong></span> <span class='ocrx_word' id='word_1_140' title='bbox 670 1845 689 1886; x_wconf 90' lang='lat' dir='ltr'><strong>a</strong></span> <span class='ocrx_word' id='word_1_141' title='bbox 706 1820 848 1886; x_wconf 90' lang='lat' dir='ltr'><strong>Casilino</strong></span> <span class='ocrx_word' id='word_1_142' title='bbox 857 1844 930 1886; x_wconf 90' lang='lat' dir='ltr'><strong>curn</strong></span> <span class='ocrx_word' id='word_1_143' title='bbox 945 1821 1020 1886; x_wconf 88' lang='lat' dir='ltr'><strong>satis</strong></span> <span class='ocrx_word' id='word_1_144' title='bbox 1034 1843 1151 1908; x_wconf 89' lang='lat' dir='ltr'><strong>magno</strong></span> <span class='ocrx_word' id='word_1_145' title='bbox 1159 1820 1288 1906; x_wconf 88' lang='lat' dir='ltr'><strong>agmine</strong></span> <span class='ocrx_word' id='word_1_146' title='bbox 1300 1820 1402 1896; x_wconf 74' lang='lat' dir='ltr'><strong>irent3</strong></span> 
     </span>
     <span class='ocr_line' id='line_1_20' title="bbox 347 1905 1405 1994; baseline -0.003 -22"><span class='ocrx_word' id='word_1_147' title='bbox 347 1907 460 1972; x_wconf 88' lang='lat' dir='ltr'><strong>avertit</strong></span> <span class='ocrx_word' id='word_1_148' title='bbox 474 1929 529 1972; x_wconf 91' lang='lat' dir='ltr'><strong>eos</strong></span> <span class='ocrx_word' id='word_1_149' title='bbox 543 1921 627 1972; x_wconf 87' lang='lat' dir='ltr'><strong>retro</strong></span> <span class='ocrx_word' id='word_1_150' title='bbox 639 1906 815 1972; x_wconf 88' lang='lat' dir='ltr'><strong>Casilinum</strong></span> <span class='ocrx_word' id='word_1_151' title='bbox 828 1909 961 1973; x_wconf 90' lang='lat' dir='ltr'><strong>nuntius</strong></span> <span class='ocrx_word' id='word_1_152' title='bbox 974 1906 1153 1972; x_wconf 87' lang='lat' dir='ltr'><strong>Cannensis</strong></span> <span class='ocrx_word' id='word_1_153' title='bbox 1165 1929 1303 1994; x_wconf 86' lang='lat' dir='ltr'><strong>pugnae.</strong></span> <span class='ocrx_word' id='word_1_154' title='bbox 1355 1905 1405 1970; x_wconf 89' lang='lat' dir='ltr'><strong>Ibi</strong></span> 
     </span>
     <span class='ocr_line' id='line_1_21' title="bbox 371 1993 1405 2094; baseline 0.001 -38"><span class='ocrx_word' id='word_1_155' title='bbox 371 2015 447 2057; x_wconf 92' lang='lat' dir='ltr'><strong>uum</strong></span> <span class='ocrx_word' id='word_1_156' title='bbox 462 1993 530 2058; x_wconf 91' lang='lat' dir='ltr'><strong>dies</strong></span> <span class='ocrx_word' id='word_1_157' title='bbox 547 1993 679 2094; x_wconf 87' lang='lat' dir='ltr'><strong>aliquot,</strong></span> <span class='ocrx_word' id='word_1_158' title='bbox 694 1994 833 2081; x_wconf 89' lang='lat' dir='ltr'><strong>suspecti</strong></span> <span class='ocrx_word' id='word_1_159' title='bbox 855 1993 1029 2082; x_wconf 86' lang='lat' dir='ltr'><strong>Campanis</strong></span> <span class='ocrx_word' id='word_1_160' title='bbox 1044 1995 1267 2094; x_wconf 84' lang='lat' dir='ltr'><strong>timentesque,</strong></span> <span class='ocrx_word' id='word_1_161' title='bbox 1284 2015 1405 2058; x_wconf 85' lang='lat' dir='ltr'><strong>caven-</strong></span> 
     </span>
     <span class='ocr_line' id='line_1_22' title="bbox 346 2017 1403 2179; baseline 0 -35"><span class='ocrx_word' id='word_1_162' title='bbox 346 2017 396 2144; x_wconf 76' lang='lat' dir='ltr'><strong>dis</strong></span> <span class='ocrx_word' id='word_1_163' title='bbox 410 2103 447 2144; x_wconf 89' lang='lat' dir='ltr'><strong>ac</strong></span> <span class='ocrx_word' id='word_1_164' title='bbox 466 2080 624 2145; x_wconf 88' lang='lat' dir='ltr'><strong>struendrs</strong></span> <span class='ocrx_word' id='word_1_165' title='bbox 645 2082 680 2145; x_wconf 93' lang='lat' dir='ltr'><strong>in</strong></span> <span class='ocrx_word' id='word_1_166' title='bbox 697 2081 799 2145; x_wconf 80' lang='lat' dir='ltr'><strong>vicem</strong></span> <span class='ocrx_word' id='word_1_167' title='bbox 819 2081 943 2145; x_wconf 91' lang='lat' dir='ltr'><strong>insidiis</strong></span> <span class='ocrx_word' id='word_1_168' title='bbox 965 2081 1187 2157; x_wconf 80' lang='lat' dir='ltr'><strong>traduxissent,</strong></span> <span class='ocrx_word' id='word_1_169' title='bbox 1203 2101 1338 2179; x_wconf 83' lang='lat' dir='ltr'><strong>tamque</strong></span> <span class='ocrx_word' id='word_1_170' title='bbox 1362 2079 1403 2144; x_wconf 91' lang='lat' dir='ltr'><strong>de</strong></span> 
     </span>
     <span class='ocr_line' id='line_1_23' title="bbox 348 2165 1404 2254; baseline -0.001 -24"><span class='ocrx_word' id='word_1_171' title='bbox 348 2166 480 2253; x_wconf 82' lang='lat' dir='ltr'><strong>Capuae</strong></span> <span class='ocrx_word' id='word_1_172' title='bbox 509 2165 687 2232; x_wconf 84' lang='lat' dir='ltr'><strong>defectione</strong></span> <span class='ocrx_word' id='word_1_173' title='bbox 716 2168 779 2253; x_wconf 85' lang='lat' dir='ltr'><strong>agi,</strong></span> <span class='ocrx_word' id='word_1_174' title='bbox 803 2168 968 2254; x_wconf 88' lang='lat' dir='ltr'><strong>accipique</strong></span> <span class='ocrx_word' id='word_1_175' title='bbox 994 2166 1210 2232; x_wconf 88' lang='lat' dir='ltr'><strong>Hannibalem</strong></span> <span class='ocrx_word' id='word_1_176' title='bbox 1238 2179 1317 2230; x_wconf 88' lang='lat' dir='ltr'><strong>satrs</strong></span> <span class='ocrx_word' id='word_1_177' title='bbox 1368 2189 1404 2230; x_wconf 84' lang='lat' dir='ltr'><strong>no</strong></span> 
     </span>
     <span class='ocr_line' id='line_1_24' title="bbox 345 2189 1424 2354; baseline -0.006 -36"><span class='ocrx_word' id='word_1_178' title='bbox 345 2267 433 2318; x_wconf 88' lang='lat' dir='ltr'><strong>certo</strong></span> <span class='ocrx_word' id='word_1_179' title='bbox 453 2252 618 2333; x_wconf 89' lang='lat' dir='ltr'><strong>haberent,</strong></span> <span class='ocrx_word' id='word_1_180' title='bbox 641 2253 814 2318; x_wconf 85' lang='lat' dir='ltr'><strong>interfectis</strong></span> <span class='ocrx_word' id='word_1_181' title='bbox 836 2267 930 2318; x_wconf 89' lang='lat' dir='ltr'><strong>nocte</strong></span> <span class='ocrx_word' id='word_1_182' title='bbox 952 2277 972 2318; x_wconf 94' lang='lat' dir='ltr'><strong>o</strong></span> <span class='ocrx_word' id='word_1_183' title='bbox 995 2253 1131 2354; x_wconf 88' lang='lat' dir='ltr'><strong>pidanis‚</strong></span> <span class='ocrx_word' id='word_1_184' title='bbox 1153 2264 1277 2340; x_wconf 82' lang='lat' dir='ltr'><strong>partem</strong></span> <span class='ocrx_word' id='word_1_185' title='bbox 1299 2189 1424 2328; x_wconf 65' lang='lat' dir='ltr'><strong>urbisr</strong></span> 
     </span>
     <span class='ocr_line' id='line_1_25' title="bbox 346 2277 1404 2426; baseline 0 -23"><span class='ocrx_word' id='word_1_186' title='bbox 346 2361 428 2426; x_wconf 91' lang='lat' dir='ltr'><strong>quae</strong></span> <span class='ocrx_word' id='word_1_187' title='bbox 448 2340 493 2404; x_wconf 89' lang='lat' dir='ltr'><strong>eis</strong></span> <span class='ocrx_word' id='word_1_188' title='bbox 508 2339 706 2404; x_wconf 90' lang='lat' dir='ltr'><strong>Vulturnum</strong></span> <span class='ocrx_word' id='word_1_189' title='bbox 722 2352 779 2418; x_wconf 88' lang='lat' dir='ltr'><strong>est,</strong></span> <span class='ocrx_word' id='word_1_190' title='bbox 795 2339 850 2416; x_wconf 83' lang='lat' dir='ltr'><strong>(eo</strong></span> <span class='ocrx_word' id='word_1_191' title='bbox 870 2339 957 2404; x_wconf 91' lang='lat' dir='ltr'><strong>enim</strong></span> <span class='ocrx_word' id='word_1_192' title='bbox 972 2277 1129 2404; x_wconf 71' lang='lat' dir='ltr'><strong>drviditur</strong></span> <span class='ocrx_word' id='word_1_193' title='bbox 1145 2336 1246 2424; x_wconf 89' lang='lat' dir='ltr'><strong>amni)</strong></span> <span class='ocrx_word' id='word_1_194' title='bbox 1261 2360 1404 2426; x_wconf 87' lang='lat' dir='ltr'><strong>occupa·</strong></span> 
     </span>
     <span class='ocr_line' id='line_1_26' title="bbox 346 2424 1479 2512; baseline 0.001 -24"><span class='ocrx_word' id='word_1_195' title='bbox 346 2447 438 2489; x_wconf 76' lang='lat' dir='ltr'><strong>verer</strong></span> <span class='ocrx_word' id='word_1_196' title='bbox 461 2425 495 2489; x_wconf 92' lang='lat' dir='ltr'><strong>id</strong></span> <span class='ocrx_word' id='word_1_197' title='bbox 519 2447 560 2489; x_wconf 90' lang='lat' dir='ltr'><strong>ue</strong></span> <span class='ocrx_word' id='word_1_198' title='bbox 582 2425 774 2512; x_wconf 87' lang='lat' dir='ltr'><strong>praesidium</strong></span> <span class='ocrx_word' id='word_1_199' title='bbox 794 2424 929 2490; x_wconf 89' lang='lat' dir='ltr'><strong>Casilini</strong></span> <span class='ocrx_word' id='word_1_200' title='bbox 950 2424 1110 2491; x_wconf 88' lang='lat' dir='ltr'><strong>habebant</strong></span> <span class='ocrx_word' id='word_1_201' title='bbox 1131 2424 1280 2490; x_wconf 86' lang='lat' dir='ltr'><strong>Romani.</strong></span> <span class='ocrx_word' id='word_1_202' title='bbox 1329 2425 1405 2490; x_wconf 90' lang='lat' dir='ltr'><strong>Ad·</strong></span> <span class='ocrx_word' id='word_1_203' title='bbox 1478 2443 1479 2446; x_wconf 74' lang='grc'>’</span> 
     </span>
     <span class='ocr_line' id='line_1_27' title="bbox 345 2511 1403 2611; baseline 0.001 -37"><span class='ocrx_word' id='word_1_204' title='bbox 345 2511 434 2575; x_wconf 90' lang='lat' dir='ltr'><strong>ditur</strong></span> <span class='ocrx_word' id='word_1_205' title='bbox 448 2523 481 2576; x_wconf 91' lang='lat' dir='ltr'><strong>et</strong></span> <span class='ocrx_word' id='word_1_206' title='bbox 531 2511 658 2576; x_wconf 80' lang='lat' dir='ltr'><strong>crusina</strong></span> <span class='ocrx_word' id='word_1_207' title='bbox 672 2512 794 2589; x_wconf 85' lang='lat' dir='ltr'><strong>cohors,</strong></span> <span class='ocrx_word' id='word_1_208' title='bbox 809 2511 954 2577; x_wconf 88' lang='lat' dir='ltr'><strong>homines</strong></span> <span class='ocrx_word' id='word_1_209' title='bbox 974 2511 1199 2599; x_wconf 88' lang='lat' dir='ltr'><strong>quadringenti</strong></span> <span class='ocrx_word' id='word_1_210' title='bbox 1221 2512 1403 2611; x_wconf 81' lang='lat' dir='ltr'><strong>sexaginta,</strong></span> 
     </span>
     <span class='ocr_line' id='line_1_28' title="bbox 234 2591 1479 2686; baseline 0.002 -27"><span class='ocrx_word' id='word_1_211' title='bbox 234 2674 238 2679; x_wconf 83' lang='lat'><em>.</em></span> <span class='ocrx_word' id='word_1_212' title='bbox 346 2596 459 2660; x_wconf 91' lang='lat' dir='ltr'><strong>eodem</strong></span> <span class='ocrx_word' id='word_1_213' title='bbox 475 2597 599 2675; x_wconf 90' lang='lat' dir='ltr'><strong>nuntio,</strong></span> <span class='ocrx_word' id='word_1_214' title='bbox 611 2621 676 2685; x_wconf 91' lang='lat' dir='ltr'><strong>quo</strong></span> <span class='ocrx_word' id='word_1_215' title='bbox 691 2597 890 2663; x_wconf 88' lang='lat' dir='ltr'><strong>Praenestini</strong></span> <span class='ocrx_word' id='word_1_216' title='bbox 904 2621 1021 2686; x_wconf 87' lang='lat' dir='ltr'><strong>paucos</strong></span> <span class='ocrx_word' id='word_1_217' title='bbox 1036 2609 1109 2664; x_wconf 89' lang='lat' dir='ltr'><strong>ante</strong></span> <span class='ocrx_word' id='word_1_218' title='bbox 1125 2597 1203 2676; x_wconf 89' lang='lat' dir='ltr'><strong>dies,</strong></span> <span class='ocrx_word' id='word_1_219' title='bbox 1218 2596 1406 2662; x_wconf 83' lang='lat' dir='ltr'><strong>Casilrnum</strong></span> <span class='ocrx_word' id='word_1_220' title='bbox 1478 2591 1479 2610; x_wconf 57' lang='lat'>¹</span> 
     </span>
     <span class='ocr_line' id='line_1_29' title="bbox 346 2683 1404 2771; baseline 0.003 -26"><span class='ocrx_word' id='word_1_221' title='bbox 346 2705 416 2746; x_wconf 85' lang='lat' dir='ltr'><strong>conr</strong></span> <span class='ocrx_word' id='word_1_222' title='bbox 441 2683 509 2747; x_wconf 89' lang='lat' dir='ltr'><strong>ulsi.</strong></span> <span class='ocrx_word' id='word_1_223' title='bbox 556 2683 683 2748; x_wconf 88' lang='lat' dir='ltr'><strong>Etsatis</strong></span> <span class='ocrx_word' id='word_1_224' title='bbox 693 2684 793 2749; x_wconf 84' lang='lat' dir='ltr'><strong>ferme</strong></span> <span class='ocrx_word' id='word_1_225' title='bbox 803 2684 1251 2771; x_wconf 84' lang='lat' dir='ltr'><strong>armatorumadtamexigus</strong></span> <span class='ocrx_word' id='word_1_226' title='bbox 1259 2686 1404 2764; x_wconf 86' lang='lat' dir='ltr'><strong>moenia,</strong></span> 
     </span>
     <span class='ocr_line' id='line_1_30' title="bbox 346 2768 1405 2857; baseline 0.004 -25"><span class='ocrx_word' id='word_1_227' title='bbox 346 2780 379 2832; x_wconf 88' lang='lat' dir='ltr'><strong>et</strong></span> <span class='ocrx_word' id='word_1_228' title='bbox 425 2768 534 2834; x_wconf 91' lang='lat' dir='ltr'><strong>umine</strong></span> <span class='ocrx_word' id='word_1_229' title='bbox 558 2769 657 2835; x_wconf 87' lang='lat' dir='ltr'><strong>altera</strong></span> <span class='ocrx_word' id='word_1_230' title='bbox 676 2783 765 2857; x_wconf 90' lang='lat' dir='ltr'><strong>parte</strong></span> <span class='ocrx_word' id='word_1_231' title='bbox 789 2772 903 2850; x_wconf 86' lang='lat' dir='ltr'><strong>cincta,</strong></span> <span class='ocrx_word' id='word_1_232' title='bbox 925 2771 1045 2836; x_wconf 88' lang='lat' dir='ltr'><strong>tuenda</strong></span> <span class='ocrx_word' id='word_1_233' title='bbox 1068 2783 1152 2836; x_wconf 85' lang='lat' dir='ltr'><strong>erat:</strong></span> <span class='ocrx_word' id='word_1_234' title='bbox 1218 2769 1313 2834; x_wconf 89' lang='lat' dir='ltr'><strong>nuria</strong></span> <span class='ocrx_word' id='word_1_235' title='bbox 1335 2771 1405 2836; x_wconf 84' lang='lat' dir='ltr'><strong>fru-</strong></span> 
     </span>
     <span class='ocr_line' id='line_1_31' title="bbox 346 2854 1322 2935; baseline 0.003 -17"><span class='ocrx_word' id='word_1_236' title='bbox 346 2854 457 2932; x_wconf 89' lang='lat' dir='ltr'><strong>menti,</strong></span> <span class='ocrx_word' id='word_1_237' title='bbox 472 2855 608 2920; x_wconf 91' lang='lat' dir='ltr'><strong>nimium</strong></span> <span class='ocrx_word' id='word_1_238' title='bbox 622 2856 719 2921; x_wconf 90' lang='lat' dir='ltr'><strong>etiam</strong></span> <span class='ocrx_word' id='word_1_239' title='bbox 734 2869 771 2922; x_wconf 90' lang='lat' dir='ltr'><strong>ut</strong></span> <span class='ocrx_word' id='word_1_240' title='bbox 785 2857 946 2923; x_wconf 83' lang='lat' dir='ltr'><strong>videretur</strong></span> <span class='ocrx_word' id='word_1_241' title='bbox 959 2857 1137 2935; x_wconf 91' lang='lat' dir='ltr'><strong>hominum,</strong></span> <span class='ocrx_word' id='word_1_242' title='bbox 1153 2879 1171 2921; x_wconf 90' lang='lat' dir='ltr'><strong>e</strong></span> <span class='ocrx_word' id='word_1_243' title='bbox 1206 2856 1322 2922; x_wconf 75' lang='lat' dir='ltr'><strong>ciebat.</strong></span> 
     </span>
    </p>

    <p class='ocr_par' dir='ltr' id='par_1_5' title="bbox 239 2929 1478 3032">
     <span class='ocr_line' id='line_1_32' title="bbox 239 2929 1478 3032; baseline 0.004 -27"><span class='ocrx_word' id='word_1_244' title='bbox 239 2954 288 3014; x_wconf 82' lang='lat'><strong>18.</strong></span> <span class='ocrx_word' id='word_1_245' title='bbox 391 2939 554 3006; x_wconf 88' lang='lat' dir='ltr'><strong>Hannibal</strong></span> <span class='ocrx_word' id='word_1_246' title='bbox 576 2965 677 3030; x_wconf 86' lang='lat' dir='ltr'><strong>quum</strong></span> <span class='ocrx_word' id='word_1_247' title='bbox 699 2943 762 3007; x_wconf 90' lang='lat' dir='ltr'><strong>iam</strong></span> <span class='ocrx_word' id='word_1_248' title='bbox 785 2942 860 3009; x_wconf 91' lang='lat' dir='ltr'><strong>inde</strong></span> <span class='ocrx_word' id='word_1_249' title='bbox 882 2945 968 3009; x_wconf 89' lang='lat' dir='ltr'><strong>haud</strong></span> <span class='ocrx_word' id='word_1_250' title='bbox 993 2943 1103 3032; x_wconf 90' lang='lat' dir='ltr'><strong>procul</strong></span> <span class='ocrx_word' id='word_1_251' title='bbox 1125 2955 1218 3020; x_wconf 76' lang='lat' dir='ltr'><strong>emet,</strong></span> <span class='ocrx_word' id='word_1_252' title='bbox 1242 2942 1405 3010; x_wconf 87' lang='lat' dir='ltr'><strong>Gaetulos</strong></span> <span class='ocrx_word' id='word_1_253' title='bbox 1477 2929 1478 2958; x_wconf 53' lang='lat'>¹</span> 
     </span>
    </p>

    <p class='ocr_par' dir='ltr' id='par_1_6' title="bbox 189 3028 1405 3130">
     <span class='ocr_line' id='line_1_33' title="bbox 189 3028 1405 3130; baseline 0.004 -39"><span class='ocrx_word' id='word_1_254' title='bbox 189 3036 325 3112; x_wconf 77' lang='lat' dir='ltr'><strong>casilipum</strong></span> <span class='ocrx_word' id='word_1_255' title='bbox 347 3048 421 3091; x_wconf 89' lang='lat' dir='ltr'><strong>eum</strong></span> <span class='ocrx_word' id='word_1_256' title='bbox 435 3028 606 3114; x_wconf 89' lang='lat' dir='ltr'><strong>praefecto,</strong></span> <span class='ocrx_word' id='word_1_257' title='bbox 622 3029 751 3094; x_wconf 88' lang='lat' dir='ltr'><strong>nomine</strong></span> <span class='ocrx_word' id='word_1_258' title='bbox 774 3028 884 3108; x_wconf 88' lang='lat' dir='ltr'><strong>Isalca,</strong></span> <span class='ocrx_word' id='word_1_259' title='bbox 900 3029 1092 3118; x_wconf 87' lang='lat' dir='ltr'><strong>praemittit:</strong></span> <span class='ocrx_word' id='word_1_260' title='bbox 1120 3053 1157 3094; x_wconf 89' lang='lat' dir='ltr'><strong>ac</strong></span> <span class='ocrx_word' id='word_1_261' title='bbox 1171 3030 1285 3130; x_wconf 91' lang='lat' dir='ltr'><strong>primo,</strong></span> <span class='ocrx_word' id='word_1_262' title='bbox 1300 3030 1332 3094; x_wconf 90' lang='lat' dir='ltr'><strong>si</strong></span> <span class='ocrx_word' id='word_1_263' title='bbox 1347 3031 1405 3096; x_wconf 86' lang='lat' dir='ltr'><strong>liat</strong></span> 
     </span>
    </p>

    <p class='ocr_par' dir='ltr' id='par_1_7' title="bbox 189 3099 1404 3214">
     <span class='ocr_line' id='line_1_34' title="bbox 189 3099 1404 3214; baseline 0.003 -38"><span class='ocrx_word' id='word_1_264' title='bbox 189 3099 316 3214; x_wconf 58' lang='lat' dir='ltr'><strong>paqmbpp</strong></span> <span class='ocrx_word' id='word_1_265' title='bbox 347 3111 498 3200; x_wconf 89' lang='lat' dir='ltr'><strong>colloquii</strong></span> <span class='ocrx_word' id='word_1_266' title='bbox 514 3115 616 3203; x_wconf 86' lang='lat' dir='ltr'><strong>copia,</strong></span> <span class='ocrx_word' id='word_1_267' title='bbox 631 3116 734 3180; x_wconf 90' lang='lat' dir='ltr'><strong>verbis</strong></span> <span class='ocrx_word' id='word_1_268' title='bbox 753 3116 826 3182; x_wconf 90' lang='lat' dir='ltr'><strong>beni</strong></span> <span class='ocrx_word' id='word_1_269' title='bbox 873 3117 900 3181; x_wconf 90' lang='lat' dir='ltr'><strong>is</strong></span> <span class='ocrx_word' id='word_1_270' title='bbox 917 3115 959 3180; x_wconf 86' lang='lat' dir='ltr'><strong>ad</strong></span> <span class='ocrx_word' id='word_1_271' title='bbox 977 3129 1084 3203; x_wconf 83' lang='lat' dir='ltr'><strong>portos</strong></span> <span class='ocrx_word' id='word_1_272' title='bbox 1098 3115 1286 3202; x_wconf 85' lang='lat' dir='ltr'><strong>aperrendas</strong></span> <span class='ocrx_word' id='word_1_273' title='bbox 1307 3138 1404 3203; x_wconf 83' lang='lat' dir='ltr'><strong>prae-</strong></span> 
     </span>
    </p>

    <p class='ocr_par' dir='ltr' id='par_1_8' title="bbox 206 3179 1423 3548">
     <span class='ocr_line' id='line_1_35' title="bbox 206 3179 1405 3289; baseline 0.004 -25"><span class='ocrx_word' id='word_1_274' title='bbox 206 3179 222 3226; x_wconf 81' lang='lat' dir='ltr'><strong>p</strong></span> <span class='ocrx_word' id='word_1_275' title='bbox 224 3180 240 3227; x_wconf 85' lang='lat' dir='ltr'><strong>p</strong></span> <span class='ocrx_word' id='word_1_276' title='bbox 257 3179 289 3228; x_wconf 48' lang='grc' dir='ltr'><strong>μ’</strong></span> <span class='ocrx_word' id='word_1_277' title='bbox 316 3201 323 3216; x_wconf 82' lang='grc'>’</span> <span class='ocrx_word' id='word_1_278' title='bbox 347 3197 528 3288; x_wconf 88' lang='lat' dir='ltr'><strong>sidiumque</strong></span> <span class='ocrx_word' id='word_1_279' title='bbox 553 3200 774 3289; x_wconf 88' lang='lat' dir='ltr'><strong>accipiendum</strong></span> <span class='ocrx_word' id='word_1_280' title='bbox 799 3224 841 3289; x_wconf 90' lang='lat' dir='ltr'><strong>pe</strong></span> <span class='ocrx_word' id='word_1_281' title='bbox 866 3202 947 3267; x_wconf 84' lang='lat' dir='ltr'><strong>&#39;cere</strong></span> <span class='ocrx_word' id='word_1_282' title='bbox 974 3203 1081 3267; x_wconf 75' lang='lat' dir='ltr'><strong>iubete</strong></span> <span class='ocrx_word' id='word_1_283' title='bbox 1111 3203 1138 3266; x_wconf 94' lang='lat' dir='ltr'><strong>si</strong></span> <span class='ocrx_word' id='word_1_284' title='bbox 1163 3202 1197 3264; x_wconf 95' lang='lat' dir='ltr'><strong>in</strong></span> <span class='ocrx_word' id='word_1_285' title='bbox 1221 3201 1405 3289; x_wconf 86' lang='lat' dir='ltr'><strong>pertinacia</strong></span> 
     </span>
     <span class='ocr_line' id='line_1_36' title="bbox 346 3288 1403 3376; baseline 0.003 -25"><span class='ocrx_word' id='word_1_286' title='bbox 346 3299 498 3373; x_wconf 83' lang='lat' dir='ltr'><strong>perstent,</strong></span> <span class='ocrx_word' id='word_1_287' title='bbox 524 3309 592 3352; x_wconf 92' lang='lat' dir='ltr'><strong>rem</strong></span> <span class='ocrx_word' id='word_1_288' title='bbox 616 3310 726 3375; x_wconf 86' lang='lat' dir='ltr'><strong>gerere</strong></span> <span class='ocrx_word' id='word_1_289' title='bbox 756 3310 793 3352; x_wconf 88' lang='lat' dir='ltr'><strong>ac</strong></span> <span class='ocrx_word' id='word_1_290' title='bbox 823 3300 955 3366; x_wconf 88' lang='lat' dir='ltr'><strong>tentare,</strong></span> <span class='ocrx_word' id='word_1_291' title='bbox 981 3289 1008 3352; x_wconf 94' lang='lat' dir='ltr'><strong>si</strong></span> <span class='ocrx_word' id='word_1_292' title='bbox 1034 3311 1099 3376; x_wconf 91' lang='lat' dir='ltr'><strong>qua</strong></span> <span class='ocrx_word' id='word_1_293' title='bbox 1126 3300 1217 3375; x_wconf 89' lang='lat' dir='ltr'><strong>parte</strong></span> <span class='ocrx_word' id='word_1_294' title='bbox 1246 3288 1403 3355; x_wconf 82' lang='lat' dir='ltr'><strong>invadere</strong></span> 
     </span>
     <span class='ocr_line' id='line_1_37' title="bbox 346 3373 1403 3462; baseline 0.005 -26"><span class='ocrx_word' id='word_1_295' title='bbox 346 3373 458 3437; x_wconf 90' lang='lat' dir='ltr'><strong>urbem</strong></span> <span class='ocrx_word' id='word_1_296' title='bbox 553 3373 588 3438; x_wconf 84' lang='lat' dir='ltr'><strong>it.</strong></span> <span class='ocrx_word' id='word_1_297' title='bbox 634 3373 701 3439; x_wconf 92' lang='lat' dir='ltr'><strong>Ubi</strong></span> <span class='ocrx_word' id='word_1_298' title='bbox 723 3374 766 3440; x_wconf 89' lang='lat' dir='ltr'><strong>ad</strong></span> <span class='ocrx_word' id='word_1_299' title='bbox 791 3375 918 3439; x_wconf 90' lang='lat' dir='ltr'><strong>moenia</strong></span> <span class='ocrx_word' id='word_1_300' title='bbox 943 3397 1111 3452; x_wconf 89' lang='lat' dir='ltr'><strong>accessere,</strong></span> <span class='ocrx_word' id='word_1_301' title='bbox 1134 3374 1210 3462; x_wconf 88' lang='lat' dir='ltr'><strong>quia</strong></span> <span class='ocrx_word' id='word_1_302' title='bbox 1234 3374 1403 3441; x_wconf 89' lang='lat' dir='ltr'><strong>silentium</strong></span> 
     </span>
     <span class='ocr_line' id='line_1_38' title="bbox 347 3458 1423 3548; baseline 0.008 -25"><span class='ocrx_word' id='word_1_303' title='bbox 347 3471 424 3537; x_wconf 86' lang='lat' dir='ltr'><strong>erat,</strong></span> <span class='ocrx_word' id='word_1_304' title='bbox 446 3458 584 3525; x_wconf 89' lang='lat' dir='ltr'><strong>soitudo</strong></span> <span class='ocrx_word' id='word_1_305' title='bbox 612 3460 695 3538; x_wconf 82' lang='lat' dir='ltr'><strong>visa3</strong></span> <span class='ocrx_word' id='word_1_306' title='bbox 727 3473 878 3548; x_wconf 89' lang='lat' dir='ltr'><strong>metuque</strong></span> <span class='ocrx_word' id='word_1_307' title='bbox 908 3483 1092 3526; x_wconf 85' lang='lat' dir='ltr'><strong>concessum</strong></span> <span class='ocrx_word' id='word_1_308' title='bbox 1120 3461 1272 3526; x_wconf 87' lang='lat' dir='ltr'><strong>barbarus</strong></span> <span class='ocrx_word' id='word_1_309' title='bbox 1302 3475 1423 3540; x_wconf 70' lang='lat' dir='ltr'><strong>ranas</strong></span> 
     </span>
    </p>
   </div>
   <div class='ocr_carea' id='block_1_3' title="bbox 348 3721 1476 4422">
    <p class='ocr_par' dir='ltr' id='par_1_9' title="bbox 348 3721 1476 4422">
     <span class='ocr_line' id='line_1_39' title="bbox 379 3721 1404 3787; baseline 0.004 -15"><span class='ocrx_word' id='word_1_310' title='bbox 379 3721 629 3782; x_wconf 75' lang='lat' dir='ltr'><strong>BOontr&#39;traareatar]</strong></span> <span class='ocrx_word' id='word_1_311' title='bbox 647 3723 809 3784; x_wconf 80' lang='lat' dir='ltr'><strong>Iungerentur</strong></span> <span class='ocrx_word' id='word_1_312' title='bbox 820 3721 855 3770; x_wconf 90' lang='lat' dir='ltr'><strong>in-</strong></span> <span class='ocrx_word' id='word_1_313' title='bbox 888 3723 1048 3781; x_wconf 79' lang='lat' dir='ltr'><strong>oere,stolr&#39;r&#39;e</strong></span> <span class='ocrx_word' id='word_1_314' title='bbox 1058 3739 1119 3784; x_wconf 70' lang='lat' dir='ltr'><strong>appr</strong></span> <span class='ocrx_word' id='word_1_315' title='bbox 1147 3722 1322 3774; x_wconf 59' lang='lat' dir='ltr'><strong>mitatem</strong></span> <span class='ocrx_word' id='word_1_316' title='bbox 1335 3727 1404 3787; x_wconf 83' lang='lat' dir='ltr'><strong>quod</strong></span> 
     </span>
     <span class='ocr_line' id='line_1_40' title="bbox 348 3785 1204 3848; baseline 0 -13"><span class='ocrx_word' id='word_1_317' title='bbox 348 3792 385 3835; x_wconf 84' lang='lat' dir='ltr'><strong>ter</strong></span> <span class='ocrx_word' id='word_1_318' title='bbox 395 3802 429 3846; x_wconf 86' lang='lat' dir='ltr'><strong>se,</strong></span> <span class='ocrx_word' id='word_1_319' title='bbox 437 3787 473 3835; x_wconf 86' lang='lat' dir='ltr'><strong>ito</strong></span> <span class='ocrx_word' id='word_1_320' title='bbox 483 3791 512 3833; x_wconf 87' lang='lat' dir='ltr'><strong>ut</strong></span> <span class='ocrx_word' id='word_1_321' title='bbox 522 3786 620 3834; x_wconf 89' lang='lat' dir='ltr'><strong>nullum</strong></span> <span class='ocrx_word' id='word_1_322' title='bbox 631 3785 679 3834; x_wconf 88' lang='lat' dir='ltr'><strong>iarn</strong></span> <span class='ocrx_word' id='word_1_323' title='bbox 691 3786 754 3834; x_wconf 86' lang='lat' dir='ltr'><strong>inter</strong></span> <span class='ocrx_word' id='word_1_324' title='bbox 762 3801 792 3835; x_wconf 90' lang='lat' dir='ltr'><strong>ea</strong></span> <span class='ocrx_word' id='word_1_325' title='bbox 801 3801 855 3848; x_wconf 84' lang='lat' dir='ltr'><strong>spa·</strong></span> <span class='ocrx_word' id='word_1_326' title='bbox 889 3801 972 3834; x_wconf 86' lang='lat' dir='ltr'><strong>verum</strong></span> <span class='ocrx_word' id='word_1_327' title='bbox 984 3791 1106 3847; x_wconf 87' lang='lat' dir='ltr'><strong>putamus.</strong></span> <span class='ocrx_word' id='word_1_328' title='bbox 1147 3800 1204 3835; x_wconf 77' lang='lat' dir='ltr'><strong>aar.</strong></span> 
     </span>
     <span class='ocr_line' id='line_1_41' title="bbox 348 3848 1402 3912; baseline 0.002 -14"><span class='ocrx_word' id='word_1_329' title='bbox 348 3848 409 3898; x_wconf 89' lang='lat' dir='ltr'><strong>tium</strong></span> <span class='ocrx_word' id='word_1_330' title='bbox 421 3849 660 3911; x_wconf 75' lang='lat' dir='ltr'><strong>pateretsdl’ugam.</strong></span> <span class='ocrx_word' id='word_1_331' title='bbox 678 3851 759 3899; x_wconf 71' lang='lat' dir='ltr'><strong>esav.</strong></span> <span class='ocrx_word' id='word_1_332' title='bbox 924 3865 937 3896; x_wconf 80' lang='lat' dir='ltr'><strong>a</strong></span> <span class='ocrx_word' id='word_1_333' title='bbox 956 3849 1132 3910; x_wconf 77' lang='lat' dir='ltr'><strong>Interfectis..</strong></span> <span class='ocrx_word' id='word_1_334' title='bbox 1146 3851 1329 3912; x_wconf 53' lang='lat' dir='ltr'><strong>..oppidania</strong></span> <span class='ocrx_word' id='word_1_335' title='bbox 1362 3853 1402 3901; x_wconf 82' lang='lat' dir='ltr'><strong>Na</strong></span> 
     </span>
     <span class='ocr_line' id='line_1_42' title="bbox 380 3911 1476 3976; baseline 0.004 -16"><span class='ocrx_word' id='word_1_336' title='bbox 380 3927 395 3975; x_wconf 84' lang='lat'>9</span> <span class='ocrx_word' id='word_1_337' title='bbox 412 3915 452 3962; x_wconf 85' lang='lat' dir='ltr'><strong>Ne</strong></span> <span class='ocrx_word' id='word_1_338' title='bbox 463 3915 517 3975; x_wconf 79' lang='lat' dir='ltr'><strong>qaia</strong></span> <span class='ocrx_word' id='word_1_339' title='bbox 529 3948 535 3962; x_wconf 94' lang='lat'>.</span> <span class='ocrx_word' id='word_1_340' title='bbox 547 3948 553 3961; x_wconf 92' lang='lat'>.</span> <span class='ocrx_word' id='word_1_341' title='bbox 566 3949 572 3961; x_wconf 91' lang='lat'>.</span> <span class='ocrx_word' id='word_1_342' title='bbox 584 3913 695 3974; x_wconf 79' lang='lat' dir='ltr'><strong>Capuam</strong></span> <span class='ocrx_word' id='word_1_343' title='bbox 711 3930 805 3976; x_wconf 74' lang='lat' dir='ltr'><strong>quoque</strong></span> <span class='ocrx_word' id='word_1_344' title='bbox 818 3930 855 3962; x_wconf 81' lang='lat' dir='ltr'><strong>re-</strong></span> <span class='ocrx_word' id='word_1_345' title='bbox 888 3911 998 3976; x_wconf 84' lang='lat' dir='ltr'><strong>intellige</strong></span> <span class='ocrx_word' id='word_1_346' title='bbox 1008 3913 1149 3961; x_wconf 79' lang='lat' dir='ltr'><strong>interlectos</strong></span> <span class='ocrx_word' id='word_1_347' title='bbox 1157 3912 1297 3974; x_wconf 87' lang='lat' dir='ltr'><strong>oppidanos</strong></span> <span class='ocrx_word' id='word_1_348' title='bbox 1307 3930 1403 3976; x_wconf 59' lang='lat' dir='ltr'><strong>omne-5</strong></span> <span class='ocrx_word' id='word_1_349' title='bbox 1475 3933 1476 3944; x_wconf 59' lang='lat'>¹</span> 
     </span>
     <span class='ocr_line' id='line_1_43' title="bbox 348 3975 1403 4038; baseline 0.003 -13"><span class='ocrx_word' id='word_1_350' title='bbox 348 3976 446 4035; x_wconf 68' lang='lat' dir='ltr'><strong>canat]</strong></span> <span class='ocrx_word' id='word_1_351' title='bbox 469 3975 607 4024; x_wconf 83' lang='lat' dir='ltr'><strong>Gronovius</strong></span> <span class='ocrx_word' id='word_1_352' title='bbox 618 3976 732 4024; x_wconf 88' lang='lat' dir='ltr'><strong>emendat</strong></span> <span class='ocrx_word' id='word_1_353' title='bbox 743 3992 774 4025; x_wconf 86' lang='lat' dir='ltr'><strong>ex</strong></span> <span class='ocrx_word' id='word_1_354' title='bbox 786 3977 856 4025; x_wconf 85' lang='lat' dir='ltr'><strong>vesti-</strong></span> <span class='ocrx_word' id='word_1_355' title='bbox 889 3978 931 4026; x_wconf 88' lang='lat' dir='ltr'><strong>sed</strong></span> <span class='ocrx_word' id='word_1_356' title='bbox 942 3993 984 4025; x_wconf 85' lang='lat' dir='ltr'><strong>cos</strong></span> <span class='ocrx_word' id='word_1_357' title='bbox 992 3976 1115 4036; x_wconf 86' lang='lat' dir='ltr'><strong>videlicet,</strong></span> <span class='ocrx_word' id='word_1_358' title='bbox 1122 3977 1163 4038; x_wconf 90' lang='lat' dir='ltr'><strong>qui</strong></span> <span class='ocrx_word' id='word_1_359' title='bbox 1173 3977 1264 4025; x_wconf 88' lang='lat' dir='ltr'><strong>Poenis</strong></span> <span class='ocrx_word' id='word_1_360' title='bbox 1273 3979 1403 4038; x_wconf 63' lang='lat' dir='ltr'><strong>favebam</strong></span> 
     </span>
     <span class='ocr_line' id='line_1_44' title="bbox 348 4039 1403 4104; baseline 0.005 -17"><span class='ocrx_word' id='word_1_361' title='bbox 348 4039 394 4104; x_wconf 84' lang='lat' dir='ltr'><strong>giis</strong></span> <span class='ocrx_word' id='word_1_362' title='bbox 404 4054 455 4089; x_wconf 88' lang='lat' dir='ltr'><strong>rrss.</strong></span> <span class='ocrx_word' id='word_1_363' title='bbox 466 4043 507 4090; x_wconf 83' lang='lat' dir='ltr'><strong>Ne</strong></span> <span class='ocrx_word' id='word_1_364' title='bbox 521 4041 581 4103; x_wconf 74' lang='lat' dir='ltr'><strong>quid</strong></span> <span class='ocrx_word' id='word_1_365' title='bbox 592 4075 598 4088; x_wconf 95' lang='lat'><strong><em>.</em></strong></span> <span class='ocrx_word' id='word_1_366' title='bbox 610 4074 617 4087; x_wconf 93' lang='lat'><strong><em>.</em></strong></span> <span class='ocrx_word' id='word_1_367' title='bbox 629 4074 635 4088; x_wconf 95' lang='lat'>.</span> <span class='ocrx_word' id='word_1_368' title='bbox 647 4039 749 4102; x_wconf 75' lang='lat' dir='ltr'><strong>Capuae</strong></span> <span class='ocrx_word' id='word_1_369' title='bbox 763 4057 856 4103; x_wconf 73' lang='lat' dir='ltr'><strong>qaoque</strong></span> <span class='ocrx_word' id='word_1_370' title='bbox 889 4055 946 4088; x_wconf 90' lang='lat' dir='ltr'><strong>cum</strong></span> <span class='ocrx_word' id='word_1_371' title='bbox 957 4040 1043 4089; x_wconf 83' lang='lat' dir='ltr'><strong>ceteris</strong></span> <span class='ocrx_word' id='word_1_372' title='bbox 1054 4040 1177 4090; x_wconf 88' lang='lat' dir='ltr'><strong>communi</strong></span> <span class='ocrx_word' id='word_1_373' title='bbox 1191 4041 1276 4089; x_wconf 88' lang='lat' dir='ltr'><strong>animo</strong></span> <span class='ocrx_word' id='word_1_374' title='bbox 1289 4043 1403 4092; x_wconf 76' lang='lat' dir='ltr'><strong>oonsilio</strong></span> 
     </span>
     <span class='ocr_line' id='line_1_45' title="bbox 348 4103 1403 4166; baseline 0.002 -13"><span class='ocrx_word' id='word_1_375' title='bbox 348 4110 493 4162; x_wconf 72' lang='lat' dir='ltr'><strong>meretur,</strong></span> <span class='ocrx_word' id='word_1_376' title='bbox 516 4104 582 4165; x_wconf 87' lang='lat' dir='ltr'><strong>quod</strong></span> <span class='ocrx_word' id='word_1_377' title='bbox 606 4103 734 4152; x_wconf 83' lang='lat' dir='ltr'><strong>Beklreras</strong></span> <span class='ocrx_word' id='word_1_378' title='bbox 755 4103 855 4166; x_wconf 86' lang='lat' dir='ltr'><strong>recepit.</strong></span> <span class='ocrx_word' id='word_1_379' title='bbox 889 4120 937 4165; x_wconf 86' lang='lat' dir='ltr'><strong>que</strong></span> <span class='ocrx_word' id='word_1_380' title='bbox 957 4105 1127 4153; x_wconf 81' lang='lat' dir='ltr'><strong>Praenestinos</strong></span> <span class='ocrx_word' id='word_1_381' title='bbox 1148 4105 1234 4153; x_wconf 85' lang='lat' dir='ltr'><strong>urbem</strong></span> <span class='ocrx_word' id='word_1_382' title='bbox 1253 4105 1403 4166; x_wconf 68' lang='lat' dir='ltr'><strong>defendim,</strong></span> 
     </span>
     <span class='ocr_line' id='line_1_46' title="bbox 352 4167 1237 4234; baseline 0.002 -18"><span class='ocrx_word' id='word_1_383' title='bbox 352 4170 440 4217; x_wconf 81' lang='lat' dir='ltr'><strong>Terror·</strong></span> <span class='ocrx_word' id='word_1_384' title='bbox 451 4169 502 4230; x_wconf 78' lang='lat' dir='ltr'><strong>flat</strong></span> <span class='ocrx_word' id='word_1_385' title='bbox 521 4183 565 4230; x_wconf 85' lang='lat' dir='ltr'><strong>pro</strong></span> <span class='ocrx_word' id='word_1_386' title='bbox 584 4175 697 4218; x_wconf 66' lang='lat' dir='ltr'><strong>wormat</strong></span> <span class='ocrx_word' id='word_1_387' title='bbox 717 4167 856 4218; x_wconf 85' lang='lat' dir='ltr'><strong>emendavit</strong></span> <span class='ocrx_word' id='word_1_388' title='bbox 888 4174 917 4216; x_wconf 88' lang='lat' dir='ltr'><strong>ut</strong></span> <span class='ocrx_word' id='word_1_389' title='bbox 927 4173 1022 4217; x_wconf 82' lang='lat' dir='ltr'><strong>eonstat</strong></span> <span class='ocrx_word' id='word_1_390' title='bbox 1032 4169 1088 4218; x_wconf 79' lang='lat' dir='ltr'><strong>intr.</strong></span> <span class='ocrx_word' id='word_1_391' title='bbox 1103 4184 1139 4234; x_wconf 85' lang='lat'><strong>¹9·</strong></span> <span class='ocrx_word' id='word_1_392' title='bbox 1156 4169 1237 4218; x_wconf 73' lang='lat' dir='ltr'><strong>Cast.</strong></span> 
     </span>
     <span class='ocr_line' id='line_1_47' title="bbox 351 4231 1402 4297; baseline 0.004 -17"><span class='ocrx_word' id='word_1_393' title='bbox 351 4231 425 4280; x_wconf 84' lang='lat' dir='ltr'><strong>Doer.</strong></span> <span class='ocrx_word' id='word_1_394' title='bbox 922 4246 937 4293; x_wconf 84' lang='lat'>3</span> <span class='ocrx_word' id='word_1_395' title='bbox 953 4235 1072 4297; x_wconf 72' lang='lat' dir='ltr'><strong>illataque</strong></span> <span class='ocrx_word' id='word_1_396' title='bbox 1082 4235 1231 4293; x_wconf 65' lang='lat' dir='ltr'><strong>ammaum]</strong></span> <span class='ocrx_word' id='word_1_397' title='bbox 1250 4249 1286 4283; x_wconf 80' lang='lat' dir='ltr'><strong>sc.</strong></span> <span class='ocrx_word' id='word_1_398' title='bbox 1295 4235 1337 4283; x_wconf 80' lang='lat' dir='ltr'><strong>Ab</strong></span> <span class='ocrx_word' id='word_1_399' title='bbox 1348 4235 1402 4284; x_wconf 79' lang='lat' dir='ltr'><strong>hue·</strong></span> 
     </span>
     <span class='ocr_line' id='line_1_48' title="bbox 385 4293 1402 4358; baseline 0.006 -15"><span class='ocrx_word' id='word_1_400' title='bbox 385 4309 394 4342; x_wconf 90' lang='lat' dir='ltr'><strong>r</strong></span> <span class='ocrx_word' id='word_1_401' title='bbox 414 4297 449 4344; x_wconf 80' lang='lat' dir='ltr'><strong>Et</strong></span> <span class='ocrx_word' id='word_1_402' title='bbox 465 4296 522 4344; x_wconf 80' lang='lat' dir='ltr'><strong>aliie</strong></span> <span class='ocrx_word' id='word_1_403' title='bbox 537 4304 699 4358; x_wconf 71' lang='lat' dir='ltr'><strong>approperant</strong></span> <span class='ocrx_word' id='word_1_404' title='bbox 715 4297 778 4356; x_wconf 80' lang='lat' dir='ltr'><strong>sese]</strong></span> <span class='ocrx_word' id='word_1_405' title='bbox 798 4297 855 4344; x_wconf 84' lang='lat' dir='ltr'><strong>Pur.</strong></span> <span class='ocrx_word' id='word_1_406' title='bbox 889 4293 962 4356; x_wconf 86' lang='lat' dir='ltr'><strong>tibus,</strong></span> <span class='ocrx_word' id='word_1_407' title='bbox 974 4297 989 4345; x_wconf 92' lang='lat' dir='ltr'><strong>i.</strong></span> <span class='ocrx_word' id='word_1_408' title='bbox 1002 4313 1022 4347; x_wconf 89' lang='lat' dir='ltr'><strong>e.</strong></span> <span class='ocrx_word' id='word_1_409' title='bbox 1037 4295 1135 4346; x_wconf 71' lang='lat' dir='ltr'><strong>cerrima</strong></span> <span class='ocrx_word' id='word_1_410' title='bbox 1146 4301 1213 4346; x_wconf 83' lang='lat' dir='ltr'><strong>metu</strong></span> <span class='ocrx_word' id='word_1_411' title='bbox 1226 4297 1319 4349; x_wconf 83' lang='lat' dir='ltr'><strong>hostes.</strong></span> <span class='ocrx_word' id='word_1_412' title='bbox 1338 4299 1402 4349; x_wconf 79' lang='lat' dir='ltr'><strong>Ras-</strong></span> 
     </span>
     <span class='ocr_line' id='line_1_49' title="bbox 350 4360 960 4422; baseline 0.002 -14"><span class='ocrx_word' id='word_1_413' title='bbox 350 4366 523 4422; x_wconf 69' lang='lat' dir='ltr'><strong>oppreparrtar.</strong></span> <span class='ocrx_word' id='word_1_414' title='bbox 555 4361 630 4409; x_wconf 91' lang='lat' dir='ltr'><strong>Unde</strong></span> <span class='ocrx_word' id='word_1_415' title='bbox 641 4360 748 4422; x_wconf 85' lang='lat' dir='ltr'><strong>proclive</strong></span> <span class='ocrx_word' id='word_1_416' title='bbox 759 4367 795 4408; x_wconf 86' lang='lat' dir='ltr'><strong>est</strong></span> <span class='ocrx_word' id='word_1_417' title='bbox 807 4360 856 4409; x_wconf 85' lang='lat' dir='ltr'><strong>effi·</strong></span> <span class='ocrx_word' id='word_1_418' title='bbox 889 4373 960 4409; x_wconf 89' lang='lat' dir='ltr'><strong>crrro.</strong></span> 
     </span>
    </p>
   </div>
   <div class='ocr_carea' id='block_1_4' title="bbox 0 0 1491 4778">
    <p class='ocr_par' dir='ltr' id='par_1_10' title="bbox 0 0 1491 4778">
     <span class='ocr_line' id='line_1_50' title="bbox 0 0 1491 4778; baseline 0 0"><span class='ocrx_word' id='word_1_419' title='bbox 0 0 1491 4778; x_wconf 95' lang='lat' dir='ltr'><strong> </strong></span> 
     </span>
    </p>
   </div>
  </div>
 </body>
</html>
