2874 4772
346 205 441 273 LIB.
466 204 594 273 XXVI.
629 207 738 273 CAP.
766 213 813 273 13.
1038 210 1100 273 '295

52 343 189 422 faceret,
202 342 318 407 mulier
339 355 469 429 repente
487 341 651 429 Campana
673 343 706 406 in
728 356 828 407 castra
846 342 942 420 venit,
963 355 1101 406 scortum
1111 360 1145 411 U.
1156 362 1187 412 c.
1203 375 1257 424 54¹·

54 443 129 494 tran
221 451 291 494 rum
313 428 427 505 unius3
450 428 633 516 indicatque
654 429 835 516 imperatori
856 428 1012 506 Romano,
1029 426 1140 492 Νιι-ΑΜ
1156 427 1185 476 0·
1202 440 1256 476 21¹·

53 515 163 580 midas
222 514 284 580 ude
299 515 473 602 composita
487 516 640 594 transisse,
652 515 820 603 literasque
832 515 873 580 ad
885 513 1100 580 Hannibalem

20 603 153 666 aferre.
198 601 359 666 Idunum
381 601 568 689 exiisqui
594 603 652 667 sibi
676 625 743 666 rem
766 603 945 689 aperuisset,
969 625 1098 688 arguere

52 712 128 753 sese
148 702 286 775 paratam
301 711 377 752 esse
423 688 600 754 Productus
614 689 716 776 primo
731 690 804 754 satis
818 702 995 754 constanter
1009 691 1100 776 igno·

52 799 129 840 rare
145 797 177 840 se
193 773 356 840 mulierem
370 774 549 840 simulabat:
571 775 734 863 paullatim
745 777 820 840 dein
835 775 996 840 convictus
1006 776 1098 852 veris,

52 884 163 948 quum
179 875 336 926 tormenta
356 862 444 948 posci
465 877 498 926 et
541 863 619 926 arari
634 862 765 940 videret,
780 862 878 926 fassus
899 862 933 927 id
954 863 999 926 ita
1020 885 1096 926 esse.

17 964 42 1013 3
54 948 252 1035 Literaeque
267 947 405 1035 prolatae
414 973 423 1026 3
448 963 480 1013 et
535 948 637 1013 ditum
655 949 751 1012 etiam
772 948 899 1024 indicio,
915 949 1002 1035 quod
1016 947 1098 1013 cela·

52 1037 164 1111 batur,
179 1049 212 1100 et
226 1035 303 1099 alios
317 1059 331 1100 s
372 1036 420 1100 cie
436 1035 665 1122 transfugarum
681 1033 838 1099 Numidas
853 1036 956 1120 vagari
978 1035 1012 1098 in
1031 1057 1098 1100 cas·

52 1123 117 1186 tris
133 1121 294 1186 Romanis.
331 1058 387 1186 lli
409 1144 503 1208 supra
523 1122 720 1209 septuaginta
734 1121 962 1208 comprehensi,
978 1133 1010 1186 et
1024 1143 1097 1186 cum

53 1209 229 1296 mnsfugis
250 1209 339 1273 novis
360 1208 489 1272 mulcati
510 1209 614 1294 virgis,
636 1208 843 1295 manibusque
861 1207 1016 1295 praecisis,
1034 1205 1098 1271 Ca·

52 1317 158 1383 puarn
178 1295 372 1383 rediguntur.
419 1293 634 1382 Conspectum
653 1309 715 1359 tam
732 1295 818 1359 triste
834 1293 1023 1381 supplicium
1036 1293 1098 1357 fre·

52 1381 109 1466 git
135 1381 254 1446 animos
281 1381 525 1468 Campanorum.
573 1381 754 1445 Concursus
778 1380 819 1445 ad
844 1381 962 1444 curiam
987 1377 1097 1467 populi
1156 1388 1205 1448 13.

52 1468 163 1532 factus
183 1469 287 1555 coegit
308 1467 437 1532 Lesium
459 1482 603 1532 senatum
625 1491 754 1532 vocare:
780 1481 813 1532 et
827 1467 1025 1555 primoribus
1041 1465 1097 1552 qui
1106 1468 1210 1520 Senatus

52 1552 203 1618 iamdiu
228 1552 360 1641 publicis
383 1555 520 1618 consiliis
545 1556 683 1632 aberant,
704 1554 865 1642 propalam
886 1533 1247 1648 minabanturfflgssssffi

52 1640 123 1705 nisi
138 1641 281 1705 venirent
302 1641 336 1704 in
358 1654 512 1718 senatum,
528 1641 610 1706 circa
626 1642 736 1706 domos
756 1663 865 1706 eorum
886 1641 985 1705 ituros
1006 1663 1049 1718 se,
1065 1654 1153 1712 ettur.

52 1729 97 1792 in
117 1727 278 1814 publicum
293 1748 403 1791 omnes
417 1727 448 1792 vi
463 1742 656 1793 extracturos
670 1750 745 1792 esse.
791 1727 823 1792 Is
843 1728 937 1792 timor
950 1727 1098 1814 frequen·

53 1829 128 1880 tem
153 1828 296 1878 senatum
322 1814 514 1900 magistratui
541 1815 693 1902 praebuit.
740 1814 790 1878 Ibi
813 1837 911 1901 quum
938 1813 1035 1879 ceteri
1057 1813 1098 1877 de
1108 1830 1176 1879 Vibii
1187 1830 1243 1880 vis

51 1900 172 2000 legatis
190 1900 353 1966 mittendis
375 1900 416 1965 ad
437 1901 639 1987 imperatores
654 1900 816 1966 Romanos
870 1912 968 1977 erent,
988 1895 1230 1964 vibiusriioratio.

52 1985 195 2064 Virrius,
211 1987 267 2074 qui
281 1987 466 2054 defectionis
481 1988 520 2052 ab
536 1988 688 2052 Romanis
710 2003 819 2052 auctor
852 2000 950 2062 uerat,
967 1987 1100 2049 interro·

298 2075 305 2090 .
505 2083 515 2112 c
648 2075 655 2088 .
812 2073 819 2086 .

53 2072 950 2262 alterutrarum?statutt
964 2093 1099 2235 tutte

55 2248 109 2312 ‘si
124 2247 285 2312 Romanos
306 2271 341 2311 m
361 2261 516 2335 potestate
538 2247 736 2323 habuissent3
759 2268 818 2310 nec
833 2244 912 2331 quid
929 2245 1005 2331 ipsis
1018 2243 1100 2332 pati·

21 2343 68 2408 4‘
80 2333 201 2399 endum
224 2334 272 2398 sit
321 2333 432 2410 Quid?
461 2335 534 2412 vos,'
566 2335 680 2421 inquit,
698 2343 787 2398 ‘eam
812 2331 1007 2396 deditionem
1032 2331 1100 2396 fore

55 2431 69 2460 ⁴
80 2421 225 2498 censetis,
238 2444 302 2508 qua
312 2420 483 2508 quondam,
496 2433 532 2485 ut
543 2420 689 2485 adversus
702 2419 858 2484 Samnites
872 2417 1026 2482 auxilium
1040 2418 1101 2482 im-

56 2517 69 2547 ‘
124 2519 285 2584 nmmos,
311 2530 369 2572 nos
395 2521 563 2594 nostraque
590 2508 696 2571 otnnia
718 2506 872 2570 Romanis
897 2504 1101 2570 dedidimus?

56 2530 151 2658 ‘lim
173 2617 191 2658 e
214 2595 365 2658 memoria
385 2595 527 2672 excessit,
543 2617 607 2696 quo
623 2607 774 2693 tempore,
790 2607 824 2656 et
844 2593 877 2656 in
915 2615 957 2657 ua
974 2591 1101 2657 fortuna

56 2690 100 2745 ‘a
122 2679 240 2766 populo
263 2680 409 2746 Romano
431 2680 662 2746 defecerimus?
683 2701 756 2756 ram,
776 2615 1044 2766 quemadmodum
1065 2677 1099 2742 in

56 2767 258 2832 ‘defectione
274 2768 474 2855 praesidium,
489 2768 576 2855 quod
590 2781 711 2856 potarat
727 2767 839 2844 emitti,
855 2789 912 2853 per
926 2766 1099 2831 cruciatum

26 2861 115 2928 5‘et
144 2853 184 2917 ad
214 2854 437 2919 contumeliam
464 2855 665 2920 necarimus?
694 2854 818 2942 quoties
846 2854 882 2916 in
909 2851 1099 2928 obsidentes,

55 2951 69 2980 ‘
79 2962 179 3026 quam
193 2940 319 3005 inimice
335 2941 539 3028 eruperimus,
554 2955 655 3006 castra
668 2939 936 3026 oppugnarimus?
975 2937 1101 3002 Hanni·

57 3025 186 3090 ‘belem
199 3027 412 3091 vocaverimus
426 3027 466 3091 ad
482 3028 705 3114 opprimendos
719 3027 794 3090 eos?
816 3024 877 3088 boc
891 3023 977 3110 quod
992 3046 1101 3088 recen·

58 3111 238 3177 ‘tissimum
253 3127 310 3191 est,
326 3111 367 3177 ad
381 3113 625 3200 oppugnandam
642 3113 777 3177 Romam
799 3111 874 3174 hine
889 3131 964 3174 eum
981 3108 1102 3172 miseri·

58 3199 177 3264 ‘musi
219 3199 292 3287 Age
308 3212 426 3276 contra,
466 3221 523 3262 uae
538 3198 585 3261 illi
598 3198 710 3262 infeste
730 3198 764 3261 in
783 3195 996 3271 noslecerint,
1011 3217 1102 3282 repe·

59 3287 161 3350 ‘riter
193 3298 230 3351 ut
253 3309 295 3351 ex
321 3308 370 3363 eo,
396 3285 452 3372 qui
500 3285 639 3372 speretis,
663 3284 811 3349 habeatis.
869 3281 978 3358 Quum
1004 3280 1102 3345 hostis

59 3371 262 3460 ‘alienigena
284 3373 319 3436 in
340 3371 434 3437 Italia
452 3384 544 3449 esset,
566 3384 599 3435 et
622 3370 783 3436 Harmibal
804 3368 911 3447 hostis,
934 3381 967 3432 et
988 3379 1103 3432 cuncta

60 3457 168 3524 ‘bello
189 3459 344 3536 arderent,
362 3457 483 3523 omissis
505 3456 660 3535 omnibus,
683 3457 796 3521 omisso
818 3457 886 3544 ipso
909 3452 1100 3530 Harmibale,

60 3546 177 3610 ‘ambo
192 3544 335 3610 consules
350 3558 382 3609 et
392 3544 458 3609 duo
472 3543 650 3610 consulares
664 3544 821 3608 exercitus
835 3542 876 3607 ad
889 3541 1033 3692 Capuam
1045 3563 1102 3628 op-

61 3631 287 3721 ‘pugnandam
300 3632 461 3697 miserunt.
496 3632 644 3698 Alterum
659 3653 779 3696 annum
793 3628 929 3695 circum
961 3627 1039 3692 latos
1052 3627 1102 3691 iu-

97 3867 112 3902 a
129 3853 260 3913 Idunum]
288 3853 371 3903 Unum
386 3867 437 3902 esse
452 3851 567 3900 accusati·
636 3853 749 3911 4Qatrtt
768 3867 809 3900 uos
885 3866 939 3899 aum
960 3850 1102 3899 Matonem

62 3931 123 3966 vum
139 3933 156 3964 a
172 3918 244 3966 verbo
254 3933 358 3981 orauere
370 3918 518 3979 pendentem
534 3917 568 3964 fa-
595 3917 653 3978 sora
662 3917 770 3975 camba
780 3916 842 3978 qua]
861 3913 1039 3963 Talemnefore
1047 3929 1102 3963 oen·

63 3981 113 4030 cile
124 3981 274 4044 intelligitur.
297 3983 412 4031 Ceterum
424 3981 514 4029 locutio
524 3981 568 4029 oli-
600 3980 657 4028 setis
666 3979 814 4029 deditionem
826 3994 899 4040 quam
915 3976 1021 4026 suadetis
1036 3993 1102 4026 nunc

63 4061 136 4109 arieto
154 4047 249 4108 aliquid
266 4061 369 4108 arpuara
388 4045 445 4093 satis
464 4044 569 4092 insolens
601 4044 661 4104 lieri,
669 4044 747 4105 qualis
758 4044 803 4090 fuit
814 4043 866 4102 illa,
875 4058 924 4104 qua
934 4043 1101 4104 quondam...

64 4115 109 4158 est.
127 4110 223 4159 aneu.
601 4108 641 4156 De
652 4108 777 4156 illaveteri
786 4109 967 4168 Campanorum
979 4105 1102 4153 deditione

99 4189 113 4236 3
130 4176 165 4222 Et
175 4175 296 4233 adduam]
317 4173 350 4222 Et
363 4171 452 4221 indicio
467 4188 496 4220 ac
513 4187 567 4221 cou-
601 4171 648 4221 vid.
668 4179 784 4230 rostaim,
803 4187 870 4233 supr.
892 4171 932 4219 vii.
955 4183 994 4231 30,
1016 4174 1041 4217 et
1063 4183 1100 4230 3¹·

64 4236 163 4286 sessioni
179 4239 211 4286 de
230 4237 306 4287 literis
327 4239 352 4286 id
368 4238 441 4286 etiam
458 4235 567 4284 additum
601 4237 680 4286 Cast.

66 4302 132 4363 quod
151 4303 230 4364 primo
248 4303 355 4351 celatum
376 4303 463 4360 fuerat,
480 4315 568 4363 nempe
634 4301 820 4362 5Nararimus]
841 4297 871 4348 ci.
883 4294 1035 4359 Suprxxiii.
1048 4305 1069 4358 7.

66 4366 128 4415 alios
138 4381 234 4430 quoque
246 4365 375 4418 Numidas.
392 4367 471 4416 Cast.
