2874 4772
340 203 404 266 286
719 196 834 264 ΤΙΤΙ
863 195 999 264 LIVII

213 383 220 396 .
255 359 266 396 .·
278 359 333 462 {pp
341 347 537 436 aequaretur.
584 333 636 400 Ex
657 334 804 434 omnibus
824 334 1003 422 legionibus
1028 333 1121 399 electi
1146 346 1221 434 sunt
1247 333 1391 407 iuvenes,

341 419 1392 607 sttftittsttasruttfflntffi

406 618 440 661 es
461 595 544 672 data,
566 595 821 696 praefixaferro,
847 594 942 694 quale
965 595 1062 660 hastis
1087 616 1126 660 ve
1140 595 1274 659 'taribus
1298 607 1410 664 inest:

342 781 376 834 e
389 682 556 834 viil⁸¹¹¹⁰l
569 680 1392 854 tttttttffiittttttttfflffi

342 869 433 921 esset
507 817 653 943 ostquaui
666 854 869 920 assuetudine
884 817 1070 942 quotidiaba
1080 855 1155 920 satis
1168 854 1339 941 intrepide
1350 854 1392 916 ri·

341 965 412 1007 sum
432 956 479 1008 est
493 943 572 1019 fieri,
588 943 623 1006 in
642 963 799 1029 campum,
815 941 872 1028 qui
891 942 1015 1008 medius
1029 941 1112 1006 inter
1130 953 1235 1006 casua
1249 963 1393 1006 murum·

341 1051 405 1116 que
420 1043 496 1106 erat,
512 1029 660 1094 adversus
678 1028 846 1094 instructos
862 1027 1099 1116 Campanorum
1117 1027 1246 1114 equites
1265 1049 1392 1115 proces·

341 1128 466 1180 serunt:
490 1129 532 1193 et,
555 1115 611 1181 ubi
631 1114 672 1180 ad
694 1115 873 1180 coniectum
895 1115 951 1180 teli
971 1130 1102 1180 ventum
1122 1127 1181 1192 est,
1201 1114 1301 1202 signo
1322 1113 1392 1179 dato

341 1201 453 1268 velites
467 1201 625 1268 desiliunt„
672 1200 831 1267 Pedestria
844 1201 919 1266 inde
937 1202 1020 1267 acies
1034 1225 1076 1267 ex
1092 1201 1242 1289 equitatu
1260 1215 1392 1289 repente

341 1289 376 1354 in
401 1288 540 1354 bostium
563 1289 687 1390 equites
711 1289 861 1354 incurrit:
892 1287 1057 1377 iaculaque
1080 1310 1154 1354 cum
1177 1288 1312 1376 impetu
1337 1287 1394 1352 alia

341 1398 437 1463 super
459 1375 521 1441 alia
543 1387 701 1441 emrttunt.
750 1375 876 1450 Quibus
896 1374 1040 1463 plurimis
1062 1375 1097 1440 in
1118 1397 1220 1461 equos
1243 1375 1392 1462 virosque

342 1463 456 1549 passim
478 1463 630 1528 coniectis
650 1462 825 1548 permultos
846 1461 1107 1528 vulneraverunt:
1131 1461 1263 1549 pavoris
1287 1475 1393 1526 tamen

341 1548 414 1635 plus
428 1571 469 1613 ex
483 1571 516 1614 re
537 1571 620 1613 nova
633 1562 729 1637 atque
744 1549 907 1650 inopinata
925 1549 1078 1614 iniectum
1093 1563 1150 1625 est,
1165 1549 1253 1613 etin
1268 1548 1393 1636 percul-

342 1656 412 1698 sum
423 1634 546 1700 hostem
558 1637 682 1722 equites
692 1636 819 1713 invecti,
833 1635 941 1723 fugam
952 1649 1150 1724 stragemque
1161 1657 1281 1700 eornm
1357 1657 1392 1698 ue

342 1721 384 1785 ad
409 1735 513 1809 portas
534 1722 686 1787 fecerunt.
732 1721 814 1787 Inde
835 1723 980 1810 equitatu
1001 1745 1047 1808 qu
1089 1745 1129 1786 ue
1151 1659 1392 1808 superior-mdc>

185 1825 290 1954 1ιὲἑίιὲζῇ
290 1825 326 1942 {¹2
343 1829 437 1959 pana
455 1831 505 1873 res
518 1807 828 1960 fuitdiInstitutum3
844 1822 881 1912 ut
894 1808 1004 1910 velites
1021 1745 1258 1960 {legionibus
1279 1825 1410 1910 ementi

341 1908 696 2135 fflitstt
723 1911 1026 2070 titiqtttffi
1047 1917 1137 2069 titt
1163 1907 1392 2069 iffi

243 2171 273 2231 5,
388 2157 499 2232 Quum
518 2156 553 2220 in
571 2155 633 2221 hoc
646 2167 731 2221 statu
745 2155 787 2220 ad
808 2154 953 2256 Capuam
973 2177 1024 2220 res
1041 2168 1155 2233 efflent,
1171 2153 1409 2224 Hannibalem

186 2251 313 2328 ammiel
342 2242 502 2308 diversum
513 2243 705 2307 Tarentinae
714 2242 794 2307 arcis
807 2242 980 2330 potiundae
992 2240 1187 2330 Capuaeque
1202 2243 1393 2308 retinendae

184 2317 329 2432 fflffl
344 2329 511 2396 trabebant
526 2351 629 2394 curae.
675 2329 764 2394 Vicit
778 2341 884 2394 tamen
903 2342 1063 2416 respectus
1078 2327 1222 2479 Capuae,
1238 2329 1280 2394 in
1301 2353 1392 2418 quam
1433 2295 1434 2357 l

344 2415 487 2482 omnium
508 2415 664 2482 sociorum
686 2415 889 2504 hostiumque
910 2437 1076 2481 conversos
1096 2416 1128 2480 ri
1150 2416 1228 2480 ebat
1250 2419 1392 2490 animos3

342 2501 535 2568 documento
560 2501 694 2580 futurae,
743 2502 975 2590 ualemcrmque
1003 2515 1154 2568 evenmm
1181 2501 1332 2570 defectio
1359 2505 1406 2568 abr
1432 2515 1433 2548 t

344 2585 497 2655 Romanis
514 2589 683 2654 habuisset.
769 2589 840 2667 tur,
855 2611 969 2676 magna
983 2603 1072 2677 parte
1085 2587 1393 2677 impedimentorum

342 2673 452 2740 relicte
474 2676 508 2738 in
531 2675 674 2754 Bruttiis,
689 2689 722 2741 et
741 2675 830 2741 omni
848 2677 988 2763 periore
1005 2689 1137 2753 mmatn
1160 2697 1236 2740 cum
1261 2677 1393 2744 delectis

385 2759 487 2826 ditum
502 2762 719 2850 equitumque,
735 2783 832 2864 quam
851 2773 975 2850 poterat
989 2762 1157 2850 aptissimis
1170 2762 1214 2827 ad
1227 2779 1392 2830 matum

366 2869 421 2914 um
444 2848 514 2926 iter,
540 2847 575 2912 in
601 2847 812 2937 Campamam
834 2849 1007 2916 contendit
1054 2848 1163 2916 Secuti
1187 2861 1308 2916 umen
1335 2865 1390 2916 ten
1431 2855 1432 2890 l

341 2934 457 3022 raptim
474 2951 605 3001 euntem
622 2949 686 3002 tres
701 2950 734 3001 ct
751 2935 881 3024 triginta
894 2936 1064 3024 elephanti.
1108 2935 1148 3000 ln
1162 2934 1247 3001 valle
1271 2937 1392 3004 ocula

380 3139 495 3199 7Fsrso,
516 3139 588 3201 prate
609 3137 686 3187 bustis
705 3139 850 3188 wlitcritru
881 3136 1025 3187 rosariorum
1046 3144 1072 3187 et
1091 3149 1274 3196 accensorum
1299 3145 1330 3187 st
1350 3153 1391 3186 nm

343 3203 418 3261 inest]
450 3201 490 3250 De
511 3201 613 3250 velitum
635 3201 788 3250 institutione
809 3201 850 3249 bie
881 3202 967 3250 velites
978 3202 1074 3265 proprie
1084 3203 1170 3252 dictos
1198 3201 1226 3251 si
1237 3205 1346 3264 quando
1356 3203 1392 3265 'qi

342 3266 430 3328 agitur.
462 3264 531 3321 Quid
542 3279 598 3328 ergo
608 3281 671 3328 opus
687 3271 724 3314 est
739 3266 849 3314 observa·
881 3265 1023 3314 turmantio
1034 3265 1063 3314 fit
1073 3267 1174 3315 velitum
1191 3265 1323 3330 prion'bus
1337 3275 1389 3316 tero

344 3344 370 3377 re
381 3329 465 3377 velites
475 3335 581 3378 armatos
594 3345 645 3379 esse
658 3329 734 3378 hastis
746 3329 849 3379 velitari·
914 3329 989 3389 ribus,
999 3335 1028 3378 ut
1038 3329 1105 3378 xxiv.
1121 3343 1158 3392 34.
1175 3329 1294 3396 intellige
1312 3331 1387 3382 rete}

343 3394 405 3443 bus?
438 3392 562 3441 Nimirum
579 3394 650 3443 besta
660 3394 767 3443 velitaris
776 3393 849 3443 sumi·
898 3393 1057 3444 usillisleris
1066 3399 1204 3442 menuae
1220 3395 1387 3445 militibus*
1429 3403 1430 3422 ¹

343 3461 384 3506 tur
399 3457 510 3506 universe
523 3472 567 3520 pro
583 3458 653 3507 basta
667 3459 769 3508 missili:
786 3473 849 3521 quae
881 3456 1386 3522 commodatnmeneilludnornemqwl

343 3521 442 3584 quidem
459 3521 485 3568 in
501 3537 546 3570 usu
561 3521 609 3570 fuit
619 3527 644 3571 et
654 3527 713 3571 ante
725 3523 849 3572 institutos
880 3528 965 3572 tamen
982 3522 1012 3571 iis
1027 3521 1125 3588 proprio
1138 3536 1211 3571 unsri
1225 3537 1282 3572 non
1298 3535 1386 3586 mm

344 3585 438 3645 velites
457 3600 522 3648 supr.
541 3586 607 3636 xxiv.
627 3599 667 3648 34,
684 3592 709 3635 et
731 3593 785 3648 post
807 3603 848 3636 ex·
879 3588 955 3636 tebet.
989 3587 1060 3636 Haec
1078 3585 1154 3636 fusius
1172 3586 1308 3650 explicata
1319 3587 1387 3635 babes

343 3650 451 3699 stinctoa
468 3651 549 3700 Cast.
880 3653 948 3714 apud
965 3651 1085 3714 lipsium,
1101 3652 1133 3700 de
1148 3651 1205 3701 stit
1224 3651 1304 3702 aem.
1323 3652 1355 3700 iri
1370 3665 1386 3698 t.

376 3717 392 3764 8
407 3716 560 3774 Imdtruum,
569 3722 599 3763 ut
610 3716 693 3765 velites
708 3715 737 3762 in
751 3714 848 3776 lspioni·
881 3715 963 3765 Gaas.

345 3780 389 3827 bus
406 3779 496 3838 meu]
528 3779 610 3828 Antea
627 3777 676 3828 iam
695 3777 721 3826 in
740 3777 849 3827 exerciti-
913 3794 929 3843 9
945 3781 1112 3829 Hannibalem
1127 3780 1264 3840 mm]
1291 3780 1350 3830 lue.
1361 3777 1386 3826 lr

344 3842 390 3890 bns
401 3841 519 3891 Romanis
535 3842 595 3892 ieris
609 3851 746 3891 armaturae
759 3843 850 3891 militer
881 3842 989 3892 diverses
999 3849 1087 3906 partes.

345 3912 421 3954 erant.
454 3905 503 3955 Sed
514 3906 574 3955 levis
584 3911 706 3956 armatura
721 3921 850 3956 commune
916 3922 926 3955 r
945 3909 1095 3958 Documento
1104 3908 1220 3967 Murus,
1233 3909 1385 3969 pssum

345 3984 434 4017 nomen
453 3971 582 4029 eutonius
601 3971 672 4032 plura
690 3977 747 4020 sunt
792 3985 851 4020 nera
882 3987 929 4034 qus
946 3972 1071 4032 mmm]
1101 3969 1244 4033 Pmpodtae
1263 3969 1292 4018 in
1312 3983 1385 4018 eren

345 4033 395 4082 sire
406 4039 495 4096 partes,
505 4039 533 4082 ut
543 4035 635 4092 rorarii,
644 4035 748 4094 accensi,
756 3987 791 4085 tid
798 4035 849 4098 qui·
883 4036 953 4097 plum
969 4052 999 4085 ac
1012 4037 1194 4092 documentum,
1204 4039 1235 4081 ut
1251 4049 1286 4082 ex
1304 4043 1384 4083 erenu

345 4099 391 4146 bus
408 4095 493 4146 Livius
509 4097 556 4147 viii.
569 4099 591 4146 8.
603 4097 660 4160 egit,
671 4104 696 4146 et
712 4100 730 4147 ii
745 4100 787 4161 qni
802 4100 850 4150 hoe
882 4114 956 4161 quem
970 4101 1151 4176 Campanorum
1166 4099 1197 4146 ab
1213 4097 1341 4146 Romulia
1353 4098 1384 4144 de

346 4163 401 4210 loco
416 4159 530 4209 dicuntur
540 4161 631 4210 velites
665 4162 744 4212 Vetus
758 4179 814 4226 ergo
824 4163 852 4214 il·
885 4165 959 4213 lectio
972 4164 1103 4223 bobum
1114 4161 1185 4212 ceteri
1200 4176 1291 4210 omnes
1308 4159 1386 4224 populi

347 4226 372 4273 la
391 4223 451 4273 levis
469 4229 592 4273 armatura
607 4224 692 4273 babuit
709 4226 852 4289 sagittarios,
884 4227 1021 4278 iudicarent
1029 4235 1084 4278 utra
1091 4227 1199 4284 mmm
1208 4225 1385 4276 Romaen-

346 4289 489 4346 iunditores,
507 4287 661 4348 iaculatores,
679 4289 721 4350 qui
740 4290 853 4339 videntur
884 4307 958 4342 nean
971 4292 1127 4352 Hannibalis,
1138 4289 1303 4353 potum
1321 4291 1366 4340 Cr.

346 4351 515 4414 comprehensi
539 4351 612 4402 luisse
633 4351 727 4414 duplici
754 4354 852 4404 nomine
