3002 4798
324 182 363 240 14
638 220 641 226 ,
709 173 821 240 ΤΙΤΙ
847 173 982 240 LIVII

160 319 196 368 U·
206 318 236 368 0·
248 329 302 380 534
323 313 435 377 inclusi
450 335 524 377 cum
537 311 725 399 coniugibus
739 333 775 376 ac
789 310 895 376 liberis
909 310 1019 376 domos
1033 331 1127 398 super
1141 333 1173 376 se
1189 311 1273 399 ipsos
1286 331 1370 375 con-

160 385 190 434 A.
207 385 236 433 ⁰·
249 383 305 431 ²¹3‘
322 412 550 476 cremaverunt,
566 411 620 463 aut
640 399 750 462 manati
769 397 891 462 nullum
910 412 984 463 ante
1000 397 1096 462 linem
1115 419 1251 485 pugnae,
1266 419 1369 484 quam

210 492 259 552 15.
322 486 501 564 morientes,
523 485 689 550 feceruut?
734 484 873 571 Captum
902 507 922 549 ο
944 484 1055 572 pidum
1077 497 1124 549 est
1145 507 1218 549 cum
1240 483 1370 571 ingenti

322 573 447 660 praeda
495 571 688 658 Quanquam
702 570 851 658 pleraque
866 573 905 635 ab
920 507 1056 636 dominis
1070 571 1111 635 de
1126 570 1281 636 industria
1294 591 1369 634 cor·

322 673 417 746 rupta
431 671 529 736 erant,
546 671 579 724 et
593 659 628 722 in
648 657 797 722 caedibus
814 659 868 721 vix
889 657 990 722 ullum
1010 657 1177 722 discrimen
1192 657 1303 721 aetatis
1316 656 1370 719 ira

324 746 451 823 fecerat,
474 757 506 810 et
528 744 643 832 captivi
665 743 802 809 militum
846 744 940 809 raeda
960 743 1101 819 fuerant3
1139 757 1246 808 tamen
1268 756 1299 808 et
1321 764 1369 806 ex

323 832 424 919 pretio
446 853 551 896 rerum
572 831 770 896 venditarum
832 831 998 917 'quantum
1067 829 1178 894 cuniae
1201 829 1368 894 redactum

323 941 390 984 esse
406 931 537 996 constat,
552 931 585 982 et
600 917 731 982 multam
750 917 918 1004 pretiosam
938 915 1027 1003 supcl
1040 915 1165 981 ectilem
1180 928 1367 1002 vestemque

324 1006 449 1070 missam
467 1004 703 1092 Carthaginem.

369 1091 490 1156 Octavo
505 1113 623 1168 mense,
635 1113 730 1176 quam
742 1101 889 1176 coeptum
900 1087 1085 1176 oppugnari,
1098 1101 1224 1176 captum
1242 1087 1368 1175 Sagun-

324 1191 402 1255 tum,
448 1177 554 1242 uidam
577 1178 744 1264 scripsere:
778 1175 853 1240 inde
878 1174 1102 1263 Carthaginem
1123 1197 1238 1240 novam
1258 1175 1293 1239 in
1314 1173 1392 1238 hi-1

325 1201 646 1330 bernailannibalem
659 1263 863 1327 concessisse:
908 1262 997 1327 uinto
1009 1261 1125 1326 deinde
1137 1283 1255 1338 mense,
1290 1283 1367 1326 uam

326 1350 365 1414 ab
385 1349 578 1438 Carthagine
598 1349 756 1450 profectus
774 1347 824 1425 sit,
840 1349 873 1412 in
885 1286 1018 1412 italiam
1037 1348 1223 1435 pervenisse.
1267 1284 1366 1423 ιδιωθ

325 1437 352 1501 si
374 1437 419 1502 ita
439 1449 522 1514 sunt,
537 1437 607 1502 fieri
628 1457 694 1500 nou
715 1435 829 1523 potuit,
848 1449 884 1499 ut
905 1434 941 1498 P.
957 1433 1134 1511 Cornelius,
1151 1434 1201 1498 Ti.
1217 1433 1367 1520 Sempro·

326 1524 398 1588 nius
419 1523 564 1588 consules
583 1522 711 1598 fuerint,
727 1521 768 1585 ad
790 1544 869 1608 quos
891 1533 923 1585 et
944 1521 1099 1608 principio
1121 1520 1366 1621 oppugnationis

325 1609 421 1696 legati
446 1609 612 1696 Saguntini
633 1609 719 1672 missi
740 1608 812 1684 sint,
828 1622 861 1672 et
881 1608 938 1693 qui
959 1607 994 1671 in
1015 1629 1072 1673 suo
1094 1619 1277 1708 magistratu
1291 1628 1365 1670 cum

327 1695 518 1774 Hannibale,
534 1695 612 1759 alter
631 1694 672 1758 ad
689 1694 839 1759 Ticinum
857 1715 992 1771 amnem,
1008 1695 1101 1758 ambo
1118 1694 1279 1779 aliquanto
1294 1705 1366 1780 post

326 1781 367 1846 ad
387 1781 547 1859 Trebiam,
565 1781 784 1868 pugnaverint.
828 1781 898 1846 Aut
917 1780 1023 1844 omnia
1039 1780 1183 1844 breviora
1203 1779 1365 1867 aliquanto
1487 1831 1488 1858 3

325 1868 424 1946 fuere,
440 1881 495 1933 aut
517 1868 694 1955 Saguntum
708 1867 863 1955 principio
879 1867 965 1943 anni,
980 1889 1044 1952 quo
1064 1866 1101 1931 P.
1117 1865 1295 1944 Cornelius,
1311 1865 1362 1930 Ti.
1375 1895 1391 1928 π
1487 1867 1488 1920 l

328 1954 533 2042 Sempronius
553 1954 696 2021 consides
716 1953 853 2031 fuerunt,
868 1976 934 2017 non
948 1975 1004 2017 coc
1028 1967 1096 2018 tum
1116 1953 1292 2040 oppugnari
1306 1965 1364 2029 est,
1487 1951 1488 2022 l

326 2040 383 2106 scd
397 2054 533 2128 captum.
573 2039 658 2106 Nam
673 2041 841 2106 excessisse
855 2061 964 2126 pugna
977 1975 1183 2104 sdTrebiam
1197 2040 1231 2103 in
1245 2061 1364 2102 anuum
1487 2029 1488 2082 l

328 2126 390 2193 Cn.
406 2128 528 2193 Servilii
557 2141 590 2192 et
620 2127 659 2192 C.
676 2127 824 2192 Flaminii
848 2149 913 2190 non
938 2139 1057 2213 potest:
1093 2127 1169 2212 quia
1193 2123 1365 2190 Flaminius
1487 2125 1488 2160 ³

327 2213 466 2279 Arimini
475 2214 672 2280 consulatum
684 2214 765 2290 iniit,
777 2225 900 2278 creatus
909 2212 1010 2276 ab¹Ti.
1024 2211 1210 2300 Sempronio
1221 2211 1362 2288 consule3

326 2301 392 2388 qui,
404 2314 476 2388 post
485 2323 626 2388 pugnam
636 2299 678 2364 ad
693 2299 842 2364 Trebiam
857 2299 898 2362 ad
912 2299 1064 2372 creandos
1075 2298 1217 2364 consules
1229 2297 1364 2364 Romam

211 2439 216 2450 .
326 2409 426 2537 qipphm
443 2387 588 2463 venisset,
604 2385 739 2450 comitiis
760 2385 906 2471 perfectis
925 2385 967 2450 ad
988 2385 1163 2450 exercitum
1182 2385 1217 2448 in
1234 2385 1365 2450 hiberna

164 2647 202 2695 cs
219 2561 298 2694 pb&
325 2484 536 2709 resugssdem
552 2558 616 2622 fere
632 2569 756 2708 teprpus
776 2569 809 2622 et
828 2557 1216 2708 legatihquilredieranta
1232 2557 1364 2709 gurtha:

231 2661 246 2694 ⁰

163 2661 312 2822 sias.
326 2656 777 2798 etiamtiam?
798 2657 1225 2818 trastulisti.
1246 2657 1364 2809 iffi

165 2789 239 2888 bani.
326 2817 603 2904 misericordiaque
624 2817 779 2882 sociorum
799 2831 1034 2904 peremptorum
1054 2817 1196 2906 indigne,
1212 2830 1245 2883 et
1263 2817 1366 2905 pudor

327 2928 392 2971 non
414 2905 470 2970 lati
495 2902 615 2981 auxilii,
637 2915 671 2967 et
691 2903 739 2967 ira
763 2903 796 2966 in
821 2902 921 2968 Carth
963 2904 1107 2981 'menses
1130 2917 1295 2993 metusque
1325 2903 1365 2968 de

326 3014 448 3056 summa
461 3012 566 3055 rerum
581 2990 675 3076 cepit,
691 2989 778 3054 velut
792 2989 819 3054 si
832 2990 927 3054 iama
964 3003 1070 3076 portas
1083 2990 1181 3056 hostis
1195 3003 1296 3067 esset3
1319 3003 1365 3067 ut,

327 3090 374 3142 tot
388 3099 452 3142 uno
470 3089 534 3140 tem
578 3098 611 3141 re
632 3075 768 3141 motibus
788 3076 886 3140 animi
906 3075 1033 3154 nubati,
1049 3077 1242 3164 trepidarent
1256 3076 1387 3164 magias

326 3185 422 3251 quam
441 3185 539 3228 consu
551 3173 648 3228 erent
695 3161 780 3226 Nam
800 3185 905 3250 neque
923 3163 1047 3228 hostem
1067 3164 1219 3230 acriorem
1238 3163 1365 3228 bellico-

363 3377 372 3410 r
392 3363 631 3424 Quidamscss'psers]
646 3361 767 3409 interbos
775 3360 829 3408 Pol.
863 3359 949 3408 hiemis
965 3359 1108 3410 renovandis
1122 3359 1204 3422 quiete
1218 3366 1243 3410 et
1257 3359 1307 3409 otio
1321 3360 1364 3408 mi-

327 3425 365 3476 iii:
373 3439 412 3488 37.
424 3431 449 3475 et
463 3424 500 3488 56.
512 3440 584 3487 quern
598 3426 687 3474 ducem
702 3424 748 3473 nisi
762 3425 830 3472 dese·
863 3423 933 3470 litum
962 3423 1101 3486 corporibus
1123 3423 1258 3488 animisque
1280 3425 1364 3472 datum

327 3490 412 3540 ruisset
440 3489 532 3550 Livius,
553 3505 602 3537 non
629 3504 659 3537 ea
685 3488 830 3546 tradidisset,
863 3492 932 3535 esset
967 3488 1041 3537 Unde
1060 3487 1182 3550 colligitur
1199 3487 1364 3538 Hannibalem

328 3569 390 3616 quae
407 3555 460 3616 ipse
476 3569 535 3601 mox
552 3552 578 3601 in
593 3552 695 3601 dubium
711 3557 789 3610 vocat,
806 3556 831 3598 et
863 3551 1008 3600 eodemlere
1018 3558 1128 3614 ternpore
1136 3551 1283 3614 Cartbagine
1293 3552 1365 3600 Noua

326 3633 430 3680 quorum
456 3617 533 3666 nodos
554 3617 647 3664 ratione
670 3629 755 3677 parum
777 3629 830 3675 pro
862 3613 1194 3677 movissaquohiconsnles,
1202 3615 1365 3666 adornatus

325 3682 402 3731 babili
412 3683 505 3729 solvere
516 3685 624 3728 concurr.
642 3679 707 3726 Rue.
862 3683 886 3726 et
904 3677 943 3727 Ti.
964 3679 1121 3742 Sempronius
1137 3680 1305 3743 magistratum
1321 3679 1365 3728 ini·

359 3761 374 3794 a
390 3747 443 3793 Aut
464 3746 602 3804 Sapurstum
620 3743 745 3804 principio
768 3743 830 3790 anni
862 3747 948 3800 emnt;
964 3742 1099 3806 Saguntum
1110 3749 1192 3792 autem
1204 3749 1304 3818 captum
1315 3759 1365 3793 esse

377 3807 489 3870 copem]
508 3805 616 3855 Omnino
632 3821 730 3854 necesse
746 3811 791 3866 est,
803 3811 831 3854 ut
863 3807 907 3854 sub
921 3805 995 3855 linem
1010 3806 1108 3856 aestatis
1122 3807 1174 3857 eius
1187 3824 1254 3866 snm,
1268 3823 1317 3871 quo
1328 3810 1364 3858 Μ.

327 3873 461 3934 Qunam
478 3884 529 3919 non
545 3869 664 3932 principio
678 3869 751 3918 buius
764 3870 831 3930 anni,
864 3869 948 3919 Livius
958 3876 983 3919 et
995 3870 1024 3921 1..
1035 3871 1155 3920 Aemilius
1170 3873 1281 3922 consules
1291 3873 1363 3922 fixere.

327 3937 370 3985 sed
391 3935 516 3998 aliquanto
534 3939 592 3982 ante
611 3934 685 3982 finem
704 3933 832 3996 asperioris
863 3935 945 3996 Atque
959 3934 994 3984 its
1007 3935 1082 3984 habet
1093 3935 1219 3998 Polybius,
1230 3951 1305 3999 aquo
1319 3938 1363 3986 hac

327 4005 428 4062 captum
438 3997 518 4047 fuerit.
545 3998 594 4046 His
604 3997 670 4046 enim
681 3998 831 4060 temporibus
862 3998 889 4046 in
906 4014 932 4048 re
949 3999 1083 4048 discessisse
1100 3999 1197 4048 Livium
1215 4000 1304 4049 mirum
1321 4007 1364 4061 est,

327 4065 438 4112 consules
453 4061 539 4112 Idibus
554 4062 650 4111 Martiis
664 4061 830 4125 magistratum
863 4063 905 4124 qui
926 4077 982 4111 eum
1001 4063 1042 4112 hic
1063 4064 1152 4126 passim
1174 4065 1225 4114 fere
1245 4065 1363 4114 exscribit.

296 4129 299 4134 ’
327 4127 427 4177 inibant
460 4126 519 4175 Vid.
535 4125 592 4174 xxii.
609 4141 628 4176 1.
641 4126 710 4174 'xxvi
725 4141 744 4175 1.
756 4125 830 4175 xxvii.
863 4128 943 4176 Casu.

329 4202 350 4252 7.
390 4191 459 4239 Iuba
484 4195 567 4238 autem
596 4204 635 4249 21,
663 4189 830 4238 Hannibalern
895 4193 1088 4252 3Trepidcreat
1098 4193 1187 4254 napis]
1203 4191 1319 4242 Omnium
1330 4192 1363 4241 in-

327 4254 438 4302 videmus
455 4253 533 4316 primo
552 4269 607 4302 vere
625 4255 761 4316 proiectum
779 4269 831 4302 esse
863 4253 922 4302 certi
945 4254 1079 4313 haererent,
1100 4255 1273 4328 potiusquam
1292 4257 1363 4306 dare

327 4333 358 4366 ex
369 4317 500 4381 Hispania,
507 4323 635 4380 postquam
643 4323 722 4368 totum
733 4325 831 4380 tempus
862 4319 956 4380 agenda
966 4318 1092 4367 consilium
1103 4320 1200 4369 inirent.
