3002 4798
400 260 494 327 LIB.
520 260 615 324 XXI.
647 259 758 326 CAP.
782 267 833 326 29.
1100 264 1141 324 25

82 392 224 494 pidique
239 394 274 458 in
289 394 375 459 vicos
389 395 505 482 pamim
519 415 593 461 suos
612 394 794 481 diffugiunt.
841 391 1013 471 Hannibal,
1029 393 1142 458 ceteris
1152 409 1186 460 U.
1197 409 1227 461 c,
1240 423 1295 474 sst-

83 479 190 566 copirs
246 501 263 544 r
282 481 385 545 otium
405 481 552 558 traiectis,
568 502 721 569 spernens
739 480 802 544 iam
820 478 961 544 Gallicos
975 480 1140 558 tumultus,
1150 475 1181 525 Α·
1197 475 1227 526 ⁰·
1240 478 1295 526 ²¹⁸·

82 577 192 630 castra
218 577 298 630 ocat.

131 650 389 738 Elephantorum
404 651 660 717 traiiciendorum
674 651 761 717 varia
774 651 906 717 consilia
918 651 1013 716 fuisse
1028 651 1138 717 credo:
1150 666 1285 729 Elephanti

83 751 177 802 certe
199 738 319 802 variata
339 739 491 802 memoria
509 751 597 802 actae
613 739 667 802 rei,
715 737 868 816 Quidam,
883 739 1082 826 congregatis
1099 731 1273 806 adquqmodo

83 825 193 910 ripam
209 823 397 910 elephantis,
414 824 552 902 tradunt,
568 824 796 888 ferocissimum
816 847 857 888 ex
876 824 914 888 iis
929 824 1086 890 irritatum
1101 825 1141 890 ab
1149 795 1251 846 ‘mi'

82 923 213 974 rectore
228 932 296 986 suo,
312 931 413 996 quum
432 910 643 996 refugientem
663 910 698 974 in
717 933 833 997 aquam
848 921 978 974 nantem
992 933 1026 975 se
1050 932 1142 975 uere-

60 1009 151 1072 7tur‚
176 996 308 1060 traxisse
393 1019 476 1082 gem,
499 1009 537 1060 ut
558 1018 720 1083 quemque
742 996 910 1060 timentem
939 995 1032 1061 altitu
1056 996 1141 1060 'nem

58 1081 279 1190 adestituerat
297 1105 316 1144 v
360 1103 424 1159 um,
443 1083 566 1168 impetu
585 1083 654 1170 ipso
673 1081 814 1146 fluminis
833 1083 868 1146 in
888 1080 1019 1146 alteram
1039 1082 1142 1168 ripam

57 1169 243 1268 ⁹rapiente.
292 1165 446 1232 Ceterum
461 1169 561 1255 magis
580 1180 714 1245 constat,
729 1168 849 1232 ratibus
868 1167 1032 1233 traiectos:
1056 1168 1089 1232 id
1105 1182 1142 1233 ut

84 1253 191 1318 tutius
205 1252 374 1318 consilium
393 1265 467 1319 ante
486 1277 555 1320 rem
571 1253 663 1331 foret,
679 1255 732 1331 ita,
745 1266 818 1334 aeta
838 1277 883 1330 re,
899 1254 940 1319 ad
954 1254 1053 1318 fidem
1067 1277 1142 1341 pno-

83 1339 162 1404 nius
177 1352 235 1404 est.
282 1339 399 1404 Ratem
418 1362 525 1417 unam,
541 1339 695 1404 ducentos
715 1339 842 1428 longam
857 1339 965 1426 pedes,
981 1341 1142 1428 quinqua·

82 1426 180 1512 ginta
199 1425 305 1503 latam,
322 1438 438 1490 aterra
457 1427 491 1489 in
509 1449 635 1490 amnem
655 1438 882 1512 porrexerunt:
907 1448 1013 1511 quam,
1029 1449 1070 1490 ne
1091 1449 1141 1492 se·
1247 1459 1250 1466 ¹

83 1511 198 1576 cunda
218 1535 303 1598 aqua
330 1511 516 1589 deferretur,
538 1511 682 1599 pluribus
710 1510 823 1577 validis
847 1511 1029 1578 retinaculis
1051 1525 1140 1598 parte

83 1597 251 1684 superiore
272 1598 359 1685 ripae
379 1597 554 1684 religatam,
574 1598 681 1685 pontis
698 1599 732 1664 in
753 1597 885 1663 modum
905 1598 1003 1664 humo
1024 1599 1142 1664 iniecta

84 1696 348 1760 constravemnt3
372 1697 409 1748 ut
428 1683 552 1749 belluae
573 1684 723 1750 audacter
739 1684 829 1749 velut
847 1707 905 1772 per
918 1684 1020 1750 solum
1035 1685 1141 1772 ingre-

85 1769 252 1835 derentur.
287 1769 401 1836 Altera
414 1770 499 1848 ratis,
515 1793 552 1836 ae
576 1771 704 1849 uelata,
721 1770 816 1858 longa
829 1770 928 1858 pedes
943 1783 1083 1848 centum,
1098 1771 1141 1836 ad

85 1855 314 1922 uaticiendum
328 1855 449 1922 flumen
464 1869 547 1943 apta,
553 1793 638 1922 huic
655 1857 804 1944 copulata
818 1870 882 1922 est:
907 1869 941 1922 et
960 1879 1061 1944 quum
1076 1856 1141 1922 ele-

110 1942 213 2020 hanti,
225 1964 283 2029 per
296 1941 440 2008 stabilem
455 1955 566 2020 ratem,
578 1955 730 2031 tanquam
741 1944 835 2020 viam,
846 1942 1141 2030 praegredientibus

84 1965 227 2106 leminis,
243 2028 315 2106 acti,
331 2029 366 2092 in
386 2029 542 2094 minorem
562 2029 751 2129 apphcatam
769 2030 951 2116 transgressi
967 2042 1059 2105 sunt3
1083 2052 1141 2094 ex·

86 2112 212 2200 templo
233 2115 388 2192 resolutis,
412 2115 528 2202 quibus
548 2114 661 2180 leviter
682 2137 808 2180 annexa
832 2128 910 2191 erat,
932 2115 1077 2192 vinculis,
1101 2115 1141 2179 ab

87 2200 239 2265 actiaariis
253 2200 375 2287 aliquot
389 2202 521 2266 navibus
539 2201 580 2266 ad
600 2200 732 2266 alteram
746 2201 847 2287 ripam
863 2200 1072 2287 pertrahitur:
1097 2199 1142 2264 ita

87 2285 202 2373 primis
217 2287 377 2387 expositis,
394 2286 447 2351 alii
461 2286 577 2352 deinde
593 2287 720 2373 repetiti
735 2309 771 2351 ac
787 2285 910 2351 traiecti
925 2297 1008 2350 sunt.
1048 2284 1141 2349 Nihil

87 2394 168 2438 sane
188 2372 399 2460 treprdabant,
415 2373 518 2438 donec
539 2372 718 2438 continenti
739 2372 828 2437 velut
849 2384 946 2458 ponte
961 2383 1139 2472 agerentur.

65 2457 220 2524 ¹Primus
239 2471 306 2524 erat
366 2481 432 2536 vor,
448 2482 558 2545 quum,
574 2459 677 2524 soluta
696 2459 736 2523 ab
756 2459 869 2523 ceteris
888 2471 965 2536 rate,
986 2480 1020 2520 m
1040 2457 1141 2523 altum

87 2557 295 2631 raperentur:
319 2482 374 2622 ihi,
393 2559 542 2632 urgentes
560 2545 644 2610 inter
663 2567 706 2622 se,
723 2545 910 2609 cedentibus
928 2544 1081 2610 extremis
1100 2544 1141 2608 ab

88 2653 185 2716 aqua,
209 2631 429 2718 trepidationis
453 2630 653 2717 aliquantum
678 2630 834 2707 edebant3
869 2630 973 2695 donec
998 2630 1141 2717 quietem

87 2717 160 2803 ipse
182 2715 278 2782 timor
299 2716 633 2803 circumspectantibus
655 2739 769 2802 aquam
791 2715 924 2780 fecisset
982 2715 1140 2780 Excidere

88 2801 189 2866 etiam
212 2802 387 2866 saevientes
415 2802 547 2889 quidam
576 2802 610 2866 in
635 2801 773 2866 flumen:
812 2801 878 2878 sed,
904 2802 1046 2887 pondere
1071 2801 1083 2864 i
1121 2823 1141 2878 o

87 2886 228 2965 stabiles,
251 2885 382 2953 deiectis
403 2888 586 2964 rectoribus,
609 2887 799 2974 quaerendis
822 2887 1019 2974 pedetentim
1041 2910 1061 2950 v
1105 2887 1140 2962 's,

90 2973 127 3037 in
142 2985 258 3038 terram
273 2995 409 3040 evasere.

136 3057 227 3122 Dum
247 3057 407 3146 elephanti
428 3059 636 3136 traiiciuntur,
652 3059 779 3124 interim
798 3057 962 3124 Hannibal
982 3056 1141 3122 Numidas
1202 3069 1254 3130 29.

91 3145 219 3230 equites
233 3145 423 3232 quingentos
443 3145 484 3210 ad
499 3158 600 3209 castra
622 3144 769 3210 Romana
783 3144 911 3208 miserat
932 3143 1139 3230 speculatum,

91 3230 160 3306 ubi,
177 3241 210 3294 et
224 3243 359 3316 quantae
375 3231 485 3318 copiae
500 3241 614 3306 essent,
626 3243 660 3296 et
675 3230 754 3317 quid
791 3242 923 3294 ararent
970 3229 1058 3293 Huic
1073 3229 1140 3294 alae
1150 3245 1271 3306 squestro

91 3314 241 3402 equitum
262 3316 357 3396 missi,
374 3330 410 3382 ut
431 3329 505 3382 ante
527 3317 650 3380 dictum
671 3328 729 3392 est,
745 3253 791 3378 ad
808 3315 888 3378 ostio
904 3313 1056 3379 Rhodani
1078 3310 1270 3384 tre-l’melium

92 3401 180 3466 canti
201 3400 420 3468 Romanorum
439 3403 564 3489 equites
584 3413 762 3466 occurrtmt.
808 3397 972 3464 Proelium
994 3400 1139 3477 atrocius,
1149 3373 1294 3500 ffiffigo

91 3509 190 3574 quam
201 3509 260 3574 pro
269 3511 403 3553 numero
414 3488 635 3588 pugnantium,
648 3486 763 3552 editur.
809 3484 895 3549 Nam
906 3496 1032 3571 praeter
1042 3483 1143 3549 multa
1150 3503 1176 3547 a
1187 3500 1262 3549 Rom.

91 3571 233 3650 vulnera,
249 3574 363 3640 caedes
380 3588 477 3640 etiam
491 3597 590 3661 prope
605 3595 664 3673 par
678 3573 774 3637 utrim
798 3594 839 3636 ue
853 3571 931 3636 fuit:
955 3569 1093 3670 fugaque
1109 3582 1143 3636 et
1151 3577 1206 3626 30⁰·

91 3681 190 3746 pavor
205 3658 420 3724 Numidarum
432 3660 596 3737 Romanis,
606 3681 670 3724 ram
685 3658 759 3725 adm
803 3680 858 3722 um
869 3657 967 3735 fessis,
978 3657 1143 3722 notoriam

127 3881 140 3942 7
160 3869 194 3918 Ut
216 3885 335 3932 quamque
358 3871 493 3929 timentur]
524 3870 602 3918 Prout
634 3873 709 3926 ratur,
718 3866 867 3930 probabilius
878 3873 924 3924 est,
932 3867 1069 3916 halaestut
1077 3865 1143 3916 credi

91 3945 194 3994 qmsque
211 3933 400 3994 elephantorum
414 3933 505 3981 timens
518 3932 601 3981 altitu·
634 3931 730 3980 facilius
741 3937 829 3993 posset
847 3931 929 3980 Canu.

91 3995 175 4044 dinem
193 4010 282 4057 aquae,
297 4011 314 4050 a
334 3997 395 4046 vado
415 3995 599 4046 destituebatur.
668 4009 678 4043 ι
696 3997 782 4044 Muta
799 3996 830 4043 ab
847 3995 933 4044 werris
952 3994 1019 4052 rata]
1041 3993 1093 4042 Aut
1111 3995 1142 4042 ab

91 4059 176 4108 esav.
633 4061 719 4108 aetem
733 4057 834 4117 ratibus,
845 4071 948 4119 quamm
963 4057 1046 4118 pluras
1060 4055 1143 4116 brine,

123 4122 262 4172 annuam
283 4125 409 4184 habetor]
433 4123 487 4172 Pol.
507 4121 541 4174 iii.
561 4119 601 4184 46.
633 4137 709 4183 quum
724 4121 788 4169 inter
801 4137 836 4176 se.
853 4127 906 4168 tum
921 4121 952 4168 ad
967 4119 1046 4181 ripam
1062 4118 1143 4167 valida

90 4185 157 4234 hanc
168 4187 246 4234 solam
257 4187 426 4236 traiectionem
437 4191 527 4236 narrat
633 4185 755 4248 religatas,
767 4184 842 4232 tradit
858 4184 945 4246 Polyb.
961 4183 995 4231 iii.
1007 4181 1046 4241 46.
1057 4187 1101 4230 aut
1111 4183 1143 4230 ab

123 4250 190 4311 old
205 4257 234 4298 ut
251 4251 343 4309 habu]
372 4251 403 4300 Id
421 4257 458 4310 ut,
473 4255 532 4298 ente
550 4263 603 4298 rem
636 4247 869 4310 cambelephantis
883 4247 969 4296 avulsi.
986 4246 1067 4295 cmv.
1102 4245 1143 4293 In-

90 4317 184 4370 acum,
199 4313 277 4362 tutius
294 4312 370 4362 videri
386 4313 514 4363 consilium
532 4315 603 4362 debe
636 4311 830 4376 terpnnctionem
839 4315 894 4374 post
900 4317 954 4362 rate
961 4309 1028 4358 tollit
1035 4308 1143 4358 Belrlter.

92 4377 144 4436 bat,
158 4375 194 4426 ita
209 4392 285 4438 nunc,
297 4391 374 4440 quum
389 4383 447 4428 aeta
460 4392 499 4426 res
511 4391 604 4427 memo·
