2878 4772
332 234 429 303 LIB.
454 235 586 304 XXIX.
620 236 733 306 CAP.
755 245 787 304 4.
1028 241 1093 306 463

44 371 201 438 ⁴lotiones
222 385 256 438 et
277 371 475 440 obsidionem
497 373 598 440 Carth
651 376 702 440 nia
720 376 818 441 visuri
839 376 953 454 forent,
973 387 1181 463 nequa-tm.
1198 397 1255 450 547·

48 467 163 612 ‘qqam
186 460 256 548 pari
281 460 322 525 ad
344 461 497 550 patienda
522 485 561 527 ea
585 397 663 528 rubo

663 485 708 540 re,
730 485 768 528 ac
792 461 932 527 Romani
951 454 1136 528 fuissentl·
1151 453 1183 504 ⁰·
1198 465 1254 515 ²⁰⁵*

48 553 58 584 ‘
110 546 136 612 ia
163 545 343 612 Romanam
368 547 506 635 plebem,
533 547 595 613 illia
620 549 752 616 Latium
778 550 977 615 iuventutem
1005 571 1098 637 prae·

48 639 59 672 ‘
68 633 192 710 buisse3
215 634 367 700 maiorem
382 657 508 723 semper
521 635 835 723 frequentioremque
852 658 913 724 pro
931 648 980 700 tot
999 636 1097 700 caesis

48 719 259 785 ‘exercitibus
283 721 545 792 auboleacentem.
601 721 699 789 Suam
724 719 851 810 plebem
876 721 1040 788 imbellem
1058 722 1096 786 in

48 812 59 844 ‘
70 807 157 883 urbe,
173 805 333 872 imbellem
355 807 390 872 in
412 808 494 896 agria
515 831 602 874 ease:
626 809 773 874 mercede
795 809 898 896 parari
918 807 1037 874 auxilia
1055 830 1097 872 ex

48 899 59 930 ‘
70 893 167 970 Afris,
182 905 279 980 gente
300 893 343 957 ad
365 916 493 960 omnem
516 917 624 960 auram
703 896 714 959 i
736 894 847 960 mobili
868 906 965 981 atque
988 893 1096 958 infido.

47 978 139 1044 ‘Iam
169 1001 270 1067 reges,
303 979 327 1044 S
371 980 483 1046 hacem
513 993 586 1068 poet
616 1004 654 1046 co
720 981 811 1046 nium
841 1003 915 1046 cum
948 979 1097 1079 Scipione

48 1073 59 1104 ‘
71 1065 262 1142 alienatum3
294 1001 497 1132 dalmatam
521 1079 632 1169 aperta
656 1066 697 1132 de
710 1068 834 1133 ectione
859 1065 1098 1131 infestisnmum

49 1152 214 1218 ‘hostemz
237 1152 320 1216 nihil
333 1174 468 1240 usquam
486 1153 662 1241 ape1,nibil
680 1154 791 1218 auxilii
813 1175 889 1218 ease.
937 1151 1009 1217 Nec
1024 1150 1099 1217 Ma·

48 1247 187 1326 ‘gonem
202 1261 243 1304 ex
260 1237 367 1303 Gallia
381 1262 508 1305 movere
523 1239 679 1306 tumultus
693 1241 875 1328 quicquam,
887 1262 949 1304 nec
964 1237 1099 1304 coniun-

47 1333 145 1412 ‘gere
165 1347 232 1390 aeae
248 1324 444 1390 Hannibali:
467 1338 502 1392 et
517 1325 733 1392 Hannibalem
754 1328 765 1391 i
789 1349 860 1392 aum
879 1327 942 1392 iam
964 1337 997 1391 ct
1016 1325 1100 1390 fama

49 1420 243 1488 ‘senescet-e,
259 1423 293 1476 et
306 1412 446 1476 viribua'
489 1411 529 1478 In
549 1414 628 1479 haec
647 1413 753 1479 dellen
777 1413 975 1502 aprolapcoa
995 1412 1035 1477 ab
1048 1433 1100 1477 re·
1166 1410 1197 1469 4·

48 1499 135 1564 centi
149 1499 264 1564 nuntio
278 1499 400 1563 animoa
414 1505 522 1564 ruiana
537 1513 637 1565 terror
656 1501 777 1566 instans
794 1499 952 1566 revocavit
965 1498 1008 1564 ad
1023 1521 1100 1563 con·

48 1584 242 1661 sultaudum,
265 1606 405 1672 quonam
432 1586 529 1652 modo
555 1587 681 1652 obviam
706 1588 925 1675 praesentibus
949 1584 1099 1688 periculis

49 1671 157 1737 iretur.
202 1670 357 1738 Delectua
380 1673 495 1761 raptim
519 1673 554 1737 in
577 1673 656 1738 urbe
679 1674 825 1762 agrisque
849 1673 959 1738 haben
985 1671 1098 1760 placet,
1107 1686 1258 1748 apparatus.

48 1759 176 1824 mittere
201 1757 244 1823 ad
267 1758 477 1824 conducenda
499 1759 651 1825 Afrorum
677 1761 805 1838 auxilia,
826 1760 952 1824 munire
976 1758 1098 1836 urbem,

49 1845 245 1910 frumentum
267 1845 455 1924 convehere,
478 1845 550 1923 tela,
573 1867 661 1910 arma
680 1869 803 1933 parare,
825 1846 980 1910 instruere
1003 1865 1100 1908 naves

49 1953 89 1997 ac
103 1931 228 1996 mittere
243 1931 286 1996 ad
297 1931 485 2020 Hipponem
499 1931 650 1997 adversm
661 1931 841 1997 Romanam
856 1931 995 1996 classem.
1030 1929 1100 1994 Iam

49 2017 130 2083 haec
152 2018 319 2105 agentibus
339 2018 472 2083 nuntius
494 2018 623 2083 tandem
644 2019 743 2095 venit,
765 2017 921 2096 Laelium,
941 2039 1007 2082 non
1033 2015 1102 2080 Sci-

50 2104 191 2191 pionem,
213 2105 393 2193 copiaeque,
414 2117 553 2190 quantae
575 2105 617 2169 ad
638 2105 836 2170 inomaionea
857 2125 1002 2192 agrorum
1026 2103 1101 2167 satis

49 2191 126 2265 sint,
151 2190 632 2342 uffiavectaffithumma'quelli
643 2189 967 2343 aqlrolsemhadhucliu
987 2187 1102 2339 ἓίοἰίἱα

49 2298 129 2341 ease.
321 2299 368 2341 1ra
404 2299 437 2340 m
471 2299 516 2342 mr
545 2301 556 2342 1
579 2300 619 2343 ue
801 2299 889 2342 acem
1013 2297 1100 2352 ones,

51 2361 193 2450 aliosque
213 2298 348 2450 regirlpoa,
363 2323 538 2429 firmindae
556 2300 719 2429 iocietatia
732 2300 843 2440 yoliuae,
859 2297 999 2449 coepteiti.
1044 2360 1101 2424 Ad

52 2447 239 2536 Philippum
255 2471 300 2536 qu
343 2472 384 2514 ue
398 2450 495 2529 missi,
512 2449 568 2537 qui
583 2450 723 2516 ducenta
739 2449 862 2537 argenti
877 2448 996 2513 talenta
1009 2445 1102 2533 polli-

52 2548 211 2613 cerentur,
226 2548 263 2600 ut
276 2535 311 2600 in
352 2535 468 2600 iciliam
485 2550 541 2601 aut
559 2535 593 2601 in
608 2536 732 2601 Italiam
749 2536 915 2601 traiiceret
962 2531 1054 2598 Missi
1069 2543 1103 2596 et

53 2621 96 2686 ad
109 2621 190 2686 duca
206 2621 412 2708 imperatores
429 2622 464 2686 in
478 2621 614 2700 Italiam,
630 2635 667 2687 ut
681 2622 769 2687 omni
784 2635 903 2687 terrore
920 2618 1101 2707 Scipionem

51 2708 248 2773 retinerent:
282 2707 324 2772 ad
350 2707 526 2796 Magonem
554 2731 621 2774 non
648 2709 744 2810 legati
773 2708 879 2784 modo,
906 2706 963 2771 aed
986 2703 1102 2792 viginti

53 2794 198 2896 quinque
234 2811 331 2859 naves
367 2793 505 2897 longae·
520 2818 577 2862 aex
610 2795 710 2860 millia
741 2795 896 2882 peditum,
914 2789 1104 2893 ’octingenti

48 2877 1104 3055 ttttlatttffiffztlttttiltttttt³¹ttlffi

53 3054 231 3120 exercitum
246 3053 438 3130 admoveret,
453 3053 723 3138 coniungeretque
739 3073 772 3116 ae
788 3048 973 3114 Hannibali.
1011 3047 1104 3112 Haec

56 3139 253 3228 Carthagine
275 3139 430 3226 parabant
450 3138 686 3225 agitabantque.
731 3136 787 3201 Ad
805 3134 952 3201 Laelium
971 3132 1105 3222 praedae
1113 3151 1245 3202 Mennim

53 3227 203 3314 ingentes
217 3249 258 3291 ex
273 3247 348 3313 agro
363 3225 477 3290 inermi
494 3247 532 3289 ac
550 3223 638 3290 nudo
656 3222 819 3311 praesidiis
839 3233 988 3308 agentem
1004 3217 1146 3292 Masi-¹²,d
1158 3217 1220 3266 Lae
1237 3279 1243 3292 ,

53 3315 150 3391 nisae,
165 3312 248 3377 fama
262 3311 428 3376 Romanae
448 3310 555 3376 classis
575 3310 707 3387 excitus,
723 3331 797 3374 cum
815 3307 977 3396 equitibus
996 3281 1175 3394 paucia¹¹¹¹¹¹¹
1188 3285 1266 3330 '⁸³¹¹‘

52 3400 153 3466 venit
198 3397 231 3464 Ie
252 3398 414 3486 ‘segniter
431 3419 499 3463 rem
520 3397 571 3498 agi
591 3395 631 3460 ab
653 3395 815 3482 Scipione’
833 3406 973 3482 questus,
997 3392 1106 3480 ‘quod
1230 3477 1238 3488 ἱ

55 3493 148 3551 ‘tum
170 3507 237 3550 non
258 3484 321 3550 iam
343 3484 519 3549 exercitum
541 3505 576 3547 rn
592 3481 734 3546 Africam
755 3481 937 3558 traiecisset,
954 3478 1107 3568 perculsis

54 3570 410 3659 ‘Carthaginiensibm
449 3569 595 3658 Syphace
634 3567 789 3655 impedito
824 3566 969 3632 finitimis
1004 3564 1106 3642 bellis,

30 3667 177 3746 ¹‘quem
191 3659 349 3724 incertum
363 3657 514 3734 haerere3
538 3655 564 3720 si
579 3654 716 3743 spatium
730 3653 771 3718 ad
786 3675 852 3730 aua,
867 3665 905 3718 ut
918 3652 1005 3729 velit,
1020 3671 1107 3716 com·

56 3753 67 3870 2
77 3743 230 3896 ppnenda
244 3743 347 3822 detur,
362 3743 444 3845 nibil
463 3743 586 3808 sincera
576 3741 669 3894 Scflqde
687 3762 761 3805 cum
776 3737 931 3804 Romanis
950 3749 1105 3890 acturugq.

56 3925 67 3958 c
79 3843 274 4005 (1ιιῖιιιωςῗιῖαῐιιιιιΓ
272 3877 283 3907 a
288 3829 844 4003 rpgngtrptquauzetesaegptplptqmfiaplq
863 3837 1109 4012 ibbsilrerentnendii

56 4011 68 4044 ‘
79 4003 181 4092 copiis
201 4003 372 4068 affutumm
394 4001 540 4101 peditum
561 4023 580 4065 e
603 4001 779 4088 uitumqne.
825 3997 898 4066 Nec
918 3998 979 4086 ipn
997 3996 1109 4061 Laeho

57 4088 272 4156 ‘morandum
289 4088 324 4152 in
339 4086 450 4152 Afnca
463 4109 540 4152 esee.
618 4086 730 4154 lmaem
751 4085 879 4152 credere
899 4083 1110 4175 profectama

92 4331 104 4366 1
125 4319 203 4377 Quen
218 4318 340 4365 {mntem
354 4313 470 4374 Morere]
490 4310 571 4360 Proba
602 4313 721 4364 martum
732 4313 827 4364 tatae.
843 4311 925 4362 Cur.

57 4379 181 4430 Gronorii
198 4379 338 4430 mendatio
355 4391 400 4440 pro
417 4377 483 4441 vulg.
499 4389 571 4439 qum
