3002 4798
320 333 323 339 Ι
377 243 473 310 mn.
497 243 594 310 xxi.
628 243 739 311 une.
762 252 815 311 48.
1081 253 1123 312 43

49 399 160 462 9quam
172 377 255 442 satis
270 377 368 443 sciret
383 376 546 444 Hannibal
564 381 604 444 ab
620 379 735 445 Ticino
753 381 927 467 profectos:
954 393 1062 446 tamen
1082 382 1123 445 ad
1135 403 1168 453 U.
1179 405 1209 453 c,
1222 415 1279 466 534·

69 477 235 528 sexcentos
258 477 456 529 moratorum
477 467 513 530 in
532 466 677 530 citeriore
699 467 778 552 ripa,
793 467 933 554 segniter
946 480 1046 532 ratem
1061 467 1279 532 solbe-²1⁸·

51 564 184 626 irentes,
209 551 311 637 cepit.
357 549 505 616 'I'r'ansire
532 573 599 616 non
624 553 730 638 potuit
755 564 896 639 pontem,
921 565 958 616 ut
981 567 1124 619 extrema

67 635 203 700 resoluta
217 649 324 713 erant,
338 647 405 702 tota
418 653 485 702 rate
500 638 534 701 in
549 637 722 702 secundam
737 660 853 724 aquam
867 638 1003 702 labente.
1039 637 1124 704 Coe-

67 719 124 783 lius
138 735 258 786 auctor
272 736 332 799 est,
349 722 524 810 Magonem
539 745 612 787 cum
627 723 773 809 equitatu
787 736 821 788 et
837 723 988 810 Hispanis
1007 725 1124 811 pediti-

66 805 122 869 bus
148 808 279 872 flumen
301 807 462 895 extemplo
485 821 680 885 transnssse3
704 809 808 895 ipsum
829 809 1043 874 Hannibalem
1066 833 1123 897 pet

66 894 230 977 superiora
246 894 331 958 Padi
345 895 427 958 vada
440 894 616 959 exercitum
631 896 817 971 traduxisse,
833 895 1009 982 elephantis
1023 896 1058 958 in
1073 919 1124 959 or-

66 977 173 1041 dinem
201 979 248 1044 ad
277 981 498 1045 sustinendum
524 981 680 1067 impetum
702 981 843 1044 fluminis
868 981 1028 1066 oppositis.
1075 981 1124 1045 Ea

65 1063 175 1147 peritis
190 1063 301 1130 amnis
315 1067 383 1131 eius
395 1067 451 1131 virt
466 1066 564 1130 fidem
578 1066 720 1130 fecerint.
766 1065 852 1129 Nam
867 1087 973 1151 neque
988 1066 1122 1153 equites,

65 1150 158 1214 armis
176 1151 340 1238 equisque
363 1152 464 1228 salvis,
481 1165 601 1216 tantam
615 1152 681 1216 vim
702 1152 843 1216 fluminis
864 1173 1027 1238 superasse
1041 1153 1123 1217 veri-

45 1233 166 1300 ssimile
195 1250 259 1314 est,
287 1249 324 1302 ut
352 1237 416 1301 iam
439 1237 601 1323 Hispanos
624 1255 734 1302 omnes
762 1237 863 1302 inflati
893 1239 1124 1304 transvexerint

44 1333 171 1386 tutres:
201 1335 238 1386 et
266 1323 439 1387 multorum
463 1323 589 1386 dierum
613 1324 748 1388 circuitu
774 1323 856 1388 Padi
880 1324 962 1388 vada
984 1323 1124 1411 petenda

65 1405 202 1486 fuerant,
219 1431 289 1495 qua
303 1409 460 1474 exercitus
482 1409 584 1494 gravis
605 1409 841 1497 impedimentis
863 1409 985 1474 traduci
1007 1423 1120 1497 posset.

67 1490 214 1558 Potiores
238 1517 259 1559 a
282 1494 326 1558 ud
348 1517 400 1558 me
422 1507 566 1559 auctores
583 1508 666 1570 sunt,
682 1493 739 1582 qui
754 1495 852 1560 biduo
866 1497 921 1559 vix
935 1494 1041 1560 locum
1055 1509 1122 1560 rate

67 1577 236 1664 iungendo
251 1517 377 1644 dumini
392 1581 558 1644 inventurn
570 1579 717 1657 tradunt3
737 1603 776 1644 ea
789 1602 863 1645 cum
879 1580 918 1644 M
959 1604 1050 1645 onec
1075 1582 1123 1645 ui-

69 1675 114 1726 tes
146 1664 370 1753 Hispanorum
399 1665 564 1764 expeditos
593 1666 787 1814 praemissos.
834 1666 923 1731 Dum
983 1605 1248 1748 annilJal,Sequitur

68 1749 151 1814 circa
164 1752 292 1816 flumen
306 1752 517 1838 legationtbus
534 1750 598 1815 Gal
609 1774 698 1816 orum
715 1752 883 1817 audiendis
897 1764 1045 1829 moratus,
1061 1767 1124 1818 tra·
1132 1764 1173 1824 09⁸
1185 1750 1255 1800 ΗΜ·

70 1833 135 1899 iicit
156 1839 289 1924 gravius
310 1837 455 1938 peditum
477 1859 602 1923 agmen,
619 1837 746 1903 interim
762 1837 862 1924 Mago
876 1840 983 1926 equite
1023 1862 1063 1904 ue
1084 1841 1124 1904 ab
1132 1815 1207 1864 nbat.

71 1923 205 1988 transitu
228 1925 370 1988 fluminis
391 1923 457 1988 diei
481 1923 576 1988 unius
602 1924 714 1988 itinere
737 1923 932 1989 Placentiam
956 1925 998 1989 ad
1042 1937 1125 1990 ostes

70 2010 282 2074 contendunt.
323 2008 486 2074 Hannibal
500 2010 609 2095 paucis
623 2023 695 2095 post
708 2009 821 2074 diebus
835 2033 892 2074 sex
907 2010 1006 2074 millia
1021 2011 1125 2075 aPla·

72 2095 175 2158 centia
189 2109 295 2161 castra
309 2096 525 2172 communivit,
542 2108 575 2159 et
592 2108 717 2182 postero
732 2095 795 2172 die,
810 2095 846 2159 in
860 2110 1032 2182 conspectu
1052 2095 1126 2161 hos-

72 2179 150 2242 tium
166 2183 238 2247 acie
253 2182 382 2260 directa,
397 2194 588 2269 potestatem
602 2202 728 2267 pugnae
743 2181 827 2245 fecit

114 2263 308 2354 Insequenti
322 2281 415 2358 nopte
431 2266 544 2332 caedes
566 2267 601 2330 in
618 2267 726 2331 castris
742 2265 905 2343 Romanis,
921 2266 1062 2332 tumultu
1077 2279 1125 2332 ta-
1184 2284 1238 2343 48,

73 2370 147 2415 men
162 2377 263 2441 quam
285 2377 319 2418 re
340 2355 450 2431 maior,
466 2356 506 2419 ab
521 2351 724 2417 auxiliaribus
741 2351 842 2417 Gallis
862 2352 944 2417 facta
964 2364 1020 2418 est.
1066 2353 1201 2418 AdGalti
1213 2378 1277 2414 2200

75 2434 137 2501 duo
157 2439 260 2503 millia
281 2439 425 2526 peditum
440 2453 474 2504 et
488 2439 619 2503 ducenti
637 2439 771 2524 equites,
786 2439 933 2526 vigilibus
955 2439 997 2503 ad
1016 2453 1123 2527 portas
1131 2429 1258 2541 fflssl·

75 2525 248 2622 tpicidatis,
264 2525 307 2590 ad
324 2525 539 2590 Hannibalem
562 2525 791 2611 transfugiunt:
816 2547 896 2612 quos
917 2526 1046 2590 Poenus
1068 2527 1260 2606 διε-ΗΜ»

74 2629 170 2696 mgne
199 2611 362 2689 allocutus,
385 2625 418 2676 et
441 2635 495 2698 spe
522 2611 700 2697 ingentium
726 2611 882 2676 donorum
906 2633 1064 2690 accensos,
1088 2612 1189 2676 intem

74 2694 218 2763 civitates
233 2721 393 2785 quemque
410 2719 490 2774 sum,
503 2697 543 2763 ad
558 2697 772 2761 sollicitandos
773 2697 987 2847 (popularium
1001 2699 1124 2764 animos

75 2779 203 2849 dimisit.
252 2783 369 2871 Scipio,
385 2783 514 2849 caedem
535 2805 604 2848 eam
627 2783 753 2869 signum
797 2784 960 2848 electionis
979 2785 1123 2848 omnium

78 2864 244 2934 Gallorum
266 2893 333 2934 esse
355 2881 450 2946 ratus,
467 2883 691 2955 contactosque
707 2893 746 2934 eo
761 2869 888 2946 scelere,
902 2870 990 2934 velut
1005 2869 1124 2933 iniecta

76 2954 172 3104 ralpie,
196 2955 239 3019 ad
264 2979 351 3020 arma
375 2955 493 3030 ituros;
527 2977 710 3054 quanquam
735 2955 838 3041 gravis
863 2955 967 3019 adhuc
992 2955 1123 3020 vulnere
1131 2969 1259 3044 Scipipad

77 3059 94 3100 e
129 3053 151 3119 t,
168 3055 277 3106 tamen
314 3054 404 3106 uarta
416 3040 525 3126 vigilia
546 3055 648 3104 noctis
670 3041 866 3127 insequentis
885 3041 981 3106 tacito
996 3041 1122 3127 agmine
1132 3033 1248 3106 ΜΡΝ

55 3128 236 3208 4prosectus
250 3126 291 3190 ad
336 3126 454 3192 reblam
470 3127 613 3202 fluvium,
629 3127 663 3189 in
678 3125 748 3190 loca
762 3125 873 3191 altiora
889 3125 1048 3214 collesque
1063 3127 1124 3202 im·
1131 3097 1233 3147 recedit.

77 3211 248 3294 peditiores
265 3213 365 3298 equiti
382 3225 483 3277 castra
495 3225 609 3276 movet
656 3210 777 3287 Minus,
794 3233 890 3296 quam
905 3212 946 3275 ad
961 3212 1123 3292 Ticinum,

78 3295 205 3362 fefellit:
234 3299 276 3362 mi
309 3300 316 3312 '
358 3321 398 3363 ue
414 3297 577 3362 Hannibal
592 3297 730 3383 primum
746 3296 908 3374 Numidis,
923 3297 1040 3362 deinde
1056 3321 1125 3363 om-

78 3383 110 3444 ni
125 3386 280 3472 equitatu,
298 3398 349 3450 tur
369 3397 451 3451 asset
473 3383 585 3472 utique
607 3383 812 3448 novissimum
835 3404 959 3470 agmen,
976 3383 1010 3446 ni
1025 3385 1125 3448 avidi-

109 3597 183 3658 9Ad
202 3602 324 3644 sescentos
344 3595 504 3652 moratorum]
530 3591 583 3641 Nu·
617 3592 835 3644 mutandaessein
849 3593 952 3655 pedites,
968 3592 1006 3640 rel
1023 3590 1122 3642 omnino
1150 3614 1153 3632 ι

78 3657 583 3720 memmapposuitePolybioGronon'ua
615 3657 757 3718 ableganda
769 3657 849 3706 Onnv.

80 3720 180 3785 vulgati
192 3724 360 3784 praeferebant
374 3724 481 3784 aliquot:
499 3719 583 3782 scripti
649 3735 662 3782 3
679 3721 915 3780 Petendusroerant]
936 3721 1042 3769 Fuerint
1053 3735 1122 3782 repo-

79 3788 175 3836 adbaec.
209 3786 334 3834 Nimirum
353 3785 438 3833 Lirim
455 3785 583 3846 scripserat
615 3783 652 3831 nit
663 3784 733 3832 Cres.
746 3784 812 3845 quod
824 3784 931 3832 Beklrer,
942 3783 968 3831 in
979 3788 1075 3831 textum
1086 3799 1122 3833 re·

79 3851 251 3899 adnectunt.
616 3847 690 3909 cepit,
707 3848 750 3894 sed
765 3847 866 3895 minime
883 3862 945 3908 opus
961 3853 1006 3906 est,
1022 3848 1123 3910 quippe,

113 3929 121 3962 r
144 3915 176 3962 Ut
186 3915 306 3974 extremo]
321 3911 387 3960 Toto
395 3911 439 3960 illo
451 3916 534 3972 ponte,
541 3911 582 3972 qui
615 3917 643 3958 ut
661 3911 739 3959 serbis
755 3910 898 3959 Ruhnkenii
919 3915 982 3968 utar,
998 3913 1123 3960 “Centies

79 3991 93 4024 e
103 3977 194 4025 ratibus
203 3977 301 4024 iunctus
315 3981 376 4035 erat,
387 3977 485 4024 labente
500 3991 583 4023 seeun-
615 3974 765 4036 grammatici
774 3975 918 4032 docuerunt,
927 3974 1056 4036 plusquam
1068 3991 1121 4038 per·

80 4041 136 4088 dum
159 4055 256 4088 cursum
279 4039 394 4098 fluminis,
416 4039 488 4087 simul
510 4043 584 4100 atque
616 4037 842 4087 seotiindioatitum
853 4039 1121 4099 modumproeiusdem

79 4111 186 4152 extrema
196 4104 303 4152 resoluta
313 4105 387 4151 fuere.
399 4103 480 4151 cunr.
616 4101 770 4149 subiunctiro
781 4102 865 4163 poni.”
882 4101 913 4148 ct'.
924 4102 978 4150 infr.
990 4101 1033 4148 xli,
1046 4117 1085 4160 ²4·

110 4183 123 4216 a
144 4169 465 4228 Uttamlsopanmmm]
480 4163 583 4212 Etiamsi
647 4181 663 4224 4
679 4167 802 4227 Collaque
818 4166 991 4227 impeditiores]
1015 4164 1072 4212 Hoc
1090 4181 1121 4213 ex

80 4228 103 4280 id
110 4245 206 4294 quoque
213 4231 450 4292 ponatur,credatur,
458 4228 583 4290 Hispanos
615 4228 755 4276 coniectura
767 4228 856 4276 Vallae
866 4227 892 4276 in
908 4241 992 4275 omnes
1006 4228 1122 4289 deinceps

80 4309 125 4356 ope
134 4295 226 4343 utrium
237 4294 377 4342 inflatorum
392 4307 490 4342 amnem
505 4297 581 4339 trans
614 4292 671 4340 edd.
681 4291 754 4340 venit.
777 4293 902 4354 Lacotena
913 4291 952 4338 rel
963 4293 1072 4353 mosque
1082 4306 1122 4339 co·

80 4357 130 4407 iasa
164 4358 223 4406 Vox
237 4373 317 4406 omma
334 4371 420 4406 vacare
438 4355 541 4414 videtur,
557 4360 582 4404 et
614 4355 680 4404 diues
690 4355 814 4404 exhibent.
825 4355 857 4405 cf.
870 4355 924 4404 Pol.
935 4369 968 4404 ru
980 4351 1019 4414 67.
