2866 4770
316 289 379 352 548
705 277 819 346 TITI
849 276 986 344 LIVII

161 426 195 475 U·
209 425 237 474 0·
254 437 308 488 551·
363 417 480 505 Scipio,
496 417 649 483 concione
665 417 826 494 advocata,
840 417 1054 492 Masinissam,
1065 414 1109 479 ad
1125 435 1264 501 regnum
1275 411 1367 501 peter·

159 490 395 600 dedititium
423 503 515 569 Cirta
537 503 656 604 oppido
681 516 714 568 et
744 504 857 568 ceteris
882 505 1014 568 urbibus
1038 501 1207 588 agrisque,
1232 523 1311 587 qnae
1333 523 1364 564 ex

160 617 288 680 regnoSy-
318 613 416 691 regno
447 589 602 678 Syphaets
627 590 661 654 in
684 589 795 676 populi
822 591 961 654 Romani
984 601 1185 676 potestatem
1211 588 1359 659 venisent,

160 679 297 740 phasinae
318 677 457 754 adrectis,
473 676 612 740 donavit.
660 677 720 741 Cn.
736 673 907 740 Octavium
926 675 1057 739 classem
1077 676 1115 737 in
1140 673 1288 738 Siciliam
1298 672 1357 735 dur·

160 749 238 792 ”⁸²¹²
318 775 382 828 tam
400 761 462 828 Cn.
479 761 630 828 Cornelio
652 761 777 826 consuli
791 762 915 826 tradere
931 761 1037 826 iussit:
1062 760 1194 848 legatos
1213 759 1360 846 Carthagi

317 849 477 914 niensium
493 849 630 913 Romam
650 847 816 935 proficisci,
832 860 878 924 ut,
893 870 976 934 quae
995 848 1034 911 ab
1049 869 1083 911 se
1100 869 1145 911 ex
1161 845 1278 910 decem
1292 845 1363 930 lega-

317 947 422 1000 torum
432 935 589 1000 sententia
600 948 670 998 acta
678 947 792 1010 esseut,
803 957 842 1000 ea
849 933 981 998 Petrum
992 933 1115 998 auctori
1120 946 1191 996 tate
1204 931 1361 1028 populique

206 1024 260 1085 45.
318 1022 405 1086 iussu
420 1021 691 1087 confirmarentur.
739 1019 822 1084 Pace
843 1033 926 1084 terra
947 1019 1092 1105 marique
1110 1032 1220 1105 parta,
1237 1032 1366 1082 exercitu

161 1107 352 1172 Scipionem
374 1131 469 1173 naves
491 1107 647 1194 imposito,
671 1108 704 1170 in
729 1106 869 1171 Siciliam
895 1105 1084 1193 Lilybaeum
1110 1105 1253 1168 traiecit.
1298 1103 1366 1166 Inde

124 1254 130 1266 ,
159 1185 310 1284 ffiffi‘
318 1217 434 1282 magna
447 1208 535 1282 parte
548 1193 684 1257 militum
696 1193 730 1256 in
746 1193 878 1257 navibus
889 1193 991 1268 missa,
1008 1192 1148 1278 ipseper
1165 1190 1288 1254 laetam
1301 1213 1365 1276 pace

159 1296 228 1360 phet.
318 1304 384 1345 non
399 1281 513 1358 mium,
527 1302 622 1367 quam
634 1279 772 1355 victoria,
786 1278 919 1354 Italiam,
930 1279 1037 1342 effusis
1051 1299 1121 1342 non
1133 1278 1274 1341 urbibus
1284 1275 1365 1339 modo

318 1367 360 1432 ad
374 1367 536 1431 habendos
556 1366 700 1442 honores,
716 1365 773 1429 sed
793 1365 963 1451 agrestium
981 1365 1077 1428 etiam
1094 1365 1197 1427 turba
1212 1363 1365 1428 obsidente

318 1453 393 1530 vias,
419 1453 557 1517 Romam
586 1452 740 1539 pervenit,
765 1452 990 1538 triumphoque
1021 1449 1170 1514 omnium
1204 1449 1364 1512 clarissimo

318 1541 430 1603 urbem
446 1553 494 1603 est
509 1539 660 1603 invectus.
708 1539 844 1624 Argenti
859 1537 932 1601 tulit
947 1538 981 1601 in
996 1535 1155 1600 aerarium
1174 1536 1290 1622 pondo
1302 1557 1364 1598 een·

319 1639 387 1688 tum
410 1624 509 1688 millia
529 1625 643 1711 viginti
665 1624 740 1688 tria:
772 1623 924 1687 militibus
946 1645 987 1686 ex
1005 1621 1128 1709 praeda
1149 1622 1363 1708 quadragenos

319 1711 399 1774 aeris
414 1709 528 1774 divisit.
576 1709 683 1774 Morte
694 1710 871 1774 subtractus
882 1708 1062 1794 spectaculo
1077 1709 1185 1794 magis
1197 1708 1359 1780 hominum,

319 1820 415 1883 quam
438 1796 660 1882 triumphantis
682 1795 809 1882 gloriae,
835 1795 868 1882 S⁹
902 1795 965 1858 hax
987 1807 1044 1870 est,
1069 1793 1198 1857 Tibure
1222 1793 1307 1857 baud
1326 1794 1359 1854 ta

319 1882 419 1947 multo
435 1896 508 1947 ante
530 1894 762 1969 mortuusque
781 1883 821 1945 ab
838 1881 879 1945 Al
942 1881 1106 1945 traductus
1121 1880 1239 1944 linerat.
1288 1878 1362 1943 Con·

319 1991 333 2032 s
357 1982 427 2033 ecta
441 1990 524 2032 mors
540 1982 646 2032 tamen
665 1968 733 2032 eius
747 1968 817 2043 fuit,
834 1968 910 2053 quia
923 1966 1051 2053 publico
1065 1967 1182 2030 funere
1200 1980 1250 2030 est
1264 1965 1361 2030 elatus

320 1993 419 2119 llunc
439 2077 546 2142 regem
567 2055 601 2118 in
616 2055 778 2140 triumpho
792 2053 923 2118 ductum
939 2052 1102 2139 Polybius,
1120 2051 1379 2138 haudquaquamt

319 2141 516 2227 spemendus
530 2153 647 2216 auctor,
666 2140 769 2204 tradit
817 2139 951 2204 Secutus
968 2138 1153 2225 Scipionem
1171 2138 1362 2224 triumphau-

319 2239 384 2290 tem
396 2239 445 2291 est
454 2227 539 2313 pileo
554 2226 651 2313 capiti
663 2226 810 2312 imposito
824 2225 865 2300 Q„
876 2225 1047 2289 Terentius
1060 2222 1195 2290 Culleo:
1220 2225 1379 2309 omnique:

319 2311 436 2377 deinde
463 2313 537 2390 vita,
562 2328 599 2376 ut
628 2313 761 2398 dignum
787 2323 864 2388 erat,
895 2311 1046 2374 libertatis
1071 2323 1238 2374 auctorem
1262 2310 1358 2373 coluit

321 2397 508 2462 Africanum
534 2419 711 2484 cognomen
735 2397 878 2461 militaris
903 2397 990 2497 prius
1014 2396 1111 2470 favor,
1141 2419 1184 2459 an
1211 2395 1361 2482 populari-s

319 2506 395 2548 aura
409 2483 623 2559 celebraverit,
639 2506 690 2561 an,
706 2483 799 2547 sicuti
820 2482 932 2546 Felicrs
955 2481 1060 2546 Sullae
1077 2481 1260 2568 Magnique
1277 2481 1361 2546 Pom·

319 2571 383 2657 peii
394 2581 520 2657 patrum
536 2569 697 2647 memoria,
713 2582 861 2656 coeptum
876 2569 915 2633 ab
930 2569 1141 2633 assentatione
1156 2568 1304 2631 familiari
1317 2567 1359 2638 sit,

319 2678 430 2741 parum
445 2669 642 2742 compertum
658 2655 768 2720 babeo.
815 2653 940 2719 Primus
954 2668 1040 2719 certe
1056 2654 1108 2717 hic
1125 2655 1301 2740 imperator
1312 2675 1360 2716 no·

319 2741 405 2804 mine
421 2741 521 2804 victae
537 2743 576 2804 ab
597 2763 629 2806 se
644 2741 749 2828 gentis
769 2754 817 2804 est
837 2741 1028 2805 nobilitatus,
1075 2739 1240 2826 Exemplo
1254 2737 1376 2803 deindet

320 2825 423 2903 huius,
438 2835 640 2914 nequaquam
656 2827 786 2892 victoria
799 2849 899 2914 pares,
915 2827 1053 2914 insignes
1068 2827 1248 2912 imaginum
1265 2825 1359 2890 titulos

319 2912 466 3000 claraque
482 2914 672 3000 cognomina
685 2913 822 2978 familiae
838 2913 949 2978 fecere.

354 3129 363 3162 r
383 3115 512 3176 Polybius]
532 3115 616 3171 Quem
632 3115 715 3174 adeas,
726 3114 774 3162 xri.
790 3129 826 3163 ιι.
858 3115 955 3176 aliaque
967 3113 1085 3162 eiusmodi
1096 3131 1147 3162 non
1160 3115 1253 3164 rictam
1264 3127 1363 3178 gentem.

320 3179 416 3228 efiinb.
429 3179 514 3227 xxxiii.
529 3193 565 3227 ιο.
600 3179 732 3240 Polybium
750 3193 827 3239 usque
858 3180 901 3227 sed
920 3179 999 3235 illam,
1016 3179 1082 3226 unde
1101 3178 1223 3239 originem
1244 3180 1364 3231 Postumi,

319 3243 351 3291 ad
367 3243 433 3290 huno
447 3244 541 3290 bellum
558 3243 666 3304 neglexit
682 3242 775 3300 Livius,
786 3247 824 3289 ut·
857 3248 882 3290 et
894 3241 990 3300 Marcii,
999 3240 1090 3302 aliique
1098 3243 1227 3300 duxerint,
1238 3243 1364 3305 mlxxix

321 3312 377 3367 pote
394 3321 443 3353 non
461 3307 611 3364 Romanum,
627 3313 653 3353 et
669 3305 759 3353 ideireo
775 3307 825 3354 Ro-
858 3305 982 3353 existimat
1002 3305 1105 3353 Niebbr.
1122 3305 1138 3352 i.
1155 3321 1180 3353 ιι.
1201 3321 1271 3368 ¹²²?-
1308 3306 1364 3354 fter:

320 3384 447 3416 manarum
458 3383 539 3416 rerum
552 3385 601 3416 non
616 3385 694 3430 aeque
708 3384 738 3416 ae
750 3369 826 3417 Grae·
858 3375 941 3416 tamen
951 3373 1039 3430 potest,
1048 3375 1075 3416 ut
1084 3385 1130 3416 τοι
1139 3386 1204 3430 pens
1215 3371 1290 3418 latins
1298 3383 1364 3430 quas.

320 3447 403 3481 earum
421 3433 534 3494 peritum.
568 3433 616 3481 Sed
634 3433 767 3494 Polybium
784 3449 827 3481 au·
859 3434 975 3494 oppidum
997 3437 1090 3494 pateat,
1111 3439 1137 3480 et
1160 3434 1223 3481 lieet
1244 3434 1366 3481 Anima

312 3503 412 3544 ctorem
421 3496 458 3543 rel
468 3495 599 3557 praecipua
608 3496 656 3543 fide
665 3495 689 3542 in
699 3497 827 3544 rebusRo·
861 3497 954 3558 primus
982 3497 1081 3543 nomine
1111 3499 1196 3558 peruia
1229 3497 1366 3544 nobilitatos

320 3559 398 3607 mania
410 3559 495 3606 laudnt
506 3559 592 3608 Cicero
604 3560 634 3606 de
646 3559 711 3622 nep.
723 3559 748 3607 ii.
763 3575 799 3619 14.
859 3559 941 3616 fuerit,
957 3575 1006 3607 non
1024 3559 1079 3607 ideo
1099 3565 1184 3608 tamen
1203 3561 1272 3623 eapti
1291 3563 1366 3623 opp'rb

354 3625 453 3671 aPilao
475 3625 552 3684 copiti
575 3623 697 3684 imposito]
725 3623 828 3684 Quippe
859 3623 959 3671 nomine
977 3623 1068 3684 priores
1086 3623 1150 3670 nulli
1170 3624 1222 3672 sint
1241 3623 1366 3672 nobilitati,

320 3687 387 3747 signo
415 3692 527 3748 receptae
551 3686 675 3734 libertatis.
710 3688 739 3734 cf.
763 3701 828 3748 supr.
862 3687 984 3747 Equidem
995 3685 1125 3734 Niebuhrii
1138 3687 1308 3736 coniecturam
1321 3703 1368 3750 pm

321 3750 385 3800 xxiv.
401 3748 436 3798 16.
859 3751 965 3798 bandum
977 3765 1073 3808 censeo,
1086 3766 1136 3799 non
1151 3757 1239 3800 tamen
1257 3754 1303 3800 bet
1320 3753 1368 3798 ten

353 3827 366 3872 3
390 3815 509 3862 Vtataeab
519 3815 647 3874 senentis]
663 3813 826 3874 llinecogno
859 3812 963 3860 nimium
975 3814 1045 3862 nobis
1055 3814 1188 3864 nitendum
1200 3831 1263 3866 esse.

320 3876 387 3924 mine
405 3877 457 3934 illa,
474 3880 643 3938 Reyillenrem,
662 3878 827 3935 Coriolanum,

644 4164 743 4212 1⁷1le
760 4164 853 4212 'ronti
872 4163 1041 4214 SECUNDI.
