2966 4778
756 165 869 232 ΤΙΤΙ
900 165 1037 232 LlVII
1464 227 1465 270 ,

380 171 440 232 112

219 310 295 425 pig
312 299 531 450 pag.:postulo,
554 299 732 400 ceterique,
749 301 806 387 qui
828 300 961 366 adestis:
986 302 1042 388 qui
1065 323 1130 366 nou
1153 302 1314 379 iuraverit,
1336 303 1371 366 in
1392 325 1428 368 se
1464 299 1465 370 l

243 411 249 424 ·
421 409 484 452 unc

506 385 649 486 gladium
674 398 818 451 structum
841 409 908 452 esse
932 388 1029 452 sciat’
1076 385 1174 452 Haud
1195 409 1287 452 secus
1308 390 1427 474 pavidi,
1464 385 1465 470 l

375 496 472 560 quem
497 495 524 537 si
546 473 699 538 victorem
724 471 939 538 Hannibalem
963 488 1139 550 cernerent,
1163 473 1271 538 iurent
1296 497 1426 538 omnes:
1464 495 1465 544 l

374 558 661 646 custodiendosque
676 571 777 623 semet
788 559 872 646 ipsos
889 557 1031 660 Scipioni
1046 559 1185 624 tradunt

264 651 316 712 54.
419 645 469 710 Ec
484 658 636 732 tempore,
652 667 718 732 quo
736 643 815 710 haec
833 643 966 709 Canusii
986 647 1170 732 agebantur,
1186 645 1366 710 Venusiam
1384 647 1427 710 sd

217 732 353 782 Venusiam
375 731 537 796 consulem
549 731 749 817 adquattuor
757 729 857 796 millia
867 743 900 796 et
911 733 1079 818 quingenti
1090 731 1214 818 pedites
1223 732 1425 818 equitesque,

216 797 348 910 gem,
397 817 431 882 ui
445 818 543 904 sparsi
562 817 639 904 luga
680 839 715 881 er
736 839 827 903 agros
844 816 979 896 fuerant,
995 839 1177 904 pervenere.
1225 817 1292 881 Eos
1314 840 1426 882 omnes

215 929 331 985 quattuor
407 904 531 968 enusini
561 926 619 992 per
660 901 781 966 amilias
809 903 947 990 benigne
974 903 1176 990 accipiendos
1201 902 1425 992 curandosque

216 985 343 1100 hqunum
373 1013 473 1078 quum
500 989 688 1066 divisissent,
711 989 746 1052 in
767 989 908 1076 singulos
930 989 1054 1076 equites
1076 1001 1164 1077 togas
1186 1002 1219 1054 et
1243 990 1369 1054 tunicas
1391 1005 1445 1055 eto

215 1065 249 1100 ¹⁰¹
270 1065 301 1101 ¹⁸*
372 1077 575 1164 quadrigatos
589 1097 737 1139 nummos
751 1074 867 1161 quinos
881 1077 1018 1152 desnos,
1035 1088 1069 1140 et
1087 1070 1249 1162 peditibus
1263 1075 1376 1154 denos,
1391 1093 1425 1140 et

372 1184 469 1239 arma,
486 1162 602 1249 quibus
616 1161 759 1237 deerant,
774 1160 951 1226 dederunt:
975 1173 1143 1248 ceteraque
1180 1161 1285 1226 ublice
1307 1185 1345 1226 ac
1359 1164 1424 1249 pri-

371 1246 502 1313 vatimh
559 1247 675 1312 italiter
685 1245 775 1323 facta,
787 1259 1018 1334 certatumque,
1029 1269 1071 1312 ne
1083 1271 1103 1312 a
1113 1184 1245 1312 muliere
1258 1245 1425 1313 Canusina

281 1329 286 1340 '
369 1333 507 1484 populus
565 1334 717 1400 enusinus
739 1333 848 1398 officiis
869 1333 1057 1398 vinceretur.
1105 1331 1170 1398 Sed
1214 1333 1320 1398 rarius
1342 1358 1423 1400 onus

403 1443 476 1485 usae
491 1419 662 1486 multitudo
677 1419 821 1495 faciebat,
837 1432 870 1484 et
883 1421 946 1484 iam
962 1419 1003 1483 ad
1014 1419 1127 1484 decem
1176 1419 1183 1433 '
1212 1421 1242 1482 'a
1252 1419 1421 1484 hominum

370 1519 468 1571 erant
514 1507 704 1593 Appiusque
733 1517 766 1570 et
796 1504 913 1592 Scipio,
939 1517 1106 1592 postquam
1132 1504 1328 1570 ineolumem
1353 1529 1420 1572 esse

370 1591 504 1657 alterurn
524 1591 686 1656 consulem
707 1603 908 1678 acceperunt,
923 1593 1074 1656 nuntium
1094 1591 1257 1678 extemplo
1277 1593 1420 1669 mittunt,

369 1690 507 1764 quantae
523 1700 631 1742 secum
651 1678 794 1764 peditum
857 1678 1023 1764 citumque
1038 1700 1077 1741 co
1099 1677 1290 1741 lacessent:
1316 1680 1421 1744 scisci·

369 1775 533 1851 tatumque
559 1763 663 1841 simul,
687 1776 795 1828 utrum
850 1764 994 1828 enusiam
1021 1763 1063 1828 ad
1087 1764 1139 1828 uei
1165 1763 1355 1841 exercitum,
1381 1789 1421 1830 an

368 1871 496 1914 manere
511 1849 636 1914 iuberet
653 1847 812 1914 Canusii?
833 1848 936 1914 Varro
950 1850 1017 1936 ipse
1035 1849 1214 1914 Canusium
1233 1849 1345 1936 copias
1359 1865 1421 1915 tra-

368 1935 470 2001 duxit.
517 1934 648 2000 Etiam
673 1935 780 2021 aliqua
804 1936 925 2022 species
948 1935 1121 2000 consularis
1146 1935 1308 2000 exercitus
1334 1951 1418 2012 erat3

368 2022 598 2172 prqenibusque
618 2045 652 2088 se
674 2035 771 2098 certe,
790 2023 817 2086 si
838 2044 905 2085 non
927 2021 1030 2098 armis,
1052 2022 1092 2086 sb
1113 2021 1205 2086 hoste
1227 2021 1421 2087 videbantm

391 2130 538 2173 eensun.

412 2194 559 2271 Romam,
575 2215 617 2258 ne
628 2193 684 2258 has
699 2192 830 2280 quidem
846 2191 995 2280 reliquias
1006 2215 1167 2280 superesse
1182 2193 1304 2258 civium
1319 2196 1419 2260 socio-

366 2302 512 2368 rumque,
527 2279 585 2346 sed
599 2279 763 2345 occidione
775 2278 895 2344 occisos
909 2301 983 2343 cum
997 2279 1123 2344 duobus
1132 2280 1329 2344 exercitibus
1345 2304 1417 2346 con·

209 2379 290 2428 Pavor
301 2379 351 2454 Rq
365 2365 458 2442 sules,
474 2366 658 2452 deletusque
673 2387 783 2430 omnes
798 2365 913 2452 copies,
926 2364 1056 2430 allatum
1066 2365 1178 2430 iuerat
1225 2365 1416 2454 Nunquam,

208 2457 264 2554 ἓξὲξ
275 2456 350 2491 Μ·
365 2450 450 2516 salva
469 2453 558 2529 urbe,
575 2463 700 2515 tantum
719 2451 844 2537 pavoris
864 2449 1083 2538 tumultusque
1102 2451 1185 2516 intru
1203 2453 1337 2516 moenia
1353 2453 1417 2516 Ro-

264 2542 271 2556 ‘
364 2558 460 2602 mana
472 2537 541 2603 fuit.
581 2535 695 2623 Itaque
710 2538 913 2602 succumbam
927 2539 1027 2614 oneri,
1042 2559 1148 2624 neque
1261 2537 1334 2602 diar
1347 2562 1416 2604 nar·

364 2644 443 2700 rare,
456 2645 538 2709 quae
551 2622 769 2687 edissertando
780 2623 904 2688 minora
916 2645 992 2687 vero
1006 2623 1119 2688 fecero.
1198 2623 1312 2688 onsule
1329 2648 1418 2690 exer·

364 2707 494 2795 cituque
520 2708 562 2772 ad
584 2708 806 2772 ‘I'rasimenum
828 2709 933 2795 priore
955 2731 1040 2774 anno
1065 2709 1188 2786 amisso,
1210 2732 1278 2774 non
1300 2711 1434 2776 vulnusr

363 2815 460 2881 super
473 2793 599 2872 vulnus,
614 2793 672 2858 sed
686 2793 855 2880 multiplex
873 2793 987 2872 clades,
1002 2817 1078 2859 cum
1092 2794 1216 2860 duobus
1231 2796 1415 2862 oonsulibus

364 2877 429 2945 duo
444 2880 623 2946 consulares
637 2879 796 2945 exercitus
810 2881 916 2946 amissi
929 2881 1172 2946 nuntiabantur:
1195 2903 1256 2946 nec
1271 2881 1339 2946 ulls
1354 2884 1414 2947 iam

363 2979 465 3032 casua
486 2967 642 3044 Romana,
657 2989 719 3030 nec
737 2965 863 3044 ducem,
878 2989 940 3032 neo
954 2967 1090 3032 militem
1110 2989 1195 3032 esse:
1220 2965 1414 3034 Hannibalis

363 3053 397 3116 A
420 3052 527 3130 uliam,
553 3053 727 3130 Samnium,
750 3073 787 3117 ac
809 3052 872 3116 iam
897 3075 955 3139 pro
1018 3065 1118 3118 totam
1139 3052 1264 3118 Italiam
1287 3053 1411 3119 factam

400 3137 465 3202 ulla
478 3139 619 3226 profecto
633 3137 787 3225 elingens
801 3149 890 3203 tants
900 3161 983 3203 moe
998 3137 1097 3204 cladis
1110 3161 1177 3204 non
1191 3139 1306 3204 obruta
1319 3153 1411 3206 emet

365 3223 540 3326 Compares
568 3225 693 3291 cladem
715 3224 757 3288 ad
780 3223 921 3310 Aegates
943 3223 1061 3289 insulas
1086 3224 1411 3311 Carthaginiensium,

362 3311 484 3397 proelio
497 3311 601 3376 navali
620 3323 792 3397 acceptam,
809 3332 873 3396 qua
886 3309 977 3374 fracti
999 3309 1107 3375 Sicilia
1125 3333 1162 3374 ac
1184 3309 1334 3375 Sardinia
1348 3335 1412 3376 ces·

361 3417 440 3474 sere,
453 3397 529 3462 hinc
542 3397 712 3484 vectigales
723 3419 759 3462 ac
774 3393 995 3484 stipendiarios
1009 3396 1079 3460 lieri
1094 3418 1128 3460 se
1142 3397 1226 3484 passi
1240 3407 1334 3472 sunt3
1360 3409 1412 3462 aut
1464 3471 1465 3474 Ἴ

394 3604 409 3639 o
426 3549 460 3638 Io
469 3590 577 3650 demulce
586 3590 678 3652 equites
693 3595 760 3649 togae
770 3593 794 3637 et
804 3588 869 3636 tani·
902 3590 983 3635 totum
994 3584 1129 3635 exereitum
1142 3585 1305 3646 vestiendum,
1317 3587 1411 3650 colligit

361 3656 416 3765 ll
439 3651 516 3764 pp·
534 3658 608 3764 “t'‘
627 3650 786 3765 surr
805 3649 870 3762 tus·
901 3649 1410 3776 destituemus

362 3733 432 3842 &ab
452 3729 561 3828 etiamssa
579 3730 741 3827 militintibiis
755 3729 869 3840 gistbtas.
901 3777 984 3836 brisso,
997 3783 1059 3841 puts
1072 3776 1204 3839 equitibus,
1218 3776 1410 3836 centurionibus,

363 3845 398 3892 At
409 3842 487 3906 primo
501 3841 688 3904 intelligendum
703 3847 740 3890 eat
755 3856 797 3890 ecs
807 3841 870 3903 togis
902 3845 949 3890 etc.
960 3841 1041 3892 Cnsv.

361 3921 549 3982 rur
563 3903 870 4018 *susurru
901 3905 1330 4028 messuimus
1350 3905 1409 4018 tt:

361 3975 709 4108 ddbdnbidbbldrltnidrddldtum
717 4031 869 4092 listmeutio,
900 4047 966 4107 anuo
976 4039 1105 4095 acceptum
1120 4037 1181 4108 erat,
1192 4033 1235 4082 sed
1248 3984 1408 4108 botiussmnl·

361 4097 419 4148 etin
427 4098 523 4147 dnobus
529 4097 624 4146 ultimis
631 4098 771 4164 lonampra
778 4111 870 4146 memo·
901 4097 982 4159 trplex
1002 4097 1086 4145 clades
1105 4097 1271 4146 nunusbatm.
1309 4096 1406 4146 Limum

360 4160 871 4225 ratianumenutogurum‚quaemittuntur
901 4160 999 4223 saepius
1017 4175 1108 4224 ponere
1118 4177 1219 4212 non...
1233 4162 1284 4219 ord,
1298 4175 1344 4222 pro
1360 4177 1407 4210 nn

360 4227 393 4274 ad
402 4225 538 4286 'exercitis
552 4226 624 4288 longe
637 4224 761 4274 minorat
776 4223 869 4274 tunica·
901 4227 977 4282 nodo,
985 4227 1028 4274 aad
1037 4226 1119 4282 etiam,
1130 4229 1202 4287 putat
1212 4221 1342 4287 mpr.x.6.
1354 4225 1406 4273 inlr.

361 4303 415 4337 mm
424 4303 587 4351 numero,nec
593 4287 869 4352 mffioienaprosertoed
901 4286 986 4337 xxviii.
999 4302 1036 4338 ιι.
1047 4287 1139 4338 Stroth.
