3002 4798
391 271 486 336 LIB.
511 268 607 336 XXI.
645 273 754 338 CAP.
779 277 830 338 25.
1092 277 1130 335 21

54 405 258 506 Hispanias
282 404 396 470 Galliis
425 407 571 494 iungunt,
594 407 629 472 in
650 421 807 494 potestate
832 419 946 472 essent
1007 406 1130 471 Decem
1143 413 1217 463 U-O·
1230 424 1284 474 ⁵34·

52 491 168 556 millia
185 491 345 578 peditum
360 491 514 557 Hannoni
529 492 571 556 ad
584 492 776 579 praesidium
787 492 978 558 obtinendae
993 493 1131 579 regionis
1140 479 1170 525 A.
1188 478 1217 526 ⁰·
1230 477 1284 523 ²¹⁸·

52 577 148 654 data,
167 593 214 642 et
241 577 327 642 mille
349 579 482 664 equites.
527 578 702 664 Postquam
723 601 781 666 per
794 579 995 666 Pyrenaeum
1015 577 1130 642 saltum
1140 591 1295 652 Pyrenaeum

52 663 202 728 traduci
227 665 387 728 exercitus
409 677 457 728 est
474 675 614 751 coeptus,
630 687 801 751 rumorque
862 687 878 728 r
896 665 1044 730 barbaros
1064 653 1278 764 ma-ffllfftmffl'

52 750 155 814 navit
171 749 302 814 certior
323 748 364 815 de
386 749 469 814 bello
493 749 657 827 Roman03
682 751 741 814 tria
762 749 818 822 mil
830 751 861 815 ia
881 749 957 815 inde
976 749 1005 814 C
1084 732 1170 813 ta·pe
1209 751 1216 765 '

52 857 190 900 norum
208 834 359 922 peditum
374 835 435 900 iter
448 847 638 902 averterimt
686 835 871 913 Constabat,
886 859 952 900 non
967 773 1131 901 tadlbeello

53 935 188 1000 motos,
220 943 317 1006 quam
343 921 576 1008 longinquitate
605 922 675 986 viae
705 921 972 1008 insuperabilique
997 921 1132 1008 Alpium

55 1008 227 1073 transitu.
274 1006 449 1084 Hannibal,
464 1007 542 1095 quia
562 1029 708 1074 revocare
725 1021 780 1072 aut
801 1008 833 1072 vi
854 1008 991 1072 retinere
1006 1030 1060 1072 eos
1075 1031 1132 1072 an·

55 1114 141 1179 ceps
168 1107 259 1171 erat,
281 1113 323 1159 ne
346 1106 523 1158 ceterorum
544 1095 640 1160 etiam
661 1093 781 1159 feroces
803 1093 901 1158 animi
922 1092 1130 1171 irritarentur,

32 1191 168 1266 ssupra
184 1191 316 1266 septem
330 1178 430 1244 millia
448 1179 614 1244 hominum
634 1178 745 1244 domos
759 1179 890 1258 remisit,
906 1202 986 1265 quos
1000 1192 1034 1244 et
1047 1180 1132 1280 ipsos

55 1265 205 1350 gravari
221 1265 336 1329 militia
354 1277 503 1343 senserat,
521 1264 718 1352 Carpetanos
738 1285 866 1353 quoque
885 1266 972 1330 abae
988 1265 1132 1330 dimissos

57 1350 245 1415 simulans.
288 1347 380 1429 Inde,
396 1373 437 1422 ne
454 1374 542 1416 mora
554 1364 651 1437 atque
665 1353 766 1416 otium
781 1351 902 1416 animos
917 1351 1132 1428 sollicitarent,
1237 1399 1244 1414 .

57 1457 147 1500 cum·
158 1436 301 1523 reliquis
312 1436 411 1523 copiis
422 1436 622 1525 Pyrenaeum
636 1437 873 1524 transgreditur,
884 1451 917 1502 et
927 1437 968 1502 ad
977 1436 1132 1537 oppidum

60 1520 205 1588 Illiberi
220 1534 322 1587 castra
335 1522 427 1597 locat
465 1521 551 1587 Galli
566 1545 750 1610 quanquam
764 1522 875 1588 Italiae
890 1523 1009 1588 bellum
1025 1522 1133 1588 inferri

60 1607 267 1685 audiebant,
283 1621 402 1686 tamen,
417 1609 494 1694 quia
512 1609 544 1672 vi
564 1609 709 1678 subactos
729 1621 814 1674 trans
834 1609 1035 1710 Pyrenaeum
1057 1607 1134 1673 His-

62 1715 179 1778 panos
196 1694 283 1760 fama
303 1707 380 1771 erat,
396 1693 531 1780 praesidi
575 1717 615 1759 ue
633 1693 737 1760 valida
756 1696 912 1782 imposrta,
928 1707 1017 1760 metu
1036 1695 1134 1759 servi·

38 1780 152 1844 6tutis
169 1780 217 1844 ad
231 1803 320 1844 arma
338 1781 541 1858 consternati,
591 1781 776 1846 meiuonem
795 1781 917 1867 aliquot
931 1780 1041 1868 populi
1057 1803 1134 1845 con·

63 1865 227 1931 veniunt.
291 1865 390 1941 Quod
418 1866 474 1932 ubi
509 1865 684 1931 Hannibali
713 1867 896 1932 nuntiatum
924 1880 982 1943 est,
1012 1889 1133 1931 moram
1142 1881 1285 1934 Gallorum

66 1952 195 2050 magis,
219 1973 316 2038 quam
337 1951 466 2029 bellum,
482 1965 637 2029 metuens,
654 1965 793 2019 oratores
814 1953 856 2017 ad
876 1952 1001 2039 regulos
1023 1946 1264 2017 eorum0⁰¹¹⁰ffi³tr

65 2037 178 2115 misit,
199 2037 356 2124 ‘colloqui
371 2051 473 2102 semet
486 2038 592 2124 ipsum
612 2037 692 2102 velle
707 2061 782 2102 cum
796 2038 846 2102 his
854 2062 863 2114 ;
887 2051 921 2102 et
934 2037 985 2102 vel
1000 2037 1046 2101 illi
1061 2061 1135 2124 pro-

47 2122 175 2207 7‘pius
193 2121 314 2188 llliberi
328 2123 526 2201 accederent,
541 2123 593 2187 vel
615 2146 648 2187 se
671 2123 889 2188 Ruscinonem
905 2146 1133 2209 processurum,

71 2216 134 2272 ‘ut
149 2231 198 2274 ex
209 2209 389 2308 propinquo
400 2232 585 2296 congressas
596 2209 717 2274 facilior
730 2222 828 2303 eqset:
853 2219 972 2272 namet
987 2221 1133 2295 acceptu-

74 2289 177 2359 ‘lum
194 2317 248 2359 eos
262 2293 412 2360 indestra
426 2311 483 2358 sua
502 2317 534 2358 se
555 2295 968 2371 laetum,··nec'·cunctanter
981 2316 1014 2358 se
1030 2293 1135 2380 ipsum

75 2380 142 2444 ‘ad
159 2403 217 2446 eos
232 2386 410 2447 venturum.
435 2379 607 2467 Hospitem
621 2380 708 2444 enim
722 2403 755 2444 se
773 2377 906 2456 Galliae,
918 2386 984 2443 non
999 2379 1133 2456 hostem,

78 2466 289 2532 ‘advenisset
328 2461 397 2530 nec'
410 2466 600 2564 stricturum·
618 2477 692 2530 ante
743 2464 873 2544 ladium,
896 2465 1002 2565 siper
1026 2463 1136 2530 Gallos

78 2550 211 2630 ‘liceat
250 2574 324 2616 uam
339 2552 373 2616 in
388 2550 514 2651 Italiam
529 2553 687 2616 vemsset'
760 2566 774 2615 t
787 2574 845 2652 per
859 2564 989 2651 nuntios
1003 2550 1135 2652 quidem

76 2635 175 2703 haec.
257 2651 270 2702 t
291 2660 367 2702 vero
380 2635 490 2787 ffiUh
514 2635 690 2714 Gallorum,
712 2651 819 2702 castris
841 2638 883 2702 ad
904 2637 1057 2702 Ilhberrm
1079 2660 1136 2701 ex-

81 2723 208 2823 templo
230 2724 334 2800 motis,
356 2722 379 2787 h
464 2737 591 2809 graqate
614 2722 655 2787 ad
676 2722 822 2787 Poenum
843 2735 1001 2788 venerunt
1008 2747 1018 2800 ;
1045 2718 1136 2810 'capti

81 2807 181 2874 donis
209 2831 284 2874 cum
312 2808 396 2873 bona
420 2831 498 2896 paee
524 2809 700 2874 exercitum
725 2831 783 2896 per
807 2809 888 2874 fines
910 2831 983 2874 suos
1011 2822 1137 2896 praeter

85 2891 309 2960 Ruscinonem
323 2893 477 2993 oppidum
492 2895 740 2960 transmiserunt.

130 2979 173 3045 In
195 2980 321 3046 Italiam
343 2981 472 3044 interim
493 2980 574 3044 nihil
603 2979 695 3058 ultra,
719 3003 816 3067 quam
838 2979 967 3046 Iberum
989 2979 1135 3045 transisse
1197 2986 1248 3048 25.

86 3063 316 3143 Hannibalem,
347 3089 366 3130 a
395 3065 642 3131 Massiliensium
671 3066 783 3153 legatis
814 3065 950 3132 Romam
978 3067 1136 3154 perlatum

61 3165 176 3216 serati
200 3175 300 3238 quum
314 3152 457 3239 perinde,
473 3176 510 3218 ac
525 3152 552 3216 si
567 3151 668 3238 Alpes
687 3153 751 3216 iam
766 3153 936 3230 transisset,
953 3151 1035 3231 Boii,
1051 3152 1201 3241 solli-soii
1212 3164 1237 3212 in
1248 3165 1298 3214 lta

87 3237 197 3302 citatis
229 3237 424 3315 Insubribus,
455 3238 657 3314 defecenmt3
696 3261 755 3302 nec
786 3250 851 3301 tam
880 3239 921 3303 ob
950 3251 1073 3303 veteres
1102 3230 1266 3302 iu¹¹³¹⁰b⁰l

132 3323 245 3411 pulum
261 3323 444 3390 Romanum
463 3325 534 3401 iras,
551 3346 648 3409 quam
668 3323 756 3409 quod
777 3345 881 3408 nuper
902 3323 986 3387 circa
1000 3323 1136 3401 Padum,
1145 3295 1205 3342 Μ’

65 3425 81 3473 9
118 3409 289 3475 lacentiam
320 3409 578 3496 Cremonamque
607 3408 746 3478 colonias
775 3407 810 3471 in
838 3429 949 3493 agrum
977 3409 1138 3473 Gallicum

90 3493 244 3562 deductas
259 3517 352 3584 aegre
367 3496 576 3582 patiebantur.
601 3493 724 3581 Itaque,
739 3493 834 3558 armis
847 3507 980 3579 repente
995 3495 1137 3581 arreptis,

90 3579 125 3645 in
155 3605 230 3646 eum
258 3581 362 3668 ipsum
389 3603 499 3668 agrum
525 3580 649 3667 impetu
676 3579 768 3657 fficio,
796 3591 920 3644 tantum
946 3579 1073 3644 terroris
1101 3603 1138 3644 ac

125 3811 222 3874 sant
237 3815 262 3858 et
277 3810 354 3871 ipsos]
373 3808 440 3858 Olim
451 3815 475 3858 ei
485 3809 545 3872 ipsc,
557 3809 600 3858 ssd
634 3818 672 3870 27.
683 3809 791 3858 mmuiiu
801 3809 958 3858 etiamtum
972 3815 1142 3858 comtemaaia

94 3871 206 3923 limetur
220 3877 246 3921 et
256 3871 397 3921 Gronovius
410 3879 434 3922 et
444 3875 508 3934 ipsos
519 3887 600 3922 emen-
634 3874 733 3920 animos.
751 3873 832 3922 esav.

94 3937 189 3986 darunt.
223 3938 344 3985 Militiam
361 3951 458 3998 quoque
474 3937 603 3998 legendam
669 3935 874 3996 qaaestionem]
896 3935 981 3990 Hodie
998 3952 1088 3986 nomen
1105 3951 1141 3985 re·

94 4003 180 4050 tradet
191 4000 299 4050 Gronov.
311 4005 336 4049 et
348 4001 436 4061 probat
447 3999 522 4049 Doer.
635 3997 700 4061 giam
711 3999 856 4048 Rmcriiioa.
864 3998 970 4052 nam.

126 4063 142 4114 6
157 4067 200 4113 Ad
214 4080 285 4114 amia
301 4065 460 4123 memet]
479 4061 604 4112 concitati
663 4062 1057 4124 tacitaetattaaelmatrttm]
1069 4063 1142 4113 Uter-

96 4129 126 4177 ad
137 4144 206 4177 arma
216 4128 343 4190 capienda.
377 4127 473 4176 Eodem
484 4127 558 4175 modo
568 4125 603 4174 lo·
636 4140 684 4186 que
695 4125 795 4174 Galliae
805 4123 947 4187 Cisalpinae
963 4127 1070 4189 populus
1082 4131 1143 4186 erat,

97 4197 167 4242 tutas
188 4197 225 4240 est
246 4191 332 4240 Lirim
353 4191 393 4240 vii.
416 4205 455 4252 42.
477 4191 511 4238 ad
533 4205 603 4238 amia
636 4189 777 4251 ctlsupr.v.
790 4202 829 4252 34,
842 4203 879 4251 35.

97 4262 282 4306 ammaum.
316 4255 351 4304 Et
361 4255 459 4316 saepius
472 4255 539 4315 apud
550 4267 603 4301 nos
668 4267 684 4317 9
705 4255 858 4302 Placentiam
881 4253 1083 4318 Creatoncmqaa]
1109 4252 1143 4302 cf.

99 4323 160 4368 trum
181 4321 282 4368 verbum
302 4326 458 4368 comtewc
475 4319 506 4366 de
526 4317 606 4364 lurore
639 4315 693 4366 Liv.
703 4317 771 4380 Epit.
783 4331 824 4365 xx.
851 4317 905 4367 Pol.
916 4315 950 4367 iii.
962 4331 1001 4378 40.

100 4383 415 4446 dieitur,quamdepavore.
440 4379 606 4444 sicmpmiii.
