2966 4778
352 203 411 262 102
739 194 852 262 ΤΙΤΙ
882 195 1019 261 LIVII

196 343 272 394 uc
288 333 451 409 536.fieret‚
481 331 560 396 dum
585 333 653 419 ipse
678 332 804 433 longius
833 333 970 484 spatium
994 331 1069 431 iuga
1093 329 1305 417 praeciperet,
1327 326 1403 392 falsa

196 410 226 468 a
243 410 273 458 ⁶·
289 407 344 460 ²¹⁶·
353 419 491 504 imagine
517 431 701 496 castrorum,
727 435 809 484 sieut
864 419 971 484 abium
996 439 1101 505 priore
1126 437 1211 480 anno
1235 414 1404 478 frustratus
1472 437 1473 452 ¹

242 503 295 561 42·
354 519 445 581 esset,
461 517 570 570 tenere
593 505 627 568 in
648 504 725 570 locis
747 505 891 570 consulas
912 503 1056 570 voluisse.
1103 503 1169 568 Ubi
1191 500 1312 576 illuxit,
1332 499 1424 566 sub-3
1472 567 1473 594 ,

353 591 468 655 drictae
490 591 593 676 primo
615 592 774 668 stationes,
790 591 908 656 deinde
930 591 1060 678 propius
1081 587 1275 654 adeuntibus
1298 585 1404 650 insoli·
1471 599 1473 662 t

355 689 423 740 tum
449 676 611 741 silentium
637 677 879 742 admirationem
908 676 992 741 fecit.
1039 675 1108 754 Iam
1136 673 1211 738 satis
1240 686 1405 758 comperta
1472 679 1473 690 ¹

354 761 534 840 solitudine,
550 763 584 826 in
607 763 715 827 castris
736 784 907 828 concursus
928 761 966 826 fit
986 761 1028 826 ad
1039 760 1205 912 ffimria
1225 758 1405 832 consulum,

355 849 569 912 nuntiantium
584 848 692 936 fugam
707 848 846 913 bostium
860 847 941 912 adeo
956 849 1039 936 trepi
1113 859 1181 924 ,ut,
1194 844 1407 910 tabernaculis

354 934 520 1011 stantibus,
540 948 641 1000 castra
661 935 863 1020 reliquerint:
888 957 1016 1020 quoqne
1035 934 1111 1020 tuga
1130 931 1295 998 obscurior
1316 945 1406 1006 met,

355 1021 481 1085 crebros
496 1021 593 1085 etiam
612 1020 738 1085 relictos
757 1022 855 1108 ignea.
903 1019 1034 1085 Clamor
1052 1019 1129 1083 inde
1149 1030 1247 1094 ortus,
1263 1031 1304 1080 ut
1319 1017 1408 1103 signa

356 1106 487 1192 proferri
510 1107 664 1182 iuberent,
683 1107 900 1193 ducerentque
922 1105 964 1170 ad
983 1104 1219 1194 persequendos
1236 1104 1358 1179 hostes,
1373 1125 1407 1166 ac

356 1192 500 1278 protinus
525 1205 626 1257 castra
655 1192 844 1279 diripienda
891 1191 934 1256 Et
959 1191 1070 1256 consul
1098 1191 1179 1256 alter
1206 1189 1298 1254 velut
1326 1211 1407 1253 nnus

358 1277 468 1342 turbae
491 1277 634 1342 militaris
656 1292 731 1342 erat.
776 1277 907 1342 Paullus
929 1278 1068 1343 etiams
1104 1275 1266 1341 ucetiam
1288 1274 1408 1350 dicere,

357 1363 589 1449 providendum
618 1364 934 1451 praecavendumque
965 1387 1042 1428 esse.
1127 1375 1277 1438 ostrem0,
1308 1383 1409 1460 quum

358 1449 508 1514 aliterue
532 1473 572 1514 ue
592 1450 781 1516 seditionem
801 1471 908 1538 neque
928 1449 1043 1514 ducem
1062 1448 1227 1513 seditionis
1251 1461 1408 1511 sustinere

358 1548 473 1620 posset,
490 1473 630 1599 niarium
653 1535 813 1601 Statilium
833 1535 1028 1624 praefectum
1050 1557 1124 1600 cum
1147 1547 1253 1598 turma
1276 1533 1410 1597 Lucana

359 1620 558 1707 exploratum
574 1621 679 1686 mittit
728 1622 805 1698 Qui,
821 1624 876 1688 ubi
896 1621 1093 1707 adequitavit
1154 1620 1221 1696 rtiS,
1236 1619 1410 1684 subsistere

359 1720 450 1770 extra
465 1706 663 1770 munimenta
682 1708 795 1772 ceteris
810 1708 910 1786 iussis,
925 1707 993 1793 ipse
1013 1729 1086 1771 cum
1130 1707 1231 1771 uobus
1245 1705 1411 1790 equitibus

359 1790 476 1854 vallum
491 1791 636 1856 intravit:
660 1792 903 1880 speculatusque
923 1792 1031 1858 omnia
1050 1815 1123 1857 cum
1143 1813 1219 1856 curs
1234 1791 1411 1866 renuntiat,

360 1877 491 1942 insidias
505 1877 647 1963 profecto
661 1901 747 1942 esse:
771 1879 861 1966 ignes
880 1881 914 1944 iu
934 1891 1022 1966 parte
1042 1891 1224 1953 castrorum,
1240 1899 1328 1962 quae
1344 1899 1413 1940 ver·

359 1977 413 2048 gat
433 1963 467 2026 in
486 1962 620 2041 hostem,
635 1964 777 2029 relictos:
803 1964 1005 2030 tabernacula
1025 1987 1043 2028 a
1084 1977 1141 2041 rta,
1157 1976 1190 2028 et
1209 1963 1322 2027 omnia
1341 1985 1413 2026 ears

360 2049 394 2112 in
409 2063 558 2135 promptu
577 2049 703 2115 relicta:
804 2064 896 2117 ntum
912 2050 991 2137 quib
1122 2049 1200 2114 loeis
1214 2063 1341 2112 temere
1356 2071 1412 2134 per

360 2135 434 2212 viss,
451 2135 538 2199 velut
552 2135 711 2200 obiectum
729 2073 950 2222 ffbmffl,
966 2135 1090 2200 vidisse.
1138 2135 1231 2209 Quae
1245 2135 1289 2198 ad
1302 2134 1413 2198 deter-

360 2222 476 2286 rendos
491 2245 510 2286 a
524 2221 698 2307 cupiditate
712 2223 835 2286 animos
849 2222 996 2286 nuntiata
1009 2236 1109 2298 erant,
1125 2243 1163 2285 ea
1176 2219 1411 2296 accenderunt3

360 2320 402 2382 et,
418 2306 553 2372 clamore
569 2321 638 2372 orto
653 2330 673 2372 a
686 2307 849 2388 militibus,
866 2315 876 2346 ‘
885 2308 918 2370 ni
933 2308 1059 2394 signum
1074 2307 1177 2384 detur,
1189 2307 1257 2370 sine
1273 2304 1413 2370 ducibus
1475 2371 1476 2378 ,

361 2387 498 2468 ‘ituros’
517 2392 763 2495 haudquaquam
788 2394 854 2458 dux
878 2393 997 2458 defuit:
1025 2417 1100 2458 nam
1123 2391 1285 2478 extemplo
1303 2389 1414 2456 Varro

360 2477 486 2562 signum
506 2475 597 2540 dedit
615 2479 844 2563 proficiscendi.
890 2478 1030 2564 Paullus,
1071 2501 1146 2545 uum
1166 2478 1197 2542 ei
1216 2499 1273 2542 sua
1293 2493 1415 2563 sponte

361 2561 617 2647 cunctantipulli
631 2586 761 2649 quoque
773 2565 913 2652 ampicio
927 2587 993 2628 non
1008 2565 1049 2628 ad
1074 2565 1213 2640 'xissent
1225 2563 1433 2630 obnuntiarii

361 2647 425 2710 iam
440 2647 585 2711 efferenti
598 2662 690 2733 porta
702 2650 792 2736 signa
811 2651 950 2736 collegae
965 2650 1063 2715 iussit.
1111 2649 1210 2724 Quod
1224 2671 1309 2735 quan
1338 2672 1415 2713 uam

362 2731 464 2797 Varro
478 2755 571 2818 aegre
586 2747 634 2797 est
648 2756 766 2819 passus,
783 2735 930 2800 Flaminii
946 2749 1052 2800 tamen
1068 2757 1178 2800 recens
1193 2757 1290 2812 casus,
1344 2734 1433 2804 lau-5

362 2817 472 2905 diique
484 2818 621 2882 consulis
632 2820 734 2905 primo
749 2819 873 2886 Punico
884 2821 967 2886 bello
979 2835 1152 2886 memorata
1162 2819 1280 2886 navalis
1291 2819 1414 2896 clades,

364 2904 549 2990 religionem
570 2905 677 2969 animo
699 2905 838 2970 incussit.
894 2906 952 2971 Dii
976 2929 1074 2995 prope
1095 2907 1156 2994 ipsi
1175 2929 1214 2972 eo
1235 2905 1288 2972 die
1307 2908 1415 2994 magis

363 2989 522 3068 distulere,
539 3013 635 3076 quam
650 2991 849 3077 prohibuere,
864 2993 1084 3058 imminentem
1105 3009 1228 3080 pestem
1243 2992 1413 3057 Romame

205 3085 348 3145 Deprehen-
365 3073 451 3140 Nam
465 3076 546 3141 forte
568 3077 613 3141 ita
634 3078 750 3155 evenit,
766 3092 811 3156 ut,
827 3101 928 3164 quum
950 3079 1058 3143 referri
1077 3079 1168 3178 signa
1186 3079 1220 3142 in
1242 3092 1347 3143 castra
1366 3081 1412 3143 in·

205 3148 303 3200 duntur.
364 3162 452 3226 benti
478 3162 599 3226 consuli
627 3161 743 3227 milites
767 3186 834 3228 non
859 3179 1017 3250 parerent,
1041 3187 1123 3230 servi
1148 3164 1222 3242 duo,
1248 3163 1413 3229 Formiani

363 3271 455 3324 unus,
471 3248 550 3312 alter
566 3247 700 3313 Sidicini
719 3248 845 3337 equitis,
861 3251 927 3335 qui,
946 3249 1079 3314 Servilio
1099 3263 1195 3336 atque
1217 3249 1318 3314 Atilio
1335 3273 1414 3315 con·

362 3333 491 3410 solibus,
506 3335 590 3399 inter
604 3334 802 3420 pabulatores
817 3335 977 3420 exceptio
992 3335 1142 3399 Numidis
1155 3336 1291 3412 fluerent,
1302 3337 1414 3423 profu·

362 3434 474 3503 gerent
488 3442 526 3484 eo
549 3420 601 3484 die
623 3420 665 3483 ad
686 3420 848 3485 dominos:
873 3420 929 3507 qui
952 3420 1081 3486 deducti
1104 3421 1146 3485 ad
1167 3421 1313 3486 consules
1329 3445 1413 3486 nun·

362 3505 453 3581 tiant,
468 3527 596 3570 omnem
612 3506 786 3586 exercitum
803 3505 993 3570 Hannibalis
1012 3519 1095 3571 trans
1110 3507 1271 3594 proximos
1287 3523 1413 3572 montes

362 3591 472 3654 sedere
494 3592 528 3654 in
550 3589 682 3654 insidiis.
728 3589 854 3655 Horum
877 3605 1074 3678 opportunus
1096 3592 1251 3657 adventus
1265 3593 1413 3658 consules

363 3676 488 3762 imperii
501 3689 647 3762 potentes
661 3675 746 3752 fecit,
763 3698 862 3761 quum
880 3678 1011 3742 ambitio
1025 3677 1153 3743 alterius
1168 3699 1256 3742 suam
1271 3679 1413 3766 primum

363 3759 448 3847 apud
463 3783 518 3826 eos
532 3782 627 3848 prava
641 3760 840 3847 indulgentia
854 3763 1049 3838 maiestatem
1064 3763 1213 3830 solvisset

397 3991 870 4054 3T0naretnuotslet1ntr.xxiii.44
936 3998 1415 4060 50loadiiqraeoormdis....mru1b

363 4057 442 4106 terruit
464 4056 538 4104 imber
559 4058 685 4105 confinem
708 4073 756 4119 par
779 4071 871 4106 omnem
903 4059 995 4118 uma]
1012 4061 1073 4108 Eius
1083 4060 1125 4122 qui
1137 4061 1354 4122 pallaequoniem
1367 4078 1413 4110 non

362 4127 462 4177 noctem,
473 4118 497 4166 h.
509 4134 530 4166 o.
542 4119 646 4168 dinavit.
904 4125 1073 4182 pascebantur,
1084 4123 1109 4171 in
1121 4139 1187 4172 mure
1198 4124 1356 4185 praecipitari
1369 4127 1413 4172 ine

395 4183 590 4242 4Obnuntiurt']
619 4183 744 4240 Nuntiari,
761 4183 870 4246 auspicia
902 4185 942 4242 sit,
955 4193 983 4233 ut
1000 4188 1115 4244 biberent,
1131 4190 1229 4250 quondo
1244 4203 1297 4236 asae
1313 4191 1414 4238 nullan

361 4245 468 4293 infausta
479 4261 539 4304 csse,
550 4261 595 4294 nec
607 4247 707 4308 proinde
719 4247 792 4296 licere
803 4247 869 4308 quie·
903 4247 933 4295 cf.
945 4249 997 4298 Cic.
1010 4251 1040 4298 da
1053 4249 1110 4298 Div.
1122 4251 1138 4300 i.
1153 4249 1189 4299 16.
1210 4251 1268 4300 Val.
1280 4251 1354 4300 Max.
1367 4253 1383 4302 i.
1393 4271 1414 4310 4.

362 4323 436 4372 qnam
448 4309 482 4356 rei
492 4325 570 4358 novas
581 4310 684 4371 aggredi.
