2966 4778
352 239 413 304 166
744 229 857 300 ΤΙΤΙ
884 231 1018 300 LIVII

244 387 274 437 c.
290 383 364 450 ⁵³7³
377 369 551 450 Hannibal,
561 371 678 436 fuimus
692 369 831 458 primum
846 391 904 458 per
914 393 973 436 nos
987 367 1058 458 ipri,
1067 369 1174 458 quoad
1188 381 1298 434 nostra
1308 389 1406 444 uma,

245 451 276 501 ⁰·
292 460 501 525 ²¹⁵·‘nostrae
524 459 606 523 vires
631 477 689 522 nos
713 457 808 520 tutari
832 468 988 542 poterant
1033 457 1208 544 Postquam
1231 455 1271 519 iis
1294 475 1408 542 partun

357 544 560 622 ‘fidebamus,
585 543 709 632 Pyrrho
734 541 802 628 regi
827 565 886 606 nos
910 542 1135 618 adiunximus3
1166 564 1186 604 a
1212 563 1280 628 quo
1305 537 1408 604 relicti

357 639 488 718 ‘paoem
503 629 710 694 necessariam
727 628 915 728 accepimus,
930 627 1110 714 fuimusque
1127 629 1163 691 in
1176 649 1217 691 ee
1229 647 1290 714 per
1309 647 1430 696 aunoss

359 726 368 756 ¹
399 737 475 803 rope
491 715 732 802 quinquaginta,
749 712 790 779 ad
804 712 838 776 ad
852 725 987 801 tempus,
1003 735 1068 800 quo
1090 712 1124 776 in
1139 711 1268 777 Italiam
1283 710 1405 776 venisti.

359 739 520 867 ‘ll'uanos
534 822 600 865 non
615 800 715 886 magis
729 799 828 863 virtus
841 799 1041 885 fortunaque,
1053 819 1150 886 quam
1164 798 1263 863 unica
1277 798 1408 862 comites

198 387 233 438 U.

198 452 229 502 Δ.

359 895 416 953 ‘ac
438 887 617 974 benignitas
637 906 712 972 erga
725 885 810 949 cives
831 899 964 961 nostros,
980 906 1060 971 quos
1077 895 1184 970 captos
1204 884 1299 949 nobis
1314 883 1409 948 remi-

359 973 456 1051 ‘sisti,
472 973 518 1037 ita
531 971 711 1037 conciliavit
725 970 792 1047 tibi,
805 983 851 1047 ut,
866 983 898 1035 te
913 970 998 1034 salvo
1012 983 1108 1057 atque
1122 969 1280 1034 incolumi
1294 970 1407 1045 amico,

359 1067 445 1124 ‘non
460 1058 557 1124 modo
571 1079 614 1144 po
636 1057 726 1120 ulum
741 1055 1001 1133 Romanum,sed
1015 1077 1057 1120 ne
1072 1053 1149 1120 deos
1163 1055 1297 1142 quidem
1313 1056 1410 1120 iratos

360 1144 420 1293 ‘qni
434 1143 498 1208 dici
512 1143 558 1207 fes
572 1079 636 1230 θεῖς
650 1141 841 1207 timeremus.
888 1143 944 1220 At,
959 1141 1098 1218 hercule,
1114 1163 1178 1206 non
1199 1141 1305 1206 solum
1321 1142 1410 1205 inco-

360 1238 370 1267 ‘
393 1227 460 1293 umi
482 1241 515 1294 et
533 1228 661 1305 victore,
677 1227 734 1292 sed
754 1241 919 1314 praesente
941 1239 984 1304 te,
1005 1249 1104 1314 quum
1123 1227 1287 1326 ploratum
1309 1249 1410 1314 prope

360 1315 554 1402 ‘coniugum
568 1335 606 1380 ac
625 1313 795 1378 liberorum
814 1327 994 1377 nostrorum
1015 1312 1178 1390 exaudire,
1194 1325 1228 1377 et
1241 1313 1412 1400 flagrnmia

361 1409 465 1467 ‘tecta
485 1421 592 1488 posses
613 1399 806 1486 conspicere,
824 1399 870 1462 ita
890 1420 999 1462 sumus
1020 1397 1187 1485 aliquoties
1206 1398 1267 1462 hac
1288 1413 1412 1463 aestate

361 1485 545 1562 ‘devastati
575 1499 611 1549 ut
646 1484 693 1549 Μ.
711 1483 892 1561 Marcellus,
923 1505 989 1548 non
1022 1482 1195 1561 Hannibal,
1224 1484 1340 1549 vicine
1372 1484 1412 1548 ad

361 1571 513 1636 ‘Cannas
533 1569 695 1647 videatur3
730 1569 967 1656 glorienturque
999 1569 1147 1647 Romani,
1170 1582 1213 1646 te,
1234 1569 1277 1633 ad
1306 1593 1412 1634 unum

362 1656 477 1721 ‘modo
492 1654 591 1720 ictum
605 1657 776 1743 vigentem,
792 1656 880 1720 v'elut
893 1655 1003 1720 aculeo
1023 1655 1147 1732 entisso,
1162 1668 1297 1742 torpere.
1349 1635 1433 1720 Per⁶

362 1750 512 1807 ‘centum
523 1763 622 1828 prope
633 1763 734 1806 annos
744 1763 818 1806 cum
815 1739 945 1890 populo
956 1740 1102 1806 Romano
1112 1739 1232 1806 bellum
1241 1713 1434 1828 gemimus⁷

362 1826 470 1891 ‘nullo
484 1840 617 1891 externo
625 1826 727 1892 adiuti
741 1849 801 1891 nec
838 1848 907 1903 uce,
919 1849 979 1891 nec
994 1827 1156 1891 exercitu:
1179 1827 1241 1890 nisi
1253 1828 1347 1913 quod
1356 1849 1414 1915 per

362 1912 546 1979 ‘biennium
572 1912 714 2000 Pyrrhus
735 1925 842 1978 nostro
871 1912 971 1999 magis
993 1912 1094 1977 milite
1117 1933 1188 1976 sues
1211 1913 1301 1976 aruit
1315 1914 1413 1990 vires,

362 2008 479 2085 ‘quam
495 1998 560 2062 suis
573 1998 692 2063 viribus
711 2017 770 2062 nos
784 1996 935 2062 defendit
983 1997 1059 2062 Non
1074 2021 1134 2085 ego
1152 1998 1299 2063 oecrrndis
1314 2001 1414 2065 rebus

310 2095 315 2104 “
363 2085 498 2150 ‘nostris
520 2084 685 2170 gloriabor,
702 2083 782 2148 duos
799 2083 953 2161 consules,
968 2082 1100 2148 aeduos
1122 2083 1303 2148 consulares
1318 2107 1414 2151 exer·

363 2170 463 2235 ‘citus
478 2193 498 2235 a
511 2171 601 2235 nobis
615 2170 673 2234 sub
687 2170 800 2256 iugum
814 2169 933 2247 missos,
945 2182 977 2234 et
992 2170 1018 2233 ai
1033 2193 1098 2256 qus
1111 2169 1173 2234 alia
1185 2184 1241 2234 aut
1255 2169 1346 2236 laeta
1359 2185 1414 2236 aut

362 2255 516 2344 ‘gloriosa
534 2257 627 2321 nobis
648 2268 830 2320 evenerunt.
878 2254 971 2330 Quae
1061 2277 1097 2320 ra
1116 2256 1311 2342 adversaque
1335 2271 1415 2322 tunc

364 2343 575 2419 ‘acciderunb
591 2342 712 2408 minore
734 2339 954 2428 indignatione
976 2363 1010 2406 re
1024 2363 1093 2406 erre
1114 2363 1290 2429 possumus,
1311 2367 1416 2444 quam
1467 2351 1468 2359 ’

364 2436 466 2513 ‘quae
496 2427 593 2491 hodie
616 2427 775 2492 eveniunt.
924 2425 1126 2492 idiotatotes
1150 2450 1222 2492 eum
1252 2432 1416 2528 magistris

364 2513 538 2599 ‘equitum
550 2511 618 2575 bini
635 2512 780 2576 consules
794 2535 867 2577 cum
905 2512 965 2576 inis
987 2512 1202 2578 consularibus
1217 2517 1416 2582 exercitibus

364 2598 643 2684 ‘ingrediebantur
660 2597 740 2662 finer
759 2611 902 2674 nostros3
925 2609 999 2662 ante
1019 2598 1192 2685 explorato,
1208 2613 1241 2664 et
1260 2601 1416 2666 subsidiis

365 2682 504 2768 ‘positis
515 2695 548 2745 ct
562 2683 620 2746 rub
634 2683 732 2769 signis
746 2682 788 2748 ad
800 2682 1018 2770 populandum
1033 2682 1210 2750 ducebant:
1233 2707 1324 2750 nune
1340 2707 1434 2775 pro-t
1466 2717 1467 2766 i

365 2766 537 2853 ‘praetoris
548 2767 643 2830 unius
652 2781 684 2831 et
692 2769 780 2854 parvi
795 2768 998 2834 adtuendam
1011 2769 1129 2834 Nolam
1132 2771 1283 2920 praesidii
1291 2775 1415 2860 praeda

365 2862 502 2917 ‘sumna
548 2851 617 2916 Iam
625 2874 667 2917 ne
678 2853 899 2941 manipulatim
910 2853 1051 2942 quidem,
1061 2855 1118 2920 sed
1144 2868 1292 2922 atronum
1303 2861 1415 2938 modo,

365 2950 571 3090 ‘lledrcrldrddni
593 2939 1231 3112 waqsnfinpbaugswpoaqqupaegffitrqaoeq
1231 2967 1307 3108 1131,
1324 2968 1415 3118 313

366 3120 489 3198 ‘neque
505 3124 541 3176 tu
556 3045 711 3188 delendis,
726 3123 759 3176 et
772 3125 880 3176 nostra
893 3112 1050 3190 iuventus,
1063 3135 1156 3199 quae,
1171 3114 1198 3178 ai
1212 3114 1303 3180 dorni
1317 3135 1413 3196 esset,

366 3206 552 3274 ‘tutaretur‚
578 3197 681 3261 omnis
710 3197 769 3261 sub
794 3197 892 3296 signis
921 3199 1035 3263 militat
1058 3199 1128 3264 tuis.
1174 3199 1247 3265 Neo
1277 3215 1321 3280 te,
1355 3227 1414 3269 nec

365 3291 375 3321 ‘
386 3283 561 3348 exercitum
573 3295 664 3348 tuum
678 3283 792 3360 norim,
800 3284 871 3360 msi,
882 3307 901 3348 a
914 3307 979 3371 quo
995 3297 1042 3350 tot
1057 3283 1217 3351 Romanas
1232 3288 1318 3352 acies
1329 3287 1414 3355 fissas

365 3377 561 3456 ‘stratasque
575 3391 643 3434 esse
651 3369 757 3447 sciam,
770 3369 800 3434 ei
811 3369 901 3434 facile
913 3393 980 3434 esse
990 3369 1105 3436 ducam
1119 3373 1300 3459 opprimere
1310 3397 1414 3464 popu·

365 3454 499 3520 ‘latores
521 3467 644 3520 nostros
665 3477 770 3542 vegos,
792 3456 861 3520 sine
883 3455 990 3543 signis,
1010 3456 1140 3544 palatos,
1161 3478 1225 3544 quo
1248 3480 1412 3550 quemque

364 3775 477 3837 Sigonius
492 3775 540 3849 legi
556 3775 582 3822 iu
640 3791 718 3838 prope
734 3791 818 3837 rsecpt
863 3811 870 3824 .

365 3839 405 3885 Ab
413 3853 477 3887 anno
486 3853 551 3886 emm
561 3837 628 3887 U.C.
638 3839 692 3896 480.
700 3853 749 3900 quo
758 3855 870 3900 parcum
903 3839 1002 3888 Trilleri
1012 3841 1119 3904 reposuit
1130 3841 1236 3892 Bekker.

365 3900 515 3949 Samnitibus
531 3915 663 3961 eorumque
677 3901 824 3950 sociisfacta
834 3902 870 3950 ru-
940 3905 1025 3965 7Per
1045 3912 1142 3954 camum
1160 3921 1238 3969 propa
1258 3910 1354 3970 mor]
1383 3911 1412 3958 el.
1463 3937 1464 3942 =

364 3964 570 4022 embedemrum
582 3975 636 4036 534.
646 3977 695 4024 qno
707 3961 834 4013 Hannibal
844 3966 870 4014 io
903 3965 974 4028 Supr.
986 3979 1009 4028 5.
1463 3959 1464 3988 ¹

365 4023 465 4102 Iuliam
482 4027 557 4102 ponit,
569 4039 628 4075 aunt
644 4030 701 4076 runt
716 4032 830 4088 quattuor
845 4035 870 4078 ot
937 4031 1046 4081 8wa
1063 4036 1229 4096 pmpraetorlt
1250 4037 1343 4098 antu]
1375 4037 1412 4087 lu

364 4091 702 4228 &ramme
723 4153 869 4228 ........
902 4093 1411 4226 &venenam

364 4221 399 4262 tre
415 4217 488 4266 butus
504 4216 801 4266 lectromseGronov.1n
818 4224 870 4266 tex-
902 4221 1092 4272 Creantinuit.
1124 4226 1201 4274 Nam
1299 4228 1411 4284 'ni-s,
1462 4237 1463 4256 ¹

364 4283 418 4324 tum
430 4285 542 4342 receptae
552 4295 625 4329 nemo
636 4281 791 4330 dubitaverit.
823 4281 869 4330 Ea·
903 4283 1392 4343 stroth.exconieet.(tronov.sdmart

365 4340 421 4388 dom
448 4343 479 4390 ab
507 4343 595 4405 apibus
624 4344 697 4392 ducta
726 4344 870 4406 metaphora
1101 4383 1105 4387 -
