2866 4770
365 191 460 257 LlB.
485 191 599 258 XXX
634 192 745 258 CAP.
774 199 821 259 15.
1059 203 1121 266 517

2 389 3 392 ,
67 323 247 413 ‘Syphacis
266 325 337 404 fuit,
353 325 471 413 praeda
489 326 601 414 populi
621 327 760 392 Romani
780 341 848 393 est:
873 342 906 394 et
919 353 1029 418 regem
1043 355 1121 398 con·
1131 349 1165 400 U.
1177 351 1207 411 e,
1224 363 1281 416 ⁵49·

2 479 3 482 Ἴ
65 411 263 499 ‘iugemque
290 413 368 490 eius,
390 412 601 477 etiamsinon
627 413 704 478 civis
730 413 1001 502 Carthaginiensis
1026 433 1118 500 esset,
1129 415 1160 466 Α·
1177 416 1207 466 0·
1223 430 1270 480 20³

2 511 3 514 ’
66 497 296 563 ‘etiamsinon
310 513 433 585 patrem
448 499 516 564 eius
530 499 754 586 imperatorem
773 500 913 566 hostium
928 503 1118 584 videremus,

66 583 228 648 ‘Romam
247 596 408 671 oporteret
426 584 520 662 mitti,
536 607 573 649 ac
588 598 715 650 senatus
732 586 906 675 populique
922 587 1062 655 Romani
1077 592 1118 658 de

2 743 3 748 η
66 677 129 735 ‘ea
140 670 295 734 iudicium
306 685 402 757 atque
413 671 576 736 arbitrium
592 693 669 748 esse,
680 693 761 758 quae
773 695 881 759 regem
896 675 988 739 nobis
996 678 1118 744 socium

2 775 3 835 j
65 755 252 835 ‘alienasse,
287 770 383 843 atque
417 757 452 821 in
486 780 573 822 arma
607 757 706 843 egisse
764 759 947 846 raecipitem
981 761 1114 828 dicatur.

2 921 3 925 Ἰ
66 841 192 906 ‘Vince
208 842 358 907 animum.
406 841 493 907 Cave
509 842 665 907 deformes
681 781 780 908 mulia
794 845 878 910 bona
898 869 962 911 uno
978 848 1064 926 vitio,
1084 863 1117 914 et

2 953 3 956 ¹
65 936 134 992 ‘tot
153 929 337 993 meritorum
357 929 491 1016 gratiam
511 929 628 994 maiore
650 929 754 1016 culpa,
774 953 870 1016 quam
893 954 987 996 causa
1004 934 1116 1021 culpae

65 1022 76 1053 ‘
85 1028 144 1091 est,
160 1015 361 1101 corrumpaa’

110 1099 297 1164 Masinissae
313 1101 391 1166 haec
409 1101 554 1166 audienti
573 1125 640 1166 non
659 1103 756 1167 rubor
775 1101 877 1168 solum
895 1105 1041 1183 suffusus,
1057 1106 1115 1172 sed
1215 1158 1224 1176 .

2 1215 6 1221 ·
63 1185 212 1251 lacrimae
228 1187 323 1252 etiam
339 1188 486 1252 obortae:
511 1199 553 1264 et,
570 1211 670 1274 quum
694 1197 747 1252 ‘se
763 1189 894 1275 quidem
908 1190 942 1253 in
958 1203 1114 1277 potestate

65 1273 230 1337 ‘futurum
243 1273 455 1359 imperatoris’
470 1273 612 1351 dixisset,
626 1287 807 1360 orassetque
822 1298 906 1353 eum,
932 1285 942 1314 ‘
950 1291 996 1354 ut,
1013 1300 1115 1365 quan·

64 1367 75 1397 ‘
86 1371 156 1423 tum
178 1381 228 1422 res
247 1359 374 1436 sineret,
390 1358 467 1423 fidei
488 1383 562 1424 suae
586 1373 704 1424 temere
726 1360 893 1426 obstrictae
914 1363 1112 1443 consuleret3

64 1445 264 1531 ‘promisisse
290 1445 387 1523 enim,
414 1467 482 1510 sese
506 1446 540 1510 in
565 1445 683 1510 nullius
708 1459 898 1534 potestatem
921 1470 992 1512 eam
1016 1451 1114 1515 tradi·

2 1539 4 1572 ἓ
64 1531 213 1610 ‘turum,'
228 1553 269 1595 ex
284 1532 441 1617 praetorio
457 1533 491 1595 in
506 1532 744 1597 tabernaculum
762 1556 855 1597 suurn
873 1533 1021 1600 confusus
1036 1560 1113 1601 con-

2 1625 4 1630 ’
61 1617 165 1682 cessit.
219 1616 280 1694 Ibi,
310 1618 434 1682 arbitris
462 1618 601 1696 remotis,
628 1641 728 1706 quum
759 1620 870 1685 crebro
899 1621 1048 1708 suspiritu
1079 1636 1113 1688 et

60 1703 194 1790 gemitu,
216 1704 303 1790 quod
324 1703 415 1769 facile
437 1705 477 1769 ab
497 1705 771 1772 circumstantibus
794 1706 1033 1772 tabernaculum
1055 1732 1113 1774 ex·

60 1789 165 1854 audiri
185 1803 299 1875 posset,
316 1790 513 1876 aliquantum
533 1792 684 1878 temporis
699 1793 964 1879 consumpsisset;
989 1794 996 1808 '
1044 1796 1112 1860 enti

60 1874 104 1940 ad
133 1888 327 1961 postremum
357 1876 445 1941 edito
470 1877 602 1963 gemitu,
629 1876 730 1941 fidum
756 1900 774 1940 e
801 1877 897 1941 servis
923 1891 1025 1956 vocat,
1051 1880 1111 1945 sub

61 1961 153 2025 cuius
178 1960 322 2026 custodia
343 1961 432 2047 regio
458 1985 543 2026 more
570 1961 610 2026 ad
636 1963 758 2027 incerta
781 1963 926 2027 fortunae
950 1987 1111 2030 venenum

60 2058 138 2123 erat,
155 2059 188 2110 et
207 2046 344 2110 mixtum
364 2047 399 2110 in
419 2047 534 2133 poculo
552 2047 631 2112 ferre
652 2047 694 2112 ad
711 2047 941 2135 Sophonisbam
958 2049 1057 2128 iubet,
1073 2075 1109 2116 ac

59 2131 155 2198 simul
179 2131 347 2198 nuntiare:
384 2132 606 2198 ‘Masinissam
632 2133 769 2199 libenter
793 2135 929 2220 primam
954 2135 985 2200 ei
1011 2135 1108 2201 fidem
1118 2157 1248 2210 Manum

60 2227 312 2305 ‘praestaturum
330 2219 436 2298 fuisse,
453 2243 550 2306 quam
567 2220 617 2284 vir
633 2220 725 2284 uxori
742 2219 897 2286 debuerit
946 2221 1108 2296 Quoniam
1117 2237 1238 2298 venenum

2 2325 3 2328 ’
60 2305 246 2370 ‘arbitrium
275 2305 354 2384 eius,
381 2307 437 2393 qui
466 2305 596 2393 possint,
626 2307 777 2383 adimant,
793 2391 795 2396 Α
809 2306 981 2372 secundam
1009 2308 1107 2374 fidem
1117 2290 1250 2402 ffiffi„

61 2401 70 2430 ‘
104 2405 248 2469 raestare,
278 2415 320 2456 ne
350 2393 422 2457 viva
452 2393 488 2457 in
517 2405 707 2492 potestatem
741 2392 960 2458 Romanorum
989 2395 1105 2461 veniat.
1115 2366 1181 2466 bair.

60 2415 211 2543 ‘Memor
229 2479 327 2565 patris
347 2480 554 2566 imperatoris,
570 2480 764 2566 patriaeque,
780 2491 815 2543 et
828 2478 964 2544 duorum
984 2503 1106 2568 regum,

60 2565 197 2652 ‘quibus
211 2577 313 2652 nupta
326 2563 445 2642 fuisset,
458 2565 517 2630 sibi
531 2566 600 2652 ipsa
614 2565 812 2631 consuleret!
846 2565 944 2631 Hunc
956 2567 1107 2633 nuntium

58 2673 96 2715 ac
116 2651 210 2716 simul
229 2674 390 2716 venenum
409 2651 512 2716 ferens
534 2653 679 2717 minister
693 2675 793 2740 quum
813 2651 854 2716 ad
874 2651 1106 2740 Sophonisbam

57 2737 204 2814 venisset,
234 2737 412 2838 ‘Accipio'
433 2739 548 2825 inquit,
578 2738 740 2826 ‘nuptiale
763 2761 899 2816 munus3
928 2762 1033 2826 neque
1056 2741 1106 2804 in·

59 2833 213 2910 ‘gratum
232 2825 258 2888 si
280 2824 361 2888 nihrl
383 2825 484 2889 maius
505 2825 554 2889 vir
575 2826 667 2890 uxori
690 2839 847 2912 praestare
871 2825 984 2911 potuit.
1031 2825 1106 2890 Hoc

58 2919 185 2974 ‘tamen
210 2910 333 2988 nuntia,
359 2911 472 2974 melius
499 2933 549 2974 me
579 2911 764 2975 morituram
789 2909 895 2986 fuisse,
923 2911 949 2973 si
975 2934 1041 2975 non
1070 2911 1106 2975 in

58 3005 69 3034 ‘
79 2995 189 3060 funere
212 3019 285 3060 meo
308 2995 504 3082 nupsissem’
549 2995 626 3059 Non
651 2995 755 3058 locuta
775 3007 822 3059 est
843 2995 988 3072 ferocius,
1008 3017 1104 3081 quam

55 3093 221 3181 acceptum
279 3081 397 3158 culum,
410 3080 498 3145 nullo
510 3080 730 3167 trepidationis
744 3080 835 3166 signo
846 3079 931 3155 dato,
944 3081 1104 3166 impavide

55 3168 168 3234 hausrt
217 3105 315 3243 (iiiod
336 3167 390 3232 ubi
410 3167 591 3231 nuntiatum
613 3177 660 3230 est
683 3164 834 3251 Scipioni,
849 3187 891 3229 ne
911 3165 991 3251 quid
1010 3188 1105 3252 aeger

55 3253 153 3318 animi
174 3254 265 3318 ferox
287 3253 412 3318 iuvenis
434 3253 559 3339 gravius
581 3250 769 3328 consuleret,
792 3251 928 3315 accitum
951 3273 1024 3314 eum
1048 3275 1104 3316 ex-

55 3339 175 3427 templo
197 3361 283 3404 nuno
305 3339 443 3416 solatur;
466 3361 562 3416 nunc,
582 3337 670 3426 quod
692 3337 903 3402 temeritatem
926 3337 1102 3402 temeritate

54 3425 117 3491 alia
135 3426 239 3502 luerit,
256 3425 488 3512 tristioremque
507 3447 584 3501 rem,
601 3446 698 3510 quam
718 3446 846 3488 necesse
860 3423 966 3500 fuerit,
982 3423 1102 3500 feeerit,

54 3513 170 3577 leniter
192 3511 332 3600 castigat
378 3511 510 3576 Postero
534 3510 597 3587 die,
619 3522 656 3574 ut
679 3533 698 3573 a
743 3509 878 3574 raesenti
903 3521 992 3573 motu
1015 3528 1260 3594 aver-supralata

55 3611 138 3664 teret
155 3597 298 3663 animmn
318 3597 395 3675 eius,
412 3597 446 3661 in
465 3595 604 3662 tribunal
624 3531 775 3672 escendit,
791 3607 825 3659 et
844 3595 1030 3660 concionem
1046 3595 1099 3659 ad·
1110 3593 1220 3670 ‘lssisssflt

54 3685 158 3750 vocari
174 3684 272 3748 iussit.
318 3682 369 3748 Ibi
384 3683 595 3761 Masinissam,
611 3684 749 3769 primum
769 3704 878 3768 regem
898 3681 1100 3768 appellatum,
1109 3673 1168 3769 {3¹⁸⁹
1167 3659 1237 3772 ἔξω
1341 3762 1344 3770 .

29 3771 243 3858 aeximiisque
265 3783 411 3836 omatum
432 3769 588 3847 laudibus,
607 3791 703 3833 aurea
724 3791 849 3844 corona,
866 3790 961 3832 aurea
981 3781 1214 3854 pateradecomt

54 3857 131 3922 sella
156 3856 267 3934 curuli,
292 3871 325 3922 et
349 3855 490 3943 scipione
514 3857 664 3933 eburneo,
689 3868 763 3942 toga
788 3855 882 3941 picta,
908 3866 942 3918 et
965 3853 1102 3941 palmata

30 3944 164 4019 stunica
188 3943 296 4008 donat.
342 3941 447 4006 Addit
473 3943 575 4007 verbis
599 3943 765 4018 honorem,
793 3939 932 4029 ‘Neque
956 3942 1102 4028 magnifi-

56 4031 201 4095 ‘centius
227 4029 400 4118 quicquam
426 4028 587 4115 triumpho
610 4028 700 4117 apud
723 4027 896 4106 Romanos,
919 4050 1024 4116 neque
1047 4029 1103 4092 tri·

88 4199 204 4247 adarca
226 4197 328 4259 potero]
363 4196 423 4252 Qua
447 4192 561 4244 nimirum
627 4195 735 4256 3Adda’t
757 4197 836 4245 verbis
858 4191 983 4255 bonoram]
1010 4194 1104 4243 Munus

56 4261 206 4310 diislibaret.
240 4261 281 4308 De
295 4265 353 4323 toga
363 4259 430 4322 picta
441 4265 466 4307 et
477 4258 562 4308 tunica
593 4257 870 4321 iusuperomatrarbis.
888 4259 968 4308 Cast.

57 4327 173 4389 puncta,
184 4325 216 4376 ol.
227 4339 292 4388 supr.
304 4339 329 4374 x.
343 4335 363 4386 7.
381 4324 461 4374 Canu.
