<?xml version="1.0" encoding="UTF-8"?>
<!DOCTYPE html PUBLIC "-//W3C//DTD XHTML 1.0 Transitional//EN"
    "http://www.w3.org/TR/xhtml1/DTD/xhtml1-transitional.dtd">
<html xmlns="http://www.w3.org/1999/xhtml" xml:lang="en" lang="en">
 <head>
  <title>
</title>
<meta http-equiv="Content-Type" content="text/html;charset=utf-8" />
  <meta name='ocr-system' content='tesseract 3.04.00' />
  <meta name='ocr-capabilities' content='ocr_page ocr_carea ocr_par ocr_line ocrx_word'/>
</head>
<body>
  <div class='ocr_page' id='page_1' title='image "./tliviipatavinih00kreygoog_0519.png"; bbox 0 0 2866 4770; ppageno 0'>
   <div class='ocr_carea' id='block_1_1' title="bbox 347 221 1011 292">
    <p class='ocr_par' dir='ltr' id='par_1_1' title="bbox 347 221 1011 292">
     <span class='ocr_line' id='line_1_1' title="bbox 347 221 1011 292; baseline -0.002 -1"><span class='ocrx_word' id='word_1_1' title='bbox 347 228 409 292; x_wconf 84' lang='grc'><strong>508</strong></span> <span class='ocrx_word' id='word_1_2' title='bbox 730 221 843 290; x_wconf 87' lang='grc' dir='ltr'>ΤΙΤΙ</span> <span class='ocrx_word' id='word_1_3' title='bbox 872 221 1011 290; x_wconf 86' lang='lat' dir='ltr'>LIVII</span> 
     </span>
    </p>
   </div>
   <div class='ocr_carea' id='block_1_2' title="bbox 190 356 1358 2935">
    <p class='ocr_par' dir='ltr' id='par_1_2' title="bbox 191 356 1344 446">
     <span class='ocr_line' id='line_1_2' title="bbox 191 356 1344 446; baseline -0.002 -24"><span class='ocrx_word' id='word_1_4' title='bbox 191 371 224 422; x_wconf 80' lang='lat' dir='ltr'><strong>[J.</strong></span> <span class='ocrx_word' id='word_1_5' title='bbox 236 371 265 420; x_wconf 81' lang='grc' dir='ltr'><strong>ο.</strong></span> <span class='ocrx_word' id='word_1_6' title='bbox 282 386 337 435; x_wconf 77' lang='lat'><strong>549·</strong></span> <span class='ocrx_word' id='word_1_7' title='bbox 346 359 449 446; x_wconf 86' lang='lat' dir='ltr'><strong>Igitur</strong></span> <span class='ocrx_word' id='word_1_8' title='bbox 462 381 520 446; x_wconf 89' lang='lat' dir='ltr'><strong>pro</strong></span> <span class='ocrx_word' id='word_1_9' title='bbox 540 381 573 423; x_wconf 90' lang='lat' dir='ltr'><strong>se</strong></span> <span class='ocrx_word' id='word_1_10' title='bbox 595 357 730 444; x_wconf 89' lang='lat' dir='ltr'><strong>quisque</strong></span> <span class='ocrx_word' id='word_1_11' title='bbox 746 357 893 436; x_wconf 90' lang='lat' dir='ltr'><strong>inermes,</strong></span> <span class='ocrx_word' id='word_1_12' title='bbox 910 371 947 422; x_wconf 92' lang='lat' dir='ltr'><strong>ut</strong></span> <span class='ocrx_word' id='word_1_13' title='bbox 963 359 1080 444; x_wconf 90' lang='lat' dir='ltr'><strong>quibus</strong></span> <span class='ocrx_word' id='word_1_14' title='bbox 1098 357 1177 421; x_wconf 91' lang='lat' dir='ltr'><strong>nihil</strong></span> <span class='ocrx_word' id='word_1_15' title='bbox 1193 356 1287 420; x_wconf 87' lang='lat' dir='ltr'><strong>hostile</strong></span> <span class='ocrx_word' id='word_1_16' title='bbox 1298 378 1344 419; x_wconf 74' lang='lat' dir='ltr'><strong>sne</strong></span> 
     </span>
    </p>

    <p class='ocr_par' dir='ltr' id='par_1_3' title="bbox 190 436 1358 2164">
     <span class='ocr_line' id='line_1_3' title="bbox 190 436 1344 534; baseline -0.006 -24"><span class='ocrx_word' id='word_1_17' title='bbox 190 436 219 486; x_wconf 35' lang='grc' dir='ltr'><strong>ΑΛ</strong></span> <span class='ocrx_word' id='word_1_18' title='bbox 237 437 267 486; x_wconf 77' lang='lat'><strong>⁰·</strong></span> <span class='ocrx_word' id='word_1_19' title='bbox 282 449 474 534; x_wconf 73' lang='lat' dir='ltr'><strong>2⁰³·pscmm</strong></span> <span class='ocrx_word' id='word_1_20' title='bbox 494 457 585 522; x_wconf 89' lang='lat' dir='ltr'><strong>esset,</strong></span> <span class='ocrx_word' id='word_1_21' title='bbox 602 445 751 509; x_wconf 90' lang='lat' dir='ltr'><strong>omnibus</strong></span> <span class='ocrx_word' id='word_1_22' title='bbox 770 445 879 532; x_wconf 91' lang='lat' dir='ltr'><strong>portis,</strong></span> <span class='ocrx_word' id='word_1_23' title='bbox 895 466 960 530; x_wconf 91' lang='lat' dir='ltr'><strong>qua</strong></span> <span class='ocrx_word' id='word_1_24' title='bbox 979 445 1096 530; x_wconf 88' lang='lat' dir='ltr'><strong>cuique</strong></span> <span class='ocrx_word' id='word_1_25' title='bbox 1115 444 1276 530; x_wconf 87' lang='lat' dir='ltr'><strong>proximum</strong></span> <span class='ocrx_word' id='word_1_26' title='bbox 1290 454 1344 516; x_wconf 83' lang='lat' dir='ltr'><strong>ent,</strong></span> 
     </span>
     <span class='ocr_line' id='line_1_4' title="bbox 345 527 1344 617; baseline -0.006 -21"><span class='ocrx_word' id='word_1_27' title='bbox 345 555 384 596; x_wconf 90' lang='lat' dir='ltr'><strong>ea</strong></span> <span class='ocrx_word' id='word_1_28' title='bbox 412 532 518 608; x_wconf 93' lang='lat' dir='ltr'><strong>mod0,</strong></span> <span class='ocrx_word' id='word_1_29' title='bbox 549 554 631 617; x_wconf 90' lang='lat' dir='ltr'><strong>quae</strong></span> <span class='ocrx_word' id='word_1_30' title='bbox 661 531 889 616; x_wconf 86' lang='lat' dir='ltr'><strong>restinguendo</strong></span> <span class='ocrx_word' id='word_1_31' title='bbox 919 531 986 616; x_wconf 87' lang='lat' dir='ltr'>igni</span> <span class='ocrx_word' id='word_1_32' title='bbox 1015 531 1129 606; x_wconf 86' lang='lat' dir='ltr'><strong>forent,</strong></span> <span class='ocrx_word' id='word_1_33' title='bbox 1158 527 1344 617; x_wconf 80' lang='lat' dir='ltr'><strong>portanteain</strong></span> 
     </span>
     <span class='ocr_line' id='line_1_5' title="bbox 345 615 1344 704; baseline -0.007 -22"><span class='ocrx_word' id='word_1_34' title='bbox 345 640 460 704; x_wconf 86' lang='lat' dir='ltr'><strong>agmen</strong></span> <span class='ocrx_word' id='word_1_35' title='bbox 475 618 659 682; x_wconf 88' lang='lat' dir='ltr'><strong>Romanum</strong></span> <span class='ocrx_word' id='word_1_36' title='bbox 680 618 822 681; x_wconf 77' lang='lat' dir='ltr'>ruebant.</span> <span class='ocrx_word' id='word_1_37' title='bbox 871 617 999 692; x_wconf 83' lang='lat' dir='ltr'><strong>Quibus</strong></span> <span class='ocrx_word' id='word_1_38' title='bbox 1017 617 1116 680; x_wconf 87' lang='lat' dir='ltr'><strong>caesis</strong></span> <span class='ocrx_word' id='word_1_39' title='bbox 1131 615 1273 689; x_wconf 90' lang='lat' dir='ltr'><strong>omnibus,</strong></span> <span class='ocrx_word' id='word_1_40' title='bbox 1283 635 1344 698; x_wconf 80' lang='lat' dir='ltr'><strong>prae</strong></span> 
     </span>
     <span class='ocr_line' id='line_1_6' title="bbox 345 701 1344 790; baseline -0.007 -22"><span class='ocrx_word' id='word_1_41' title='bbox 345 717 490 790; x_wconf 85' lang='lat' dir='ltr'><strong>terquam</strong></span> <span class='ocrx_word' id='word_1_42' title='bbox 512 702 621 767; x_wconf 88' lang='lat' dir='ltr'><strong>hostili</strong></span> <span class='ocrx_word' id='word_1_43' title='bbox 641 702 724 781; x_wconf 90' lang='lat' dir='ltr'><strong>odio,</strong></span> <span class='ocrx_word' id='word_1_44' title='bbox 740 703 836 766; x_wconf 89' lang='lat' dir='ltr'><strong>etiam</strong></span> <span class='ocrx_word' id='word_1_45' title='bbox 856 725 898 767; x_wconf 88' lang='lat' dir='ltr'><strong>ne</strong></span> <span class='ocrx_word' id='word_1_46' title='bbox 942 704 988 766; x_wconf 88' lang='lat' dir='ltr'><strong>uis</strong></span> <span class='ocrx_word' id='word_1_47' title='bbox 1006 702 1139 766; x_wconf 89' lang='lat' dir='ltr'><strong>nuntius</strong></span> <span class='ocrx_word' id='word_1_48' title='bbox 1158 701 1344 787; x_wconf 73' lang='lat' dir='ltr'><strong>effirgercter·</strong></span> 
     </span>
     <span class='ocr_line' id='line_1_7' title="bbox 345 727 1342 876; baseline -0.009 -21"><span class='ocrx_word' id='word_1_49' title='bbox 345 803 409 855; x_wconf 84' lang='lat' dir='ltr'><strong>tem</strong></span> <span class='ocrx_word' id='word_1_50' title='bbox 433 788 465 854; x_wconf 93' lang='lat' dir='ltr'><strong>lo</strong></span> <span class='ocrx_word' id='word_1_51' title='bbox 482 788 589 876; x_wconf 85' lang='lat' dir='ltr'>Scipio</span> <span class='ocrx_word' id='word_1_52' title='bbox 610 788 778 876; x_wconf 84' lang='lat' dir='ltr'><strong>neglectas,</strong></span> <span class='ocrx_word' id='word_1_53' title='bbox 794 790 880 853; x_wconf 93' lang='lat' dir='ltr'><strong>utin</strong></span> <span class='ocrx_word' id='word_1_54' title='bbox 898 727 953 853; x_wconf 70' lang='lat' dir='ltr'><strong>ulli</strong></span> <span class='ocrx_word' id='word_1_55' title='bbox 968 788 1117 864; x_wconf 90' lang='lat' dir='ltr'><strong>tumultu,</strong></span> <span class='ocrx_word' id='word_1_56' title='bbox 1133 799 1233 874; x_wconf 86' lang='lat' dir='ltr'><strong>portas</strong></span> <span class='ocrx_word' id='word_1_57' title='bbox 1244 783 1342 848; x_wconf 81' lang='lat' dir='ltr'><strong>invadit:</strong></span> 
     </span>
     <span class='ocr_line' id='line_1_8' title="bbox 344 811 1344 963; baseline -0.008 -23"><span class='ocrx_word' id='word_1_58' title='bbox 344 811 534 963; x_wconf 76' lang='lat' dir='ltr'><strong>ignibusque</strong></span> <span class='ocrx_word' id='word_1_59' title='bbox 549 876 583 938; x_wconf 91' lang='lat' dir='ltr'><strong>in</strong></span> <span class='ocrx_word' id='word_1_60' title='bbox 621 874 743 939; x_wconf 85' lang='lat' dir='ltr'><strong>roxima</strong></span> <span class='ocrx_word' id='word_1_61' title='bbox 757 887 842 940; x_wconf 83' lang='lat' dir='ltr'><strong>tecta</strong></span> <span class='ocrx_word' id='word_1_62' title='bbox 859 875 1021 952; x_wconf 90' lang='lat' dir='ltr'><strong>coniectis,</strong></span> <span class='ocrx_word' id='word_1_63' title='bbox 1036 875 1138 938; x_wconf 80' lang='lat' dir='ltr'><strong>effima</strong></span> <span class='ocrx_word' id='word_1_64' title='bbox 1151 874 1266 936; x_wconf 90' lang='lat' dir='ltr'><strong>flamma</strong></span> <span class='ocrx_word' id='word_1_65' title='bbox 1275 869 1344 956; x_wconf 86' lang='lat' dir='ltr'><strong>prino</strong></span> 
     </span>
     <span class='ocr_line' id='line_1_9' title="bbox 344 898 1344 1048; baseline -0.009 -22"><span class='ocrx_word' id='word_1_66' title='bbox 344 961 442 1026; x_wconf 79' lang='lat' dir='ltr'><strong>veluti</strong></span> <span class='ocrx_word' id='word_1_67' title='bbox 457 983 563 1048; x_wconf 87' lang='lat' dir='ltr'><strong>sparsa</strong></span> <span class='ocrx_word' id='word_1_68' title='bbox 581 898 725 1046; x_wconf 80' lang='lat' dir='ltr'><strong>pluribus</strong></span> <span class='ocrx_word' id='word_1_69' title='bbox 744 959 822 1025; x_wconf 89' lang='lat' dir='ltr'><strong>locis</strong></span> <span class='ocrx_word' id='word_1_70' title='bbox 841 961 968 1038; x_wconf 82' lang='lat' dir='ltr'><strong>reluxit,</strong></span> <span class='ocrx_word' id='word_1_71' title='bbox 984 961 1059 1024; x_wconf 92' lang='lat' dir='ltr'><strong>dein</strong></span> <span class='ocrx_word' id='word_1_72' title='bbox 1079 983 1139 1047; x_wconf 93' lang='lat' dir='ltr'><strong>per</strong></span> <span class='ocrx_word' id='word_1_73' title='bbox 1157 959 1290 1024; x_wconf 88' lang='lat' dir='ltr'><strong>continua</strong></span> <span class='ocrx_word' id='word_1_74' title='bbox 1303 977 1344 1017; x_wconf 77' lang='lat' dir='ltr'><strong>ses·</strong></span> 
     </span>
     <span class='ocr_line' id='line_1_10' title="bbox 343 1041 1344 1135; baseline -0.01 -23"><span class='ocrx_word' id='word_1_75' title='bbox 343 1069 432 1135; x_wconf 89' lang='lat' dir='ltr'><strong>pens,</strong></span> <span class='ocrx_word' id='word_1_76' title='bbox 449 1070 514 1112; x_wconf 92' lang='lat' dir='ltr'><strong>uno</strong></span> <span class='ocrx_word' id='word_1_77' title='bbox 529 1059 660 1133; x_wconf 90' lang='lat' dir='ltr'><strong>repente</strong></span> <span class='ocrx_word' id='word_1_78' title='bbox 675 1047 782 1111; x_wconf 92' lang='lat' dir='ltr'><strong>omnia</strong></span> <span class='ocrx_word' id='word_1_79' title='bbox 801 1046 951 1111; x_wconf 90' lang='lat' dir='ltr'><strong>incendio</strong></span> <span class='ocrx_word' id='word_1_80' title='bbox 965 1047 1078 1110; x_wconf 79' lang='lat' dir='ltr'><strong>hausit.</strong></span> <span class='ocrx_word' id='word_1_81' title='bbox 1126 1043 1266 1109; x_wconf 84' lang='lat' dir='ltr'><strong>Ambusti</strong></span> <span class='ocrx_word' id='word_1_82' title='bbox 1276 1041 1344 1104; x_wconf 77' lang='lat' dir='ltr'><strong>honi</strong></span> 
     </span>
     <span class='ocr_line' id='line_1_11' title="bbox 344 1131 1345 1220; baseline -0.009 -22"><span class='ocrx_word' id='word_1_83' title='bbox 344 1157 401 1198; x_wconf 89' lang='lat' dir='ltr'><strong>nes</strong></span> <span class='ocrx_word' id='word_1_84' title='bbox 415 1134 619 1219; x_wconf 86' lang='lat' dir='ltr'><strong>iumentaque</strong></span> <span class='ocrx_word' id='word_1_85' title='bbox 634 1132 729 1197; x_wconf 87' lang='lat' dir='ltr'><strong>foeda</strong></span> <span class='ocrx_word' id='word_1_86' title='bbox 747 1134 886 1219; x_wconf 88' lang='lat' dir='ltr'><strong>primum</strong></span> <span class='ocrx_word' id='word_1_87' title='bbox 901 1133 984 1220; x_wconf 80' lang='lat' dir='ltr'><strong>luga,</strong></span> <span class='ocrx_word' id='word_1_88' title='bbox 1000 1131 1075 1196; x_wconf 90' lang='lat' dir='ltr'><strong>dein</strong></span> <span class='ocrx_word' id='word_1_89' title='bbox 1093 1145 1206 1218; x_wconf 87' lang='lat' dir='ltr'><strong>strage,</strong></span> <span class='ocrx_word' id='word_1_90' title='bbox 1221 1131 1345 1194; x_wconf 86' lang='lat' dir='ltr'><strong>obmerant</strong></span> 
     </span>
     <span class='ocr_line' id='line_1_12' title="bbox 344 1213 1345 1307; baseline -0.01 -24"><span class='ocrx_word' id='word_1_91' title='bbox 344 1221 458 1284; x_wconf 88' lang='lat' dir='ltr'><strong>itinera</strong></span> <span class='ocrx_word' id='word_1_92' title='bbox 478 1233 649 1307; x_wconf 88' lang='lat' dir='ltr'><strong>portarum.</strong></span> <span class='ocrx_word' id='word_1_93' title='bbox 698 1219 788 1292; x_wconf 81' lang='lat' dir='ltr'><strong>Quos</strong></span> <span class='ocrx_word' id='word_1_94' title='bbox 810 1241 876 1283; x_wconf 87' lang='lat' dir='ltr'><strong>non</strong></span> <span class='ocrx_word' id='word_1_95' title='bbox 899 1233 1094 1306; x_wconf 74' lang='lat' dir='ltr'><strong>oppresserat</strong></span> <span class='ocrx_word' id='word_1_96' title='bbox 1117 1219 1209 1305; x_wconf 85' lang='lat' dir='ltr'><strong>ignis,</strong></span> <span class='ocrx_word' id='word_1_97' title='bbox 1230 1216 1296 1278; x_wconf 87' lang='lat' dir='ltr'><strong>ferro</strong></span> <span class='ocrx_word' id='word_1_98' title='bbox 1311 1213 1345 1274; x_wconf 82' lang='lat' dir='ltr'><strong>ab</strong></span> 
     </span>
     <span class='ocr_line' id='line_1_13' title="bbox 343 1305 1345 1392; baseline -0.006 -22"><span class='ocrx_word' id='word_1_99' title='bbox 343 1307 481 1392; x_wconf 87' lang='lat' dir='ltr'><strong>sumpti:</strong></span> <span class='ocrx_word' id='word_1_100' title='bbox 512 1306 651 1391; x_wconf 85' lang='lat' dir='ltr'><strong>binaque</strong></span> <span class='ocrx_word' id='word_1_101' title='bbox 673 1317 773 1368; x_wconf 88' lang='lat' dir='ltr'><strong>castra</strong></span> <span class='ocrx_word' id='word_1_102' title='bbox 795 1305 884 1369; x_wconf 88' lang='lat' dir='ltr'><strong>clade</strong></span> <span class='ocrx_word' id='word_1_103' title='bbox 907 1328 972 1369; x_wconf 88' lang='lat' dir='ltr'><strong>una</strong></span> <span class='ocrx_word' id='word_1_104' title='bbox 992 1305 1106 1369; x_wconf 89' lang='lat' dir='ltr'><strong>deleta.</strong></span> <span class='ocrx_word' id='word_1_105' title='bbox 1155 1305 1255 1368; x_wconf 86' lang='lat' dir='ltr'><strong>Duces</strong></span> <span class='ocrx_word' id='word_1_106' title='bbox 1273 1312 1345 1364; x_wconf 84' lang='lat' dir='ltr'><strong>tanen</strong></span> 
     </span>
     <span class='ocr_line' id='line_1_14' title="bbox 343 1389 1345 1475; baseline -0.008 -19"><span class='ocrx_word' id='word_1_107' title='bbox 343 1393 446 1468; x_wconf 91' lang='lat' dir='ltr'><strong>ambo,</strong></span> <span class='ocrx_word' id='word_1_108' title='bbox 462 1404 551 1456; x_wconf 88' lang='lat' dir='ltr'><strong>etex</strong></span> <span class='ocrx_word' id='word_1_109' title='bbox 574 1403 621 1455; x_wconf 89' lang='lat' dir='ltr'><strong>tot</strong></span> <span class='ocrx_word' id='word_1_110' title='bbox 641 1390 780 1454; x_wconf 90' lang='lat' dir='ltr'><strong>millibus</strong></span> <span class='ocrx_word' id='word_1_111' title='bbox 795 1402 986 1456; x_wconf 89' lang='lat' dir='ltr'><strong>armatorum</strong></span> <span class='ocrx_word' id='word_1_112' title='bbox 1002 1391 1067 1455; x_wconf 93' lang='lat' dir='ltr'><strong>duo</strong></span> <span class='ocrx_word' id='word_1_113' title='bbox 1081 1391 1182 1454; x_wconf 88' lang='lat' dir='ltr'><strong>millia</strong></span> <span class='ocrx_word' id='word_1_114' title='bbox 1199 1389 1315 1475; x_wconf 84' lang='lat' dir='ltr'><strong>peditum</strong></span> <span class='ocrx_word' id='word_1_115' title='bbox 1325 1398 1345 1444; x_wconf 85' lang='lat' dir='ltr'><strong>et</strong></span> 
     </span>
     <span class='ocr_line' id='line_1_15' title="bbox 343 1471 1358 1564; baseline -0.002 -24"><span class='ocrx_word' id='word_1_116' title='bbox 343 1478 511 1563; x_wconf 85' lang='lat' dir='ltr'><strong>quingenti</strong></span> <span class='ocrx_word' id='word_1_117' title='bbox 532 1499 551 1541; x_wconf 93' lang='lat' dir='ltr'><strong>e</strong></span> <span class='ocrx_word' id='word_1_118' title='bbox 576 1477 658 1540; x_wconf 90' lang='lat' dir='ltr'><strong>uites</strong></span> <span class='ocrx_word' id='word_1_119' title='bbox 677 1477 868 1554; x_wconf 90' lang='lat' dir='ltr'><strong>semiermes,</strong></span> <span class='ocrx_word' id='word_1_120' title='bbox 884 1499 999 1564; x_wconf 88' lang='lat' dir='ltr'><strong>magna</strong></span> <span class='ocrx_word' id='word_1_121' title='bbox 1018 1499 1090 1564; x_wconf 88' lang='lat' dir='ltr'><strong>pars</strong></span> <span class='ocrx_word' id='word_1_122' title='bbox 1106 1476 1213 1552; x_wconf 81' lang='lat' dir='ltr'><strong>saucii,</strong></span> <span class='ocrx_word' id='word_1_123' title='bbox 1229 1471 1358 1556; x_wconf 79' lang='lat' dir='ltr'><strong>affiatiqntt</strong></span> 
     </span>
     <span class='ocr_line' id='line_1_16' title="bbox 342 1501 1346 1649; baseline -0.004 -23"><span class='ocrx_word' id='word_1_124' title='bbox 342 1564 501 1639; x_wconf 89' lang='lat' dir='ltr'><strong>incendic,</strong></span> <span class='ocrx_word' id='word_1_125' title='bbox 525 1501 715 1649; x_wconf 68' lang='lat' dir='ltr'><strong>albigerunt.</strong></span> <span class='ocrx_word' id='word_1_126' title='bbox 763 1562 865 1628; x_wconf 89' lang='lat' dir='ltr'><strong>Caesa</strong></span> <span class='ocrx_word' id='word_1_127' title='bbox 890 1578 946 1628; x_wconf 88' lang='lat' dir='ltr'><strong>aut</strong></span> <span class='ocrx_word' id='word_1_128' title='bbox 967 1563 1079 1627; x_wconf 88' lang='lat' dir='ltr'><strong>hausta</strong></span> <span class='ocrx_word' id='word_1_129' title='bbox 1099 1563 1233 1626; x_wconf 88' lang='lat' dir='ltr'><strong>flammis</strong></span> <span class='ocrx_word' id='word_1_130' title='bbox 1251 1557 1346 1645; x_wconf 85' lang='lat' dir='ltr'><strong>quadn·</strong></span> 
     </span>
     <span class='ocr_line' id='line_1_17' title="bbox 341 1642 1344 1736; baseline 0.002 -25"><span class='ocrx_word' id='word_1_131' title='bbox 341 1649 432 1734; x_wconf 88' lang='lat' dir='ltr'><strong>ginta</strong></span> <span class='ocrx_word' id='word_1_132' title='bbox 453 1647 552 1712; x_wconf 91' lang='lat' dir='ltr'><strong>millia</strong></span> <span class='ocrx_word' id='word_1_133' title='bbox 577 1649 744 1713; x_wconf 92' lang='lat' dir='ltr'><strong>hominum</strong></span> <span class='ocrx_word' id='word_1_134' title='bbox 765 1663 849 1724; x_wconf 91' lang='lat' dir='ltr'><strong>sunt,</strong></span> <span class='ocrx_word' id='word_1_135' title='bbox 872 1661 965 1736; x_wconf 87' lang='lat' dir='ltr'><strong>capta</strong></span> <span class='ocrx_word' id='word_1_136' title='bbox 989 1671 1084 1735; x_wconf 89' lang='lat' dir='ltr'><strong>supra</strong></span> <span class='ocrx_word' id='word_1_137' title='bbox 1105 1642 1344 1735; x_wconf 71' lang='lat' dir='ltr'><strong>quinquenium</strong></span> 
     </span>
     <span class='ocr_line' id='line_1_18' title="bbox 342 1731 1346 1820; baseline -0.001 -24"><span class='ocrx_word' id='word_1_138' title='bbox 342 1733 435 1797; x_wconf 92' lang='lat' dir='ltr'><strong>multi</strong></span> <span class='ocrx_word' id='word_1_139' title='bbox 451 1733 763 1820; x_wconf 80' lang='lat' dir='ltr'><strong>Carthaginiensium</strong></span> <span class='ocrx_word' id='word_1_140' title='bbox 784 1734 915 1812; x_wconf 90' lang='lat' dir='ltr'><strong>nobiles,</strong></span> <span class='ocrx_word' id='word_1_141' title='bbox 932 1733 1082 1798; x_wconf 86' lang='lat' dir='ltr'><strong>undecim</strong></span> <span class='ocrx_word' id='word_1_142' title='bbox 1097 1747 1269 1798; x_wconf 79' lang='lat' dir='ltr'><strong>senatores:</strong></span> <span class='ocrx_word' id='word_1_143' title='bbox 1287 1731 1346 1812; x_wconf 70' lang='lat' dir='ltr'><strong>signs</strong></span> 
     </span>
     <span class='ocr_line' id='line_1_19' title="bbox 342 1817 1346 1906; baseline -0.008 -24"><span class='ocrx_word' id='word_1_144' title='bbox 342 1819 489 1883; x_wconf 89' lang='lat' dir='ltr'><strong>militaria</strong></span> <span class='ocrx_word' id='word_1_145' title='bbox 500 1834 630 1884; x_wconf 90' lang='lat' dir='ltr'><strong>centum</strong></span> <span class='ocrx_word' id='word_1_146' title='bbox 644 1821 844 1906; x_wconf 79' lang='lat' dir='ltr'><strong>septuaginta</strong></span> <span class='ocrx_word' id='word_1_147' title='bbox 855 1833 1014 1906; x_wconf 90' lang='lat' dir='ltr'><strong>quattuor,</strong></span> <span class='ocrx_word' id='word_1_148' title='bbox 1026 1821 1102 1906; x_wconf 87' lang='lat' dir='ltr'><strong>equi</strong></span> <span class='ocrx_word' id='word_1_149' title='bbox 1118 1817 1274 1883; x_wconf 89' lang='lat' dir='ltr'><strong>Numidici</strong></span> <span class='ocrx_word' id='word_1_150' title='bbox 1284 1832 1346 1898; x_wconf 82' lang='lat' dir='ltr'><strong>supra</strong></span> 
     </span>
     <span class='ocr_line' id='line_1_20' title="bbox 342 1901 1346 1993; baseline -0.003 -25"><span class='ocrx_word' id='word_1_151' title='bbox 342 1905 407 1969; x_wconf 91' lang='lat' dir='ltr'><strong>duo</strong></span> <span class='ocrx_word' id='word_1_152' title='bbox 429 1905 529 1968; x_wconf 86' lang='lat' dir='ltr'><strong>millia</strong></span> <span class='ocrx_word' id='word_1_153' title='bbox 549 1905 752 1992; x_wconf 87' lang='lat' dir='ltr'><strong>septingenti,</strong></span> <span class='ocrx_word' id='word_1_154' title='bbox 775 1905 937 1993; x_wconf 86' lang='lat' dir='ltr'><strong>elephanti</strong></span> <span class='ocrx_word' id='word_1_155' title='bbox 959 1929 1015 1969; x_wconf 87' lang='lat' dir='ltr'><strong>sex</strong></span> <span class='ocrx_word' id='word_1_156' title='bbox 1037 1906 1144 1991; x_wconf 84' lang='lat' dir='ltr'><strong>capti3</strong></span> <span class='ocrx_word' id='word_1_157' title='bbox 1173 1917 1241 1968; x_wconf 92' lang='lat' dir='ltr'><strong>octo</strong></span> <span class='ocrx_word' id='word_1_158' title='bbox 1258 1901 1346 1965; x_wconf 72' lang='lat' dir='ltr'><strong>finan</strong></span> 
     </span>
     <span class='ocr_line' id='line_1_21' title="bbox 341 1982 1346 2078; baseline -0.003 -24"><span class='ocrx_word' id='word_1_159' title='bbox 341 1990 488 2076; x_wconf 88' lang='lat' dir='ltr'><strong>ferroque</strong></span> <span class='ocrx_word' id='word_1_160' title='bbox 518 1992 686 2078; x_wconf 87' lang='lat' dir='ltr'><strong>absumpti,</strong></span> <span class='ocrx_word' id='word_1_161' title='bbox 717 2013 894 2078; x_wconf 87' lang='lat' dir='ltr'><strong>magnaque</strong></span> <span class='ocrx_word' id='word_1_162' title='bbox 924 1993 971 2055; x_wconf 89' lang='lat' dir='ltr'><strong>vis</strong></span> <span class='ocrx_word' id='word_1_163' title='bbox 1000 2013 1162 2055; x_wconf 87' lang='lat' dir='ltr'><strong>armorum</strong></span> <span class='ocrx_word' id='word_1_164' title='bbox 1190 2003 1278 2075; x_wconf 84' lang='lat' dir='ltr'><strong>capta</strong></span> <span class='ocrx_word' id='word_1_165' title='bbox 1316 1982 1346 2046; x_wconf 75' lang='lat' dir='ltr'><strong>Et</strong></span> 
     </span>
     <span class='ocr_line' id='line_1_22' title="bbox 343 2076 1094 2164; baseline -0.001 -23"><span class='ocrx_word' id='word_1_166' title='bbox 343 2077 451 2141; x_wconf 89' lang='lat' dir='ltr'><strong>omnia</strong></span> <span class='ocrx_word' id='word_1_167' title='bbox 464 2077 635 2164; x_wconf 88' lang='lat' dir='ltr'><strong>imperator</strong></span> <span class='ocrx_word' id='word_1_168' title='bbox 649 2076 795 2142; x_wconf 90' lang='lat' dir='ltr'><strong>Vulcano</strong></span> <span class='ocrx_word' id='word_1_169' title='bbox 809 2095 929 2142; x_wconf 86' lang='lat' dir='ltr'><strong>sacrata</strong></span> <span class='ocrx_word' id='word_1_170' title='bbox 942 2077 1094 2141; x_wconf 85' lang='lat' dir='ltr'><strong>incendit.</strong></span> 
     </span>
    </p>

    <p class='ocr_par' dir='ltr' id='par_1_4' title="bbox 266 2154 1358 2935">
     <span class='ocr_line' id='line_1_23' title="bbox 266 2154 1358 2250; baseline -0.005 -24"><span class='ocrx_word' id='word_1_171' title='bbox 266 2209 275 2227; x_wconf 89' lang='lat'><strong><em>.</em></strong></span> <span class='ocrx_word' id='word_1_172' title='bbox 388 2161 570 2226; x_wconf 86' lang='lat' dir='ltr'><strong>Hasdrubal</strong></span> <span class='ocrx_word' id='word_1_173' title='bbox 590 2185 631 2226; x_wconf 88' lang='lat' dir='ltr'><strong>ex</strong></span> <span class='ocrx_word' id='word_1_174' title='bbox 651 2163 735 2250; x_wconf 85' lang='lat' dir='ltr'><strong>fuga,</strong></span> <span class='ocrx_word' id='word_1_175' title='bbox 751 2186 826 2227; x_wconf 90' lang='lat' dir='ltr'><strong>cum</strong></span> <span class='ocrx_word' id='word_1_176' title='bbox 845 2165 962 2250; x_wconf 87' lang='lat' dir='ltr'><strong>paucis,</strong></span> <span class='ocrx_word' id='word_1_177' title='bbox 979 2163 1134 2227; x_wconf 82' lang='lat' dir='ltr'><strong>Afrorum</strong></span> <span class='ocrx_word' id='word_1_178' title='bbox 1156 2163 1260 2227; x_wconf 90' lang='lat' dir='ltr'><strong>urbem</strong></span> <span class='ocrx_word' id='word_1_179' title='bbox 1274 2154 1358 2250; x_wconf 73' lang='lat' dir='ltr'><strong>proxi-t</strong></span> 
     </span>
     <span class='ocr_line' id='line_1_24' title="bbox 343 2241 1346 2336; baseline -0.004 -24"><span class='ocrx_word' id='word_1_180' title='bbox 343 2245 428 2312; x_wconf 85' lang='lat' dir='ltr'><strong>niam</strong></span> <span class='ocrx_word' id='word_1_181' title='bbox 443 2250 597 2335; x_wconf 87' lang='lat' dir='ltr'><strong>petierat:</strong></span> <span class='ocrx_word' id='word_1_182' title='bbox 622 2271 725 2335; x_wconf 88' lang='lat' dir='ltr'><strong>eoque</strong></span> <span class='ocrx_word' id='word_1_183' title='bbox 740 2272 860 2327; x_wconf 88' lang='lat' dir='ltr'><strong>omnes,</strong></span> <span class='ocrx_word' id='word_1_184' title='bbox 899 2251 933 2313; x_wconf 93' lang='lat' dir='ltr'><strong>ui</strong></span> <span class='ocrx_word' id='word_1_185' title='bbox 947 2263 1144 2336; x_wconf 88' lang='lat' dir='ltr'><strong>supererant,</strong></span> <span class='ocrx_word' id='word_1_186' title='bbox 1159 2241 1346 2332; x_wconf 57' lang='lat' dir='ltr'><strong>vestigandum</strong></span> 
     </span>
     <span class='ocr_line' id='line_1_25' title="bbox 341 2331 1346 2433; baseline -0.005 -35"><span class='ocrx_word' id='word_1_187' title='bbox 341 2348 521 2433; x_wconf 82' lang='lat' dir='ltr'><strong>sequentes,</strong></span> <span class='ocrx_word' id='word_1_188' title='bbox 551 2357 585 2398; x_wconf 89' lang='lat' dir='ltr'><strong>se</strong></span> <span class='ocrx_word' id='word_1_189' title='bbox 614 2334 823 2400; x_wconf 77' lang='lat' dir='ltr'><strong>contulerant.</strong></span> <span class='ocrx_word' id='word_1_190' title='bbox 910 2348 965 2400; x_wconf 92' lang='lat' dir='ltr'><strong>etu</strong></span> <span class='ocrx_word' id='word_1_191' title='bbox 994 2335 1122 2411; x_wconf 87' lang='lat' dir='ltr'><strong>deinde,</strong></span> <span class='ocrx_word' id='word_1_192' title='bbox 1151 2358 1193 2399; x_wconf 92' lang='lat' dir='ltr'><strong>ne</strong></span> <span class='ocrx_word' id='word_1_193' title='bbox 1220 2331 1346 2397; x_wconf 75' lang='lat' dir='ltr'><strong>dederetur</strong></span> 
     </span>
     <span class='ocr_line' id='line_1_26' title="bbox 343 2411 1345 2507; baseline 0.002 -24"><span class='ocrx_word' id='word_1_194' title='bbox 343 2418 495 2506; x_wconf 88' lang='lat' dir='ltr'><strong>Scrpioni,</strong></span> <span class='ocrx_word' id='word_1_195' title='bbox 510 2421 589 2484; x_wconf 87' lang='lat' dir='ltr'><strong>urbe</strong></span> <span class='ocrx_word' id='word_1_196' title='bbox 604 2421 747 2484; x_wconf 79' lang='lat' dir='ltr'><strong>excessit</strong></span> <span class='ocrx_word' id='word_1_197' title='bbox 794 2421 876 2485; x_wconf 81' lang='lat' dir='ltr'><strong>Mox</strong></span> <span class='ocrx_word' id='word_1_198' title='bbox 887 2421 1002 2485; x_wconf 89' lang='lat' dir='ltr'><strong>eodem</strong></span> <span class='ocrx_word' id='word_1_199' title='bbox 1015 2422 1199 2507; x_wconf 87' lang='lat' dir='ltr'><strong>patentibus</strong></span> <span class='ocrx_word' id='word_1_200' title='bbox 1209 2417 1292 2506; x_wconf 74' lang='lat' dir='ltr'><strong>portis</strong></span> <span class='ocrx_word' id='word_1_201' title='bbox 1303 2411 1345 2476; x_wconf 67' lang='lat' dir='ltr'><strong>Ra</strong></span> 
     </span>
     <span class='ocr_line' id='line_1_27' title="bbox 342 2505 1345 2593; baseline -0.007 -25"><span class='ocrx_word' id='word_1_202' title='bbox 342 2505 427 2569; x_wconf 90' lang='lat' dir='ltr'><strong>mani</strong></span> <span class='ocrx_word' id='word_1_203' title='bbox 443 2506 582 2591; x_wconf 86' lang='lat' dir='ltr'><strong>accepti:</strong></span> <span class='ocrx_word' id='word_1_204' title='bbox 607 2528 667 2571; x_wconf 92' lang='lat' dir='ltr'><strong>nec</strong></span> <span class='ocrx_word' id='word_1_205' title='bbox 682 2507 853 2593; x_wconf 90' lang='lat' dir='ltr'><strong>quicquam</strong></span> <span class='ocrx_word' id='word_1_206' title='bbox 865 2507 987 2583; x_wconf 91' lang='lat' dir='ltr'><strong>hostile,</strong></span> <span class='ocrx_word' id='word_1_207' title='bbox 1000 2508 1076 2593; x_wconf 88' lang='lat' dir='ltr'><strong>quia</strong></span> <span class='ocrx_word' id='word_1_208' title='bbox 1086 2507 1247 2571; x_wconf 81' lang='lat' dir='ltr'><strong>voluntate</strong></span> <span class='ocrx_word' id='word_1_209' title='bbox 1256 2517 1345 2566; x_wconf 64' lang='lat' dir='ltr'><strong>conca</strong></span> 
     </span>
     <span class='ocr_line' id='line_1_28' title="bbox 341 2590 1344 2670; baseline -0.001 -18"><span class='ocrx_word' id='word_1_210' title='bbox 341 2605 447 2654; x_wconf 89' lang='lat' dir='ltr'><strong>serant</strong></span> <span class='ocrx_word' id='word_1_211' title='bbox 471 2591 506 2654; x_wconf 90' lang='lat' dir='ltr'><strong>in</strong></span> <span class='ocrx_word' id='word_1_212' title='bbox 529 2590 693 2669; x_wconf 86' lang='lat' dir='ltr'><strong>ditionem,</strong></span> <span class='ocrx_word' id='word_1_213' title='bbox 716 2593 843 2656; x_wconf 86' lang='lat' dir='ltr'><strong>factum.</strong></span> <span class='ocrx_word' id='word_1_214' title='bbox 889 2593 982 2658; x_wconf 87' lang='lat' dir='ltr'><strong>Duae</strong></span> <span class='ocrx_word' id='word_1_215' title='bbox 1006 2592 1143 2657; x_wconf 89' lang='lat' dir='ltr'><strong>subinde</strong></span> <span class='ocrx_word' id='word_1_216' title='bbox 1167 2593 1254 2655; x_wconf 91' lang='lat' dir='ltr'><strong>urbes</strong></span> <span class='ocrx_word' id='word_1_217' title='bbox 1271 2596 1344 2670; x_wconf 77' lang='lat' dir='ltr'><strong>capnt</strong></span> 
     </span>
     <span class='ocr_line' id='line_1_29' title="bbox 341 2671 1344 2765; baseline 0.002 -27"><span class='ocrx_word' id='word_1_218' title='bbox 341 2673 557 2761; x_wconf 85' lang='lat' dir='ltr'><strong>direptaeque.</strong></span> <span class='ocrx_word' id='word_1_219' title='bbox 604 2677 652 2742; x_wconf 87' lang='lat' dir='ltr'><strong>Ea</strong></span> <span class='ocrx_word' id='word_1_220' title='bbox 699 2678 804 2755; x_wconf 87' lang='lat' dir='ltr'><strong>raeda,</strong></span> <span class='ocrx_word' id='word_1_221' title='bbox 831 2694 864 2743; x_wconf 92' lang='lat' dir='ltr'><strong>et</strong></span> <span class='ocrx_word' id='word_1_222' title='bbox 887 2701 970 2765; x_wconf 90' lang='lat' dir='ltr'><strong>quae</strong></span> <span class='ocrx_word' id='word_1_223' title='bbox 995 2679 1103 2742; x_wconf 90' lang='lat' dir='ltr'><strong>castris</strong></span> <span class='ocrx_word' id='word_1_224' title='bbox 1125 2701 1170 2743; x_wconf 81' lang='lat' dir='ltr'><strong>ex</strong></span> <span class='ocrx_word' id='word_1_225' title='bbox 1196 2671 1310 2741; x_wconf 73' lang='lat' dir='ltr'><strong>incensis</strong></span> <span class='ocrx_word' id='word_1_226' title='bbox 1326 2679 1344 2729; x_wconf 68' lang='lat'><strong>0¹</strong></span> 
     </span>
     <span class='ocr_line' id='line_1_30' title="bbox 341 2756 1344 2860; baseline -0.002 -36"><span class='ocrx_word' id='word_1_227' title='bbox 341 2761 416 2845; x_wconf 81' lang='lat' dir='ltr'><strong>igne</strong></span> <span class='ocrx_word' id='word_1_228' title='bbox 434 2774 525 2860; x_wconf 91' lang='lat' dir='ltr'><strong>rapta</strong></span> <span class='ocrx_word' id='word_1_229' title='bbox 542 2774 619 2838; x_wconf 86' lang='lat' dir='ltr'><strong>erat,</strong></span> <span class='ocrx_word' id='word_1_230' title='bbox 670 2764 728 2827; x_wconf 89' lang='lat' dir='ltr'><strong>&#39;&#39;ti</strong></span> <span class='ocrx_word' id='word_1_231' title='bbox 747 2785 895 2829; x_wconf 89' lang='lat' dir='ltr'><strong>concessa</strong></span> <span class='ocrx_word' id='word_1_232' title='bbox 908 2777 963 2828; x_wconf 90' lang='lat' dir='ltr'><strong>est.</strong></span> <span class='ocrx_word' id='word_1_233' title='bbox 1011 2763 1144 2851; x_wconf 83' lang='lat' dir='ltr'><strong>Syphax</strong></span> <span class='ocrx_word' id='word_1_234' title='bbox 1166 2777 1235 2828; x_wconf 87' lang='lat' dir='ltr'><strong>octo</strong></span> <span class='ocrx_word' id='word_1_235' title='bbox 1251 2756 1344 2824; x_wconf 84' lang='lat' dir='ltr'><strong>nilion</strong></span> 
     </span>
     <span class='ocr_line' id='line_1_31' title="bbox 340 2835 1344 2935; baseline 0.002 -26"><span class='ocrx_word' id='word_1_236' title='bbox 340 2845 440 2911; x_wconf 88' lang='lat' dir='ltr'><strong>ferme</strong></span> <span class='ocrx_word' id='word_1_237' title='bbox 463 2847 539 2911; x_wconf 87' lang='lat' dir='ltr'><strong>mdc</strong></span> <span class='ocrx_word' id='word_1_238' title='bbox 565 2849 667 2935; x_wconf 88' lang='lat' dir='ltr'><strong>spatio</strong></span> <span class='ocrx_word' id='word_1_239' title='bbox 693 2849 764 2914; x_wconf 92' lang='lat' dir='ltr'><strong>loco</strong></span> <span class='ocrx_word' id='word_1_240' title='bbox 785 2851 982 2915; x_wconf 88' lang='lat' dir='ltr'><strong>communito</strong></span> <span class='ocrx_word' id='word_1_241' title='bbox 1007 2850 1162 2915; x_wconf 82' lang='lat' dir='ltr'><strong>consedit.</strong></span> <span class='ocrx_word' id='word_1_242' title='bbox 1209 2835 1344 2912; x_wconf 61' lang='lat' dir='ltr'><strong>Hesdrnbd</strong></span> 
     </span>
    </p>
   </div>
   <div class='ocr_carea' id='block_1_3' title="bbox 343 2923 1344 3023">
    <p class='ocr_par' dir='ltr' id='par_1_5' title="bbox 343 2923 1344 3023">
     <span class='ocr_line' id='line_1_32' title="bbox 343 2923 1344 3023; baseline -0.008 -25"><span class='ocrx_word' id='word_1_243' title='bbox 343 2933 571 3020; x_wconf 86' lang='lat' dir='ltr'><strong>Carthaginem</strong></span> <span class='ocrx_word' id='word_1_244' title='bbox 583 2936 759 3012; x_wconf 85' lang='lat' dir='ltr'><strong>contendit,</strong></span> <span class='ocrx_word' id='word_1_245' title='bbox 771 2959 813 3000; x_wconf 95' lang='lat' dir='ltr'><strong>ne</strong></span> <span class='ocrx_word' id='word_1_246' title='bbox 823 2936 904 3022; x_wconf 93' lang='lat' dir='ltr'><strong>quid</strong></span> <span class='ocrx_word' id='word_1_247' title='bbox 913 2959 972 3023; x_wconf 90' lang='lat' dir='ltr'><strong>per</strong></span> <span class='ocrx_word' id='word_1_248' title='bbox 983 2949 1104 3002; x_wconf 93' lang='lat' dir='ltr'><strong>metum</strong></span> <span class='ocrx_word' id='word_1_249' title='bbox 1115 2959 1158 3000; x_wconf 86' lang='lat' dir='ltr'><strong>ex</strong></span> <span class='ocrx_word' id='word_1_250' title='bbox 1170 2923 1344 3000; x_wconf 77' lang='lat' dir='ltr'><strong>recenticlsde</strong></span> 
     </span>
    </p>
   </div>
   <div class='ocr_carea' id='block_1_4' title="bbox 341 3015 1344 3172">
    <p class='ocr_par' dir='ltr' id='par_1_6' title="bbox 341 3015 1344 3172">
     <span class='ocr_line' id='line_1_33' title="bbox 341 3015 1344 3172; baseline 0.001 -91"><span class='ocrx_word' id='word_1_251' title='bbox 341 3018 467 3084; x_wconf 90' lang='lat' dir='ltr'><strong>mollius</strong></span> <span class='ocrx_word' id='word_1_252' title='bbox 481 3019 706 3084; x_wconf 89' lang='lat' dir='ltr'><strong>consuleretur.</strong></span> <span class='ocrx_word' id='word_1_253' title='bbox 755 3022 831 3097; x_wconf 85' lang='lat' dir='ltr'><strong>Quo</strong></span> <span class='ocrx_word' id='word_1_254' title='bbox 847 3036 953 3087; x_wconf 83' lang='lat' dir='ltr'><strong>tantus</strong></span> <span class='ocrx_word' id='word_1_255' title='bbox 959 3024 1071 3172; x_wconf 76' lang='lat' dir='ltr'><strong>primo</strong></span> <span class='ocrx_word' id='word_1_256' title='bbox 1086 3036 1191 3087; x_wconf 79' lang='lat' dir='ltr'><strong>terror</strong></span> <span class='ocrx_word' id='word_1_257' title='bbox 1204 3031 1248 3085; x_wconf 88' lang='lat' dir='ltr'><strong>est</strong></span> <span class='ocrx_word' id='word_1_258' title='bbox 1260 3015 1344 3082; x_wconf 75' lang='lat' dir='ltr'><strong>allam</strong></span> 
     </span>
    </p>
   </div>
   <div class='ocr_carea' id='block_1_5' title="bbox 339 3098 1357 3794">
    <p class='ocr_par' dir='ltr' id='par_1_7' title="bbox 339 3098 1357 3794">
     <span class='ocr_line' id='line_1_34' title="bbox 341 3098 1346 3194; baseline -0.001 -26"><span class='ocrx_word' id='word_1_259' title='bbox 341 3116 387 3180; x_wconf 90' lang='lat' dir='ltr'><strong>ut,</strong></span> <span class='ocrx_word' id='word_1_260' title='bbox 403 3106 518 3169; x_wconf 87' lang='lat' dir='ltr'><strong>omissa</strong></span> <span class='ocrx_word' id='word_1_261' title='bbox 533 3105 639 3183; x_wconf 88' lang='lat' dir='ltr'><strong>Utica,</strong></span> <span class='ocrx_word' id='word_1_262' title='bbox 658 3105 885 3193; x_wconf 86' lang='lat' dir='ltr'><strong>Carthaginem</strong></span> <span class='ocrx_word' id='word_1_263' title='bbox 906 3131 957 3172; x_wconf 89' lang='lat' dir='ltr'><strong>cre</strong></span> <span class='ocrx_word' id='word_1_264' title='bbox 982 3121 1072 3173; x_wconf 90' lang='lat' dir='ltr'><strong>erent</strong></span> <span class='ocrx_word' id='word_1_265' title='bbox 1087 3105 1248 3194; x_wconf 84' lang='lat' dir='ltr'><strong>extemplo</strong></span> <span class='ocrx_word' id='word_1_266' title='bbox 1261 3098 1346 3185; x_wconf 76' lang='lat' dir='ltr'><strong>sapio</strong></span> 
     </span>
     <span class='ocr_line' id='line_1_35' title="bbox 341 3183 1357 3281; baseline -0.001 -29"><span class='ocrx_word' id='word_1_267' title='bbox 341 3211 415 3253; x_wconf 90' lang='lat' dir='ltr'><strong>nem</strong></span> <span class='ocrx_word' id='word_1_268' title='bbox 445 3193 652 3256; x_wconf 85' lang='lat' dir='ltr'><strong>obsessurum.</strong></span> <span class='ocrx_word' id='word_1_269' title='bbox 700 3192 854 3258; x_wconf 88' lang='lat' dir='ltr'><strong>Senatum</strong></span> <span class='ocrx_word' id='word_1_270' title='bbox 882 3195 990 3280; x_wconf 86' lang='lat' dir='ltr'><strong>itaque</strong></span> <span class='ocrx_word' id='word_1_271' title='bbox 1016 3194 1146 3258; x_wconf 84' lang='lat' dir='ltr'><strong>suffetes</strong></span> <span class='ocrx_word' id='word_1_272' title='bbox 1173 3196 1187 3281; x_wconf 93' lang='lat'>(</span> <span class='ocrx_word' id='word_1_273' title='bbox 1211 3189 1269 3256; x_wconf 92' lang='lat' dir='ltr'><strong>uod</strong></span> <span class='ocrx_word' id='word_1_274' title='bbox 1288 3183 1357 3250; x_wconf 82' lang='lat' dir='ltr'><strong>relntt</strong></span> 
     </span>
     <span class='ocr_line' id='line_1_36' title="bbox 340 3271 1346 3365; baseline 0.001 -27"><span class='ocrx_word' id='word_1_275' title='bbox 340 3275 503 3341; x_wconf 88' lang='lat' dir='ltr'><strong>consulare</strong></span> <span class='ocrx_word' id='word_1_276' title='bbox 514 3278 683 3364; x_wconf 89' lang='lat' dir='ltr'><strong>imperium</strong></span> <span class='ocrx_word' id='word_1_277' title='bbox 697 3279 784 3365; x_wconf 91' lang='lat' dir='ltr'><strong>apud</strong></span> <span class='ocrx_word' id='word_1_278' title='bbox 795 3301 849 3343; x_wconf 90' lang='lat' dir='ltr'><strong>eos</strong></span> <span class='ocrx_word' id='word_1_279' title='bbox 860 3279 943 3364; x_wconf 90' lang='lat' dir='ltr'><strong>erat)</strong></span> <span class='ocrx_word' id='word_1_280' title='bbox 951 3293 1152 3345; x_wconf 82' lang='lat' dir='ltr'><strong>vocaverunt.</strong></span> <span class='ocrx_word' id='word_1_281' title='bbox 1236 3271 1346 3340; x_wconf 73' lang='lat' dir='ltr'><strong>ienibn</strong></span> 
     </span>
     <span class='ocr_line' id='line_1_37' title="bbox 340 3356 1346 3509; baseline -0.002 -85"><span class='ocrx_word' id='word_1_282' title='bbox 340 3361 420 3509; x_wconf 52' lang='lat' dir='ltr'><strong>illm</strong></span> <span class='ocrx_word' id='word_1_283' title='bbox 448 3362 488 3425; x_wconf 93' lang='lat' dir='ltr'><strong>de</strong></span> <span class='ocrx_word' id='word_1_284' title='bbox 519 3384 597 3448; x_wconf 89' lang='lat' dir='ltr'><strong>pace</strong></span> <span class='ocrx_word' id='word_1_285' title='bbox 626 3363 745 3449; x_wconf 82' lang='lat' dir='ltr'><strong>legatos</strong></span> <span class='ocrx_word' id='word_1_286' title='bbox 771 3364 812 3428; x_wconf 88' lang='lat' dir='ltr'><strong>ad</strong></span> <span class='ocrx_word' id='word_1_287' title='bbox 844 3363 1025 3452; x_wconf 89' lang='lat' dir='ltr'><strong>Scipionem</strong></span> <span class='ocrx_word' id='word_1_288' title='bbox 1051 3364 1256 3429; x_wconf 88' lang='lat' dir='ltr'><strong>decernebat:</strong></span> <span class='ocrx_word' id='word_1_289' title='bbox 1281 3356 1346 3422; x_wconf 68' lang='lat' dir='ltr'><strong>altem</strong></span> 
     </span>
     <span class='ocr_line' id='line_1_38' title="bbox 376 3446 1345 3535; baseline -0.001 -25"><span class='ocrx_word' id='word_1_290' title='bbox 376 3446 556 3511; x_wconf 87' lang='lat' dir='ltr'><strong>annibalem</strong></span> <span class='ocrx_word' id='word_1_291' title='bbox 572 3447 613 3511; x_wconf 90' lang='lat' dir='ltr'><strong>ad</strong></span> <span class='ocrx_word' id='word_1_292' title='bbox 628 3449 779 3512; x_wconf 85' lang='lat' dir='ltr'><strong>tuendam</strong></span> <span class='ocrx_word' id='word_1_293' title='bbox 795 3450 834 3513; x_wconf 88' lang='lat' dir='ltr'><strong>ab</strong></span> <span class='ocrx_word' id='word_1_294' title='bbox 847 3449 1002 3514; x_wconf 86' lang='lat' dir='ltr'><strong>exitiabili</strong></span> <span class='ocrx_word' id='word_1_295' title='bbox 1017 3449 1100 3514; x_wconf 90' lang='lat' dir='ltr'><strong>bello</strong></span> <span class='ocrx_word' id='word_1_296' title='bbox 1113 3451 1247 3535; x_wconf 87' lang='lat' dir='ltr'><strong>patriam</strong></span> <span class='ocrx_word' id='word_1_297' title='bbox 1256 3459 1345 3509; x_wconf 59' lang='lat' dir='ltr'><strong>reso&amp;</strong></span> 
     </span>
     <span class='ocr_line' id='line_1_39' title="bbox 340 3533 1345 3634; baseline 0.001 -37"><span class='ocrx_word' id='word_1_298' title='bbox 340 3533 410 3597; x_wconf 91' lang='lat' dir='ltr'><strong>bat:</strong></span> <span class='ocrx_word' id='word_1_299' title='bbox 442 3533 536 3597; x_wconf 85' lang='lat' dir='ltr'><strong>tertia</strong></span> <span class='ocrx_word' id='word_1_300' title='bbox 558 3533 723 3634; x_wconf 78' lang='lat' dir='ltr'><strong>Romanae</strong></span> <span class='ocrx_word' id='word_1_301' title='bbox 749 3534 785 3597; x_wconf 92' lang='lat' dir='ltr'><strong>in</strong></span> <span class='ocrx_word' id='word_1_302' title='bbox 806 3535 944 3599; x_wconf 88' lang='lat' dir='ltr'><strong>adversis</strong></span> <span class='ocrx_word' id='word_1_303' title='bbox 965 3537 1059 3600; x_wconf 88' lang='lat' dir='ltr'><strong>rebus</strong></span> <span class='ocrx_word' id='word_1_304' title='bbox 1080 3534 1269 3600; x_wconf 82' lang='lat' dir='ltr'><strong>constantiae</strong></span> <span class='ocrx_word' id='word_1_305' title='bbox 1286 3537 1345 3592; x_wconf 63' lang='lat'><strong>‘1⁸13</strong></span> 
     </span>
     <span class='ocr_line' id='line_1_40' title="bbox 339 3607 1346 3794; baseline 0.014 -28"><span class='ocrx_word' id='word_1_306' title='bbox 339 3607 1346 3794; x_wconf 62' lang='lat' dir='ltr'><strong>{sassa,sstsrttasttasssuud</strong></span> 
     </span>
    </p>
   </div>
   <div class='ocr_carea' id='block_1_6' title="bbox 339 3888 1346 4398">
    <p class='ocr_par' dir='ltr' id='par_1_8' title="bbox 339 3888 1346 3966">
     <span class='ocr_line' id='line_1_41' title="bbox 339 3888 1346 3966; baseline 0.002 -22"><span class='ocrx_word' id='word_1_307' title='bbox 339 3911 370 3944; x_wconf 75' lang='lat' dir='ltr'><strong>ec</strong></span> <span class='ocrx_word' id='word_1_308' title='bbox 384 3898 553 3957; x_wconf 74' lang='lat' dir='ltr'><strong>trepidatione,</strong></span> <span class='ocrx_word' id='word_1_309' title='bbox 567 3912 631 3958; x_wconf 85' lang='lat' dir='ltr'><strong>quse</strong></span> <span class='ocrx_word' id='word_1_310' title='bbox 648 3903 794 3946; x_wconf 86' lang='lat' dir='ltr'><strong>nocturnum</strong></span> <span class='ocrx_word' id='word_1_311' title='bbox 810 3898 846 3946; x_wconf 91' lang='lat' dir='ltr'><strong>in·</strong></span> <span class='ocrx_word' id='word_1_312' title='bbox 879 3901 1003 3948; x_wconf 80' lang='lat' dir='ltr'><strong>tenebant</strong></span> <span class='ocrx_word' id='word_1_313' title='bbox 1038 3901 1136 3948; x_wconf 86' lang='lat' dir='ltr'><strong>Nomen</strong></span> <span class='ocrx_word' id='word_1_314' title='bbox 1155 3899 1215 3956; x_wconf 84' lang='lat' dir='ltr'><strong>eius,</strong></span> <span class='ocrx_word' id='word_1_315' title='bbox 1228 3888 1346 3966; x_wconf 23' lang='lat' dir='ltr'><strong>quodulolt·</strong></span> 
     </span>
    </p>

    <p class='ocr_par' dir='ltr' id='par_1_9' title="bbox 340 3958 1346 4025">
     <span class='ocr_line' id='line_1_42' title="bbox 340 3958 1346 4025; baseline 0.002 -18"><span class='ocrx_word' id='word_1_316' title='bbox 340 3958 454 4007; x_wconf 86' lang='lat' dir='ltr'><strong>cendium</strong></span> <span class='ocrx_word' id='word_1_317' title='bbox 473 3960 583 4008; x_wconf 87' lang='lat' dir='ltr'><strong>comitari</strong></span> <span class='ocrx_word' id='word_1_318' title='bbox 605 3961 677 4020; x_wconf 85' lang='lat' dir='ltr'><strong>solet,</strong></span> <span class='ocrx_word' id='word_1_319' title='bbox 693 3967 761 4010; x_wconf 88' lang='lat' dir='ltr'><strong>ortus</strong></span> <span class='ocrx_word' id='word_1_320' title='bbox 779 3969 845 4012; x_wconf 78' lang='lat' dir='ltr'><strong>esset.</strong></span> <span class='ocrx_word' id='word_1_321' title='bbox 878 3963 934 4012; x_wconf 87' lang='lat' dir='ltr'><strong>bius</strong></span> <span class='ocrx_word' id='word_1_322' title='bbox 961 3963 1132 4025; x_wconf 83' lang='lat' dir='ltr'><strong>praetermisit,</strong></span> <span class='ocrx_word' id='word_1_323' title='bbox 1155 3963 1221 4025; x_wconf 88' lang='lat' dir='ltr'><strong>apud</strong></span> <span class='ocrx_word' id='word_1_324' title='bbox 1241 3961 1346 4020; x_wconf 63' lang='lat' dir='ltr'><strong>apprimum</strong></span> 
     </span>
    </p>

    <p class='ocr_par' dir='ltr' id='par_1_10' title="bbox 340 4021 1346 4160">
     <span class='ocr_line' id='line_1_43' title="bbox 340 4021 1346 4089; baseline 0.002 -18"><span class='ocrx_word' id='word_1_325' title='bbox 340 4023 455 4082; x_wconf 74' lang='lat' dir='ltr'><strong>Ooqsms&#39;s</strong></span> <span class='ocrx_word' id='word_1_326' title='bbox 466 4023 602 4072; x_wconf 84' lang='lat' dir='ltr'><strong>Rhenanus</strong></span> <span class='ocrx_word' id='word_1_327' title='bbox 612 4027 715 4074; x_wconf 82' lang='lat' dir='ltr'><strong>mavult</strong></span> <span class='ocrx_word' id='word_1_328' title='bbox 881 4027 968 4076; x_wconf 81' lang='lat' dir='ltr'><strong>Punic</strong></span> <span class='ocrx_word' id='word_1_329' title='bbox 985 4043 1008 4089; x_wconf 88' lang='lat' dir='ltr'><strong>p.</strong></span> <span class='ocrx_word' id='word_1_330' title='bbox 1024 4042 1058 4089; x_wconf 86' lang='lat'><strong>13.</strong></span> <span class='ocrx_word' id='word_1_331' title='bbox 1076 4033 1165 4086; x_wconf 71' lang='lat' dir='ltr'><strong>exstat,</strong></span> <span class='ocrx_word' id='word_1_332' title='bbox 1181 4025 1213 4075; x_wconf 77' lang='lat' dir='ltr'><strong>eis</strong></span> <span class='ocrx_word' id='word_1_333' title='bbox 1227 4021 1300 4072; x_wconf 65' lang='lat' dir='ltr'><strong>&#39;lali&#39;</strong></span> <span class='ocrx_word' id='word_1_334' title='bbox 1310 4030 1346 4062; x_wconf 60' lang='grc' dir='ltr'><strong>Ν·</strong></span> 
     </span>
     <span class='ocr_line' id='line_1_44' title="bbox 374 4088 975 4160; baseline 0.008 -27"><span class='ocrx_word' id='word_1_335' title='bbox 374 4097 387 4147; x_wconf 84' lang='lat'><strong>7</strong></span> <span class='ocrx_word' id='word_1_336' title='bbox 403 4088 537 4160; x_wconf 72' lang='lat' dir='ltr'><strong>Afflots&#39;qrse</strong></span> <span class='ocrx_word' id='word_1_337' title='bbox 563 4089 688 4149; x_wconf 78' lang='lat' dir='ltr'><strong>incendio]</strong></span> <span class='ocrx_word' id='word_1_338' title='bbox 729 4088 848 4138; x_wconf 86' lang='lat' dir='ltr'><strong>Similiter</strong></span> <span class='ocrx_word' id='word_1_339' title='bbox 881 4089 975 4151; x_wconf 75' lang='grc' dir='ltr'><strong><em>έφνγεν.</em></strong></span> 
     </span>
    </p>

    <p class='ocr_par' dir='ltr' id='par_1_11' title="bbox 340 4139 1346 4218">
     <span class='ocr_line' id='line_1_45' title="bbox 340 4139 1346 4218; baseline 0.01 -22"><span class='ocrx_word' id='word_1_340' title='bbox 340 4164 404 4210; x_wconf 88' lang='lat' dir='ltr'><strong>supr.</strong></span> <span class='ocrx_word' id='word_1_341' title='bbox 425 4150 509 4199; x_wconf 83' lang='lat' dir='ltr'><strong>xxviir.</strong></span> <span class='ocrx_word' id='word_1_342' title='bbox 529 4164 567 4211; x_wconf 75' lang='lat'><strong>23.</strong></span> <span class='ocrx_word' id='word_1_343' title='bbox 589 4155 740 4214; x_wconf 76' lang='lat' dir='ltr'><strong>ambustique</strong></span> <span class='ocrx_word' id='word_1_344' title='bbox 759 4155 847 4215; x_wconf 80' lang='lat' dir='ltr'><strong>afflatu</strong></span> <span class='ocrx_word' id='word_1_345' title='bbox 912 4169 928 4218; x_wconf 91' lang='lat'>9</span> <span class='ocrx_word' id='word_1_346' title='bbox 944 4156 1061 4204; x_wconf 78' lang='lat' dir='ltr'><strong>Senatum</strong></span> <span class='ocrx_word' id='word_1_347' title='bbox 1093 4156 1177 4216; x_wconf 75' lang='lat' dir='ltr'><strong>itaque</strong></span> <span class='ocrx_word' id='word_1_348' title='bbox 1207 4149 1302 4214; x_wconf 60' lang='grc' dir='ltr'><strong>ΝΜ]</strong></span> <span class='ocrx_word' id='word_1_349' title='bbox 1326 4139 1346 4186; x_wconf 60' lang='lat' dir='ltr'><strong>‘i</strong></span> 
     </span>
    </p>

    <p class='ocr_par' dir='ltr' id='par_1_12' title="bbox 340 4209 1346 4342">
     <span class='ocr_line' id='line_1_46' title="bbox 340 4209 1346 4280; baseline 0.003 -22"><span class='ocrx_word' id='word_1_350' title='bbox 340 4217 447 4273; x_wconf 76' lang='lat' dir='ltr'><strong>napors&#39;s.</strong></span> <span class='ocrx_word' id='word_1_351' title='bbox 881 4217 1047 4280; x_wconf 79' lang='lat' dir='ltr'><strong>Supr.xxriii‚</strong></span> <span class='ocrx_word' id='word_1_352' title='bbox 1061 4229 1098 4278; x_wconf 76' lang='lat'><strong>37.</strong></span> <span class='ocrx_word' id='word_1_353' title='bbox 1125 4219 1220 4277; x_wconf 79' lang='lat' dir='ltr'><strong>Srssetcs</strong></span> <span class='ocrx_word' id='word_1_354' title='bbox 1229 4209 1346 4263; x_wconf 70' lang='lat' dir='ltr'><strong>scribentltul</strong></span> 
     </span>
     <span class='ocr_line' id='line_1_47' title="bbox 373 4275 1057 4342; baseline 0.01 -22"><span class='ocrx_word' id='word_1_355' title='bbox 373 4275 388 4320; x_wconf 88' lang='lat'>8</span> <span class='ocrx_word' id='word_1_356' title='bbox 404 4278 523 4335; x_wconf 80' lang='lat' dir='ltr'><strong>Afrorum</strong></span> <span class='ocrx_word' id='word_1_357' title='bbox 539 4277 635 4335; x_wconf 80' lang='lat' dir='ltr'><strong>urbem]</strong></span> <span class='ocrx_word' id='word_1_358' title='bbox 656 4278 722 4325; x_wconf 85' lang='lat' dir='ltr'><strong>Urbs</strong></span> <span class='ocrx_word' id='word_1_359' title='bbox 738 4278 782 4326; x_wconf 88' lang='lat' dir='ltr'><strong>illa</strong></span> <span class='ocrx_word' id='word_1_360' title='bbox 798 4295 846 4326; x_wconf 89' lang='lat' dir='ltr'><strong>non</strong></span> <span class='ocrx_word' id='word_1_361' title='bbox 880 4288 965 4329; x_wconf 90' lang='lat' dir='ltr'><strong>monet</strong></span> <span class='ocrx_word' id='word_1_362' title='bbox 977 4281 1057 4342; x_wconf 84' lang='lat' dir='ltr'><strong>Sigon.</strong></span> 
     </span>
    </p>

    <p class='ocr_par' dir='ltr' id='par_1_13' title="bbox 341 4337 846 4398">
     <span class='ocr_line' id='line_1_48' title="bbox 341 4337 846 4398; baseline 0.014 -15"><span class='ocrx_word' id='word_1_363' title='bbox 341 4341 392 4383; x_wconf 85' lang='lat' dir='ltr'><strong>erat</strong></span> <span class='ocrx_word' id='word_1_364' title='bbox 411 4339 520 4385; x_wconf 83' lang='lat' dir='ltr'><strong>Punicae</strong></span> <span class='ocrx_word' id='word_1_365' title='bbox 537 4337 643 4398; x_wconf 77' lang='lat' dir='ltr'><strong>originis,</strong></span> <span class='ocrx_word' id='word_1_366' title='bbox 660 4341 701 4387; x_wconf 88' lang='lat' dir='ltr'><strong>sed</strong></span> <span class='ocrx_word' id='word_1_367' title='bbox 720 4341 773 4388; x_wconf 82' lang='lat' dir='ltr'><strong>Afri</strong></span> <span class='ocrx_word' id='word_1_368' title='bbox 792 4357 846 4390; x_wconf 84' lang='lat' dir='ltr'><strong>enm</strong></span> 
     </span>
    </p>
   </div>
   <div class='ocr_carea' id='block_1_7' title="bbox 0 0 1438 4770">
    <p class='ocr_par' dir='ltr' id='par_1_14' title="bbox 0 0 1438 4770">
     <span class='ocr_line' id='line_1_49' title="bbox 0 0 1438 4770; baseline 0 1"><span class='ocrx_word' id='word_1_369' title='bbox 0 0 1438 4770; x_wconf 95' lang='lat' dir='ltr'><strong> </strong></span> 
     </span>
    </p>
   </div>
  </div>
 </body>
</html>
