2866 4770
342 231 438 300 nra.
463 229 593 298 xxrx.
629 184 740 299 car.
768 237 816 298 11.
1050 235 1114 296 469

61 371 140 430 ‘aut
154 364 279 456 gravior
296 368 402 445 etiam,
418 369 453 432 iu
472 368 578 434 hostes
597 369 774 454 ingruisset.
820 367 944 453 Itaque,
960 365 1110 452 quoniam
1124 381 1157 430 U.
1169 382 1199 431 (t.
1215 394 1270 444 547·

60 452 149 537 ‘ipse
164 455 272 517 venire
288 454 329 514 ad
344 454 472 516 comitia
483 477 546 515 non
558 467 673 537 posset,
685 455 711 515 si
723 455 768 516 ita
782 453 930 516 Patribus
940 452 1110 528 rideretur,
1121 445 1152 494 A.
1169 445 1198 495 0·
1215 459 1270 509 ²05·

60 544 117 601 ‘se
141 538 182 614 Q,
198 537 375 602 Caecilium
397 536 566 602 Metellum
589 536 776 602 dictatorem
798 538 998 602 comitiorum
1019 560 1112 602 causa

60 622 262 688 ‘dicturumr
287 623 462 687 exercitum
481 622 522 698 Q.
538 620 671 687 Caecilii
686 623 844 699 dimittis
860 622 1022 710 republica
1032 646 1109 688 esse.

60 709 169 773 ‘Nam
193 733 299 795 neque
322 731 414 772 usum
437 709 505 773 eius
531 708 633 772 ullum
655 709 690 772 in
711 710 889 796 praesentia
910 732 986 787 esse,
1011 732 1111 796 quum

59 794 249 859 ‘Hannibal
269 796 332 858 iam
352 795 386 857 in
406 794 540 859 hiberna
558 815 631 858 suos
652 794 824 894 receperit3
848 808 882 859 et
902 807 990 860 tanta
1009 796 1112 860 inces-

59 881 157 946 ‘serit
176 882 211 945 in
231 904 269 945 ea
287 895 389 946 castra
408 881 455 944 vis
475 880 586 955 morbi,
607 895 653 957 ut,
674 881 735 944 nist
756 894 879 945 mature
899 880 1109 958 dimittantur,

60 976 179 1031 ‘nemo
215 967 359 1032 omnium
393 967 612 1053 superfuturus
641 966 805 1031 videatur?
864 966 912 1030 Ea
941 967 1063 1031 consuli
1092 989 1111 1031 a

56 1053 210 1152 Patribus
224 1053 378 1130 facienda,
395 1067 463 1117 ute
484 1052 647 1139 republica
661 1051 789 1139 fideque
805 1075 862 1116 sua
881 1053 1021 1130 duceret,
1038 1076 1110 1140 per·

56 1161 162 1204 mrssa

107 1225 280 1290 Civitatem
300 1249 339 1292 co
361 1238 424 1290 tem
469 1248 502 1290 re
522 1247 637 1312 repens
659 1225 769 1312 religio
791 1224 957 1303 invaserat,
978 1225 1110 1289 invento

56 1313 200 1376 carmine
226 1313 259 1376 in
282 1311 370 1376 libris
394 1248 566 1399 Sibillinis,
589 1326 719 1398 propter
738 1312 878 1376 crebrius
900 1335 938 1377 eo
961 1334 1045 1376 anno
1068 1311 1108 1375 dc

56 1399 150 1462 coelo
168 1397 198 1462 la
221 1398 342 1462 idatum
362 1398 520 1485 inspectis.
568 1397 795 1484 ‘Quandoque
813 1398 911 1462 hostis
931 1397 1109 1484 alienigena
1118 1413 1252 1463 ostentum

58 1493 184 1549 ‘terrae
198 1421 315 1549 1ltaliae
338 1484 458 1548 bellum
477 1483 644 1561 intulisset,
660 1506 733 1548 eum
748 1483 825 1571 pelli
848 1483 941 1547 ltalia
959 1484 1107 1570 vincique
1117 1477 1216 1539 Sibylli-

29 1591 45 1642 7
59 1579 71 1608 ‘
105 1593 183 1647 osse,
200 1571 226 1634 si
247 1585 348 1635 mater
362 1570 489 1635 ldaeaa
504 1570 694 1634 Pessinunte
710 1569 848 1634 Romam
866 1569 998 1634 advecta
1008 1556 1185 1634 foret'num'

57 1593 104 1720 Id
116 1679 242 1721 carmen
258 1658 297 1720 ab
312 1655 499 1722 decemviris
518 1656 684 1720 inventum
699 1679 738 1720 eo
754 1657 854 1742 magis
874 1656 984 1720 Patres
999 1656 1107 1732 movit,
1118 1669 1223 1734 Delphi-

57 1742 148 1827 quod
162 1756 195 1807 et
205 1740 310 1828 legati,
327 1742 383 1828 qui
398 1743 518 1806 donum
534 1741 679 1827 Delphos
693 1755 902 1841 portaverant,
915 1742 1106 1806 referebant:
1117 1749 1180 1784 Μ·

57 1841 93 1893 et
108 1828 317 1892 sacrificantes
328 1829 412 1914 ipsos
427 1827 545 1914 Pythio
559 1827 702 1912 Apollim
717 1827 863 1903 litavisse,
876 1841 909 1891 et
923 1849 1108 1913 responsum

57 1913 188 1979 oraculo
208 1915 340 1990 editum,
357 1914 507 1977 maiorem
527 1914 628 1977 multo
646 1913 819 1989 victoriam,
841 1936 937 1999 quam
956 1914 1047 1976 cuius
1066 1935 1109 1976 ex

26 2021 45 2067 8
57 2000 168 2087 spoliis
182 2000 267 2065 dona
277 2011 449 2088 portarent,
462 1999 570 2062 adesse
609 1998 705 2084 opulo
719 1998 873 2062 Romano.
912 1997 952 2061 In
965 1997 1108 2062 eiusdem

57 2087 128 2171 spei
143 2109 297 2150 summam
313 2085 518 2150 conferebant
531 2084 568 2148 P.
585 2021 742 2170 Scipionis
757 2084 844 2147 velut
857 2084 1108 2169 praesagientem

57 2171 201 2236 animum
216 2172 257 2236 de
273 2171 337 2236 fine
353 2170 437 2246 belli,
454 2171 541 2257 quod
556 2169 791 2256 depoposcisset
810 2169 1004 2254 provinciam
1021 2169 1108 2232 Afri-

26 2279 138 2328 ncam.
184 2257 297 2343 Itaque
327 2279 392 2343 quo
421 2257 574 2320 maturius
602 2254 683 2331 fatis,
711 2254 879 2332 ominibus,
910 2255 1107 2342 oraculisque

57 2343 279 2430 portendentis
302 2342 542 2407 sese-victoriae
567 2354 729 2427 compotes
752 2341 875 2416 fierent,
898 2341 932 2404 id
958 2341 1106 2428 cogitare,

57 2451 141 2515 quae
157 2429 236 2493 ratio
252 2427 511 2515 transportandae
532 2428 668 2491 Romam
684 2426 761 2491 deae
777 2441 867 2491 esset
915 2426 1107 2491 Nullasdum
1167 2440 1216 2500 ll,

54 2517 93 2578 in
109 2516 187 2579 Asia
197 2515 339 2580 civitates
350 2513 449 2578 socias
465 2513 600 2577 habebat
611 2513 747 2599 populus
763 2512 936 2577 Romanus
982 2512 1107 2577 Tamen
1117 2521 1199 2570 Mater

29 2630 41 2662 x
56 2623 223 2677 memores,
237 2601 463 2686 Aesculapium
475 2621 604 2686 quoque
615 2621 656 2662 ex
670 2597 807 2662 Graecia
845 2598 993 2676 uondam‚
1005 2584 1194 2697 haud-{ltlea
1204 2601 1248 2699 {Ji-
1316 2631 1319 2637 ·

55 2687 136 2750 dum
156 2685 222 2749 ullo
239 2685 366 2750 foedere
384 2687 511 2763 sociata,
532 2685 721 2749 valetudinis
737 2621 848 2772 populi
867 2707 961 2750 causa
979 2665 1203 2764 arcessi-,52⁸⁹

56 2787 137 2846 tum,
156 2785 190 2836 et
210 2772 273 2835 iam
290 2793 364 2834 cum
385 2771 495 2836 Attalo
515 2795 599 2857 rege,
620 2785 749 2872 propter
768 2793 937 2836 commune
959 2772 1107 2837 adversus

55 2857 245 2943 Philippum
265 2857 393 2934 bellum,
410 2871 555 2944 coeptam
571 2858 742 2920 amicitram
756 2881 834 2934 esse,
849 2858 1006 2922 facturum
1022 2881 1106 2935 eum,

151 2944 259 3030 possit,
269 2966 311 3031 po
334 2943 379 3007 uli
392 2943 531 3006 Romani
540 2965 642 3018 causa,
653 2942 773 3028 legatos
782 2943 824 3007 ad
833 2965 907 3008 eum
918 2943 1105 3020 decernunt,

26 3059 42 3090 α
55 2967 107 3094 lt
118 3029 282 3094 Valerium
305 2965 492 3104 liaevinum,
516 3029 571 3112 qui
597 3028 646 3090 bis
668 3027 778 3092 consul
801 3028 914 3104 fuerat,
937 3051 974 3092 ac
999 3051 1048 3092 res
1071 3031 1105 3092 in

57 3115 197 3180 Graecia
210 3130 357 3202 gesserat,
374 3113 422 3176 M.
439 3113 616 3176 Caecilium
632 3111 801 3176 Metellum
815 3114 1019 3200 praetorium,
1038 3113 1103 3178 Ser.

57 3201 116 3267 Sul
140 3203 236 3266 icium
259 3201 395 3265 Galbam
417 3197 607 3273 aedilicium,
623 3198 703 3261 duos
723 3201 925 3284 quaestorios,
949 3197 1010 3264 Cn.
1025 3199 1106 3263 Tre-

54 3225 200 3354 mellium
216 3287 375 3362 Flaccum,
387 3299 421 3350 et
436 3284 483 3350 M.
497 3282 661 3348 Valerium
674 3283 849 3349 Faltonem.
888 3285 949 3350 His
961 3286 1104 3372 quinque

91 3481 103 3530 7
122 3471 207 3518 Mater
217 3469 307 3528 Idaea]
326 3468 399 3522 Quae
411 3473 435 3514 et
447 3467 528 3523 Rhea,
539 3469 564 3512 et
596 3467 645 3513 bat.
663 3463 743 3514 Crine.

54 3535 119 3594 Ops,
130 3539 155 3580 et
168 3533 251 3580 Mater
264 3531 337 3579 derim
352 3545 449 3592 quoque
463 3531 562 3577 vocaba-
628 3543 643 3590 9
660 3531 738 3587 Fatis,
746 3530 873 3587 ominibus,
881 3531 1045 3592 maculisque]
1055 3532 1104 3578 Fa-

53 3605 116 3652 tur;
138 3597 215 3644 Idaea
234 3596 301 3643 dicta
319 3596 351 3642 ab
371 3595 418 3643 Ida
436 3599 519 3641 monte
538 3593 564 3639 in
597 3595 628 3640 tt's
650 3591 778 3653 significari
801 3607 898 3640 cannen
921 3593 1037 3640 librorum
1059 3593 1104 3655 Sy-

52 3659 172 3722 Phrygia,
189 3657 231 3706 ¹ubl
251 3659 383 3722 praecipua
400 3659 506 3720 quadarn
525 3672 563 3704 ve·
597 3657 754 3718 tynnorum,
773 3657 892 3704 matribus
909 3655 1029 3718 Scipionis
1051 3658 1102 3704 ani-

52 3724 182 3773 nerations
209 3724 342 3771 colebatur.
371 3723 451 3772 narr,
496 3721 564 3769 Hinc
597 3735 664 3768 mum
688 3721 719 3767 tle
744 3720 793 3768 fine
817 3719 876 3768 belli
904 3721 1104 3782 praesagientem,

53 3789 130 3836 libros
141 3787 274 3848 Sibyllinos
288 3786 359 3833 Ionio
368 3787 436 3833 fonte
444 3786 564 3834 derivatos
596 3785 702 3833 oraculis
730 3798 872 3846 responsum
895 3784 1017 3846 Apollinis
1043 3785 1101 3833 Del-

53 3867 107 3900 esse
119 3856 202 3900 censet
215 3850 367 3898 Niebuhr-ius
376 3849 402 3897 ii.
413 3865 437 3897 n.
452 3865 520 3897 1122.
596 3848 672 3910 phici,
684 3853 768 3914 monet
780 3847 926 3896 Gronovius.

87 3917 103 3963 8
120 3916 153 3962 In
163 3916 269 3963 eimdem
286 3915 338 3976 spei
352 3929 470 3962 summam
484 3915 563 3973 conse·
632 3927 641 3960 1
660 3914 836 3974 Aesculapium
851 3913 957 3976 quoque]
977 3911 1008 3959 Id
1027 3912 1103 3975 impe-

52 3979 154 4041 rabant]
173 3979 214 4026 Ex
226 3977 333 4026 carmine
346 3977 446 4024 invento
459 3975 564 4023 inlibris
596 3981 675 4024 rutum
691 3981 765 4038 atque
776 3977 901 4024 decretum
916 3981 1035 4024 memorat
1050 3993 1102 4025 nos

53 4043 192 4104 Sibyllinis,
203 4049 229 4090 et
241 4057 357 4104 responso
369 4040 492 4102 Apollinis
504 4039 563 4087 Del·
596 4045 634 4088 ter
643 4055 708 4100 supr.
721 4055 744 4090 x,
757 4051 795 4102 47.

53 4107 123 4169 phici
145 4107 277 4154 exsistebat
298 4105 347 4152 iarn
370 4103 490 4166 quaedam
512 4103 564 4164 spei
631 4119 643 4151 a
662 4107 701 4152 M.
715 4105 838 4153 Valeriam
848 4105 994 4164 laevinum,
1009 4106 1051 4166 qus·
1067 4105 1103 4152 bts

55 4173 123 4219 velut
138 4185 327 4231 summaquaru
342 4169 463 4228 erigebant
478 4167 562 4215 addito
594 4169 680 4216 consul
694 4170 797 4228 suerat]
828 4169 886 4224 Quo
908 4183 973 4216 anno
996 4167 1102 4228 primum

54 4241 79 4283 et
91 4235 175 4296 aliquo
190 4238 315 4282 momento
330 4231 382 4294 spei
398 4247 429 4279 ex
444 4231 488 4279 illa
501 4231 561 4278 fidu·
595 4233 680 4279 consul
707 4232 789 4290 fuerit,
812 4232 931 4278 incertum
960 4235 1003 4278 est.
1045 4229 1103 4278 Hoc

54 4299 102 4357 cia,
114 4313 163 4360 qus
177 4297 260 4359 Scipio
275 4296 348 4344 huius
362 4295 422 4344 belli
438 4294 562 4343 victoriam
595 4296 661 4344 bello
673 4301 769 4356 praetor
780 4294 827 4342 fuit
836 4310 893 4344 ann.
903 4293 970 4342 U.G.
979 4303 1033 4354 537.
1046 4307 1103 4340 eou-

54 4362 138 4411 animo
153 4361 320 4425 praesagiebat
331 4359 377 4410 sibi
388 4375 417 4408 ac
428 4359 562 4422 desponde
595 4359 634 4408 sul
645 4359 733 4408 iterum
745 4373 801 4407 cum
813 4357 933 4407 Marcello
944 4373 1000 4406 ann.
1013 4369 1067 4418 54²·
