3002 4798
397 171 493 238 LIB.
516 169 612 236 XXL
646 170 756 236 CAP.
783 175 833 236 52.
1100 173 1141 238 47
1215 183 1219 194 ’

90 305 178 368 baut
226 301 401 392 Repetenti
427 305 566 372 Siciliam
596 305 718 372 consuli
747 305 911 370 exscensio
940 303 1080 370 hostium
1108 303 1144 367 in
1156 315 1188 365 U.
1200 315 1230 366 0.
1243 329 1298 380 534

91 411 206 476 agrum
221 389 440 456 Viboneusem
460 391 544 457 facta
564 392 746 457 nuntiatur:
771 392 944 477 literaeque
966 393 1006 456 ab
1032 402 1144 455 senatu
1154 382 1184 429 A.
1201 381 1230 429 ⁰·
1244 383 1299 430 ²¹⁸·

91 477 133 540 de
150 476 287 541 tramitu
300 477 335 541 iu
350 476 476 542 Italiam
489 477 688 556 Hannibalis,
700 491 742 553 ct,
755 491 792 542 ut
805 477 909 565 primo
919 499 1049 564 quoque
1064 490 1145 541 tem·
1154 445 1301 558 ffffitffi,

91 584 171 648 pore
195 561 335 662 collegae
358 563 455 630 ferret
478 564 642 642 auxilium,
670 565 782 628 missac
808 564 983 628 traduntur.
1031 562 1145 627 Multis

91 647 189 712 simul
211 671 325 714 anxius
346 650 439 727 euris,
454 651 642 728 exercitum,
658 663 765 716 extem
789 648 821 715 lo
843 649 878 713 in
899 672 995 714 naves
1015 648 1145 736 imposi-

92 747 175 810 tum,
192 734 375 799 Ariminum
392 758 507 824 supero
525 739 603 800 mari
626 735 728 801 misit:
798 759 828 800 x.
845 735 1025 822 Pomponio
1039 735 1144 822 legato

92 842 169 884 cum
195 820 309 906 viginti
335 822 478 908 quinque
504 822 607 910 longis
631 823 765 888 navibus
789 821 1009 886 Vibonenscm
1034 842 1143 907 agrum

93 906 350 1006 maritimamque
366 931 454 972 oram
469 907 578 974 Italiae
595 908 746 974 tuendam
761 907 919 986 attribuit:
945 907 993 971 M.
1005 907 1144 971 Aemilio
1154 921 1194 970 Ad
1205 921 1279 996 colle

92 992 233 1078 praetori
248 994 481 1078 qumquaginta
494 995 624 1056 navium
639 994 769 1057 classem
784 993 941 1079 explevit:
966 993 1043 1080 ipse,
1059 1001 1209 1055 com-8²⁸¹
1220 991 1294 1036 “¹¹¹2

92 1077 206 1164 positis
228 1075 353 1141 Siciliae
375 1079 479 1154 rebus,
494 1077 606 1142 decem
628 1078 761 1142 navibus
783 1100 870 1141 oram
893 1078 1003 1140 Italiae
1025 1077 1144 1163 legens,

93 1163 281 1228 Ariminum
297 1163 462 1248 pervenit:
486 1163 561 1227 inde
584 1185 657 1228 cum
680 1163 823 1228 exercitu
844 1183 901 1227 suo
922 1163 1083 1250 profectus
1104 1163 1146 1227 ad

94 1249 247 1313 Trebiam
262 1249 392 1326 flumen,
408 1246 548 1336 collegae
562 1249 635 1314 coni
704 1248 774 1314 'tur⁸
838 1299 841 1306 .

138 1333 209 1400 Iam
224 1335 318 1399 ambo
333 1333 488 1412 consules,
498 1346 531 1399 et
540 1271 923 1421 qucqlitlltomanarum
936 1335 1053 1399 virium
1067 1347 1145 1412 erat,
1250 1387 1258 1404 .

73 1419 275 1486 rHannibali
289 1421 480 1507 oppositum,
495 1432 551 1485 aut
567 1421 630 1484 illis
652 1421 751 1508 copiis
768 1421 898 1486 defendi
919 1443 1011 1508 posse
1027 1420 1146 1485 Roma-

94 1529 174 1572 num
198 1506 376 1592 imperium,
392 1519 447 1570 aut
467 1529 557 1592 spem
579 1506 699 1571 nullam
717 1506 811 1572 aliam
825 1529 902 1584 esse,
918 1507 993 1572 satis
1006 1505 1147 1571 declara·

71 1594 159 1658 abac
206 1592 332 1656 Tamen
346 1591 457 1657 consul
478 1591 567 1670 alter,
581 1593 722 1679 equestri
743 1593 864 1680 proelio
885 1615 951 1658 uno
969 1605 1002 1657 et
1015 1592 1146 1658 vulnere

94 1703 155 1744 suo
177 1679 329 1755 minutus,
352 1678 435 1742 uehi
457 1701 524 1743 rem
547 1678 701 1744 malebat:
724 1679 861 1744 recentis
876 1679 974 1744 animi
988 1679 1076 1757 alter,
1092 1702 1147 1744 eo-

119 1787 161 1829 ue
186 1764 331 1840 ferocior,
356 1764 477 1829 nullam
499 1763 684 1830 dilationem
705 1766 891 1854 patiebatur.
940 1765 1038 1841 Quod
1062 1766 1147 1830 inter

129 1850 249 1916 rebiam
262 1850 451 1939 Padumque
463 1851 530 1938 agri
544 1864 601 1929 est,
613 1851 700 1916 Galli
714 1866 783 1916 tum
798 1850 997 1929 incolebaut3
1021 1852 1055 1917 iu
1066 1851 1147 1915 duo-

96 1961 168 2003 rum
192 1959 267 2024 prae
312 1937 448 2002 tentium
469 1937 661 2025 populorum
683 1938 864 2015 certamine,
882 1960 941 2024 per
962 1937 1044 2002 amb'
1091 1959 1146 2001 um

95 2024 246 2100 favorem,
261 1960 349 2088 ffud
370 2023 468 2088 dubie
490 2024 622 2110 gratiam
644 2023 772 2088 victoris
793 2035 979 2111 spectantes
1026 2022 1044 2088 Ι
1079 2022 1147 2088 Ro-

74 2109 195 2187 smani,
210 2131 252 2174 ne
267 2109 346 2196 quid
361 2109 457 2175 modo
472 2125 644 2187 moverent,
661 2132 763 2196 aequo
778 2108 861 2186 satis,
877 2109 1006 2174 Poenus
1070 2109 1147 2172 rini-

120 2219 164 2260 uo
178 2197 286 2260 auimo
300 2195 430 2273 ferebat,
446 2197 485 2260 ab
502 2195 604 2261 Gallis
619 2196 755 2261 accitum
769 2217 803 2260 se
817 2195 939 2278 venisse
954 2193 1032 2258 adh
1074 2216 1147 2259 rau-

95 2221 156 2347 dus
170 2303 235 2360 eos,
251 2282 408 2346 dictitans
455 2282 508 2347 Ob
523 2303 594 2348 eam
608 2282 698 2358 iram,
714 2280 806 2345 simul
823 2293 860 2346 ut
873 2280 992 2367 praeda
1012 2279 1146 2346 militem

96 2368 206 2445 aleret,
221 2368 287 2433 duo
308 2367 407 2432 millia
427 2367 572 2454 peditum
594 2380 628 2432 et
647 2366 733 2432 mille
749 2367 882 2454 equites,
899 2365 1058 2431 Numidas
1078 2366 1147 2455 ple·

96 2476 223 2541 rosque,
239 2455 355 2519 mixtos
370 2453 524 2541 quosdam
546 2467 580 2519 et
599 2453 718 2531 Gallae,
738 2453 884 2554 populari
906 2475 1034 2519 omnem
1056 2452 1148 2518 dein·

94 2563 173 2628 ceps
188 2563 299 2628 agrum
315 2562 415 2626 usque
430 2540 471 2605 ad
485 2540 567 2604 Padi
581 2539 665 2627 ripas
679 2539 777 2604 iussrt
815 2539 956 2626 Egentes
970 2563 1030 2626 ope
1049 2537 1145 2616 Galli,

74 2649 199 2714 ,quum
219 2627 261 2691 ad
283 2626 317 2690 id
335 2626 447 2691 dubios
462 2639 636 2692 servassent
650 2626 781 2703 animos,
797 2625 898 2691 coacti
913 2627 953 2690 ab
968 2626 1147 2691 auctoribus

98 2712 232 2777 iniuriae
250 2713 291 2778 ad
313 2711 455 2776 vindices
471 2712 593 2777 futuros
608 2711 786 2776 declinant:
811 2709 986 2798 legatisque
1008 2711 1049 2775 ad
1071 2733 1147 2776 con·

97 2797 199 2863 sulem
214 2797 325 2873 missis,
341 2798 494 2862 auxilium
511 2797 729 2862 Romanorum
748 2811 859 2875 terrac,
875 2797 916 2861 ob
931 2797 1062 2872 nimiam
1080 2797 1148 2860 cul·

98 2899 202 2948 torum
221 2883 318 2948 fidem
340 2884 375 2946 in
391 2882 554 2947 Romanos
575 2883 741 2959 laboranti,
765 2896 864 2947 orant
912 2879 1065 2946 Cornelio
1086 2904 1147 2947 nec

97 2991 202 3048 causa,
225 2991 285 3034 nec
312 2981 437 3055 tempus
463 2968 604 3056 agendae
630 2969 676 3034 rei
699 2968 860 3055 placebat:
884 2981 1093 3056 suspectaque
1116 2968 1147 3032 ei

97 3077 177 3142 gens
202 3068 280 3133 crat,
307 3077 406 3141 quum
433 3055 474 3119 ob
498 3055 597 3118 infida
619 3053 719 3118 multa
744 3054 892 3131 facinora,
920 3066 998 3131 tum,
1025 3066 1062 3118 ut
1086 3055 1147 3119 alia

98 3154 254 3206 vetustate
280 3140 514 3217 obsolevissent,
540 3141 581 3205 ob
607 3151 767 3204 recentem
792 3139 946 3204 Boiorum
970 3140 1144 3226 perfidiam.

100 3227 309 3315 Sempronius
333 3239 452 3304 contra,
479 3225 682 3291 continendis
707 3226 744 3290 in
767 3224 831 3288 fide
855 3225 947 3289 sociis
972 3226 1146 3290 maximum

97 3314 261 3378 vinculum
282 3333 349 3394 esse
370 3313 497 3400 primos,
516 3312 573 3399 qui
593 3311 754 3398 eguissent
773 3332 845 3396 ope,
863 3310 1019 3388 defensos,
1037 3333 1147 3375 cense-

62 3411 71 3420 “
97 3402 160 3487 bat.
206 3399 294 3464 Tum
309 3398 429 3485 collega
443 3409 624 3475 cunctante,
640 3396 817 3496 equitatum
833 3407 935 3472 suum,
951 3395 1038 3460 mille
1045 3396 1147 3546 pedi·

99 3499 167 3552 tum
188 3485 411 3550 iaculatoribus
429 3484 528 3548 ferme
549 3483 708 3561 admistis,
729 3481 1028 3546 ad'defendcudum
1079 3481 1147 3546 alli·

98 3595 172 3638 cum
192 3593 304 3659 agrum
319 3583 404 3635 trans
419 3570 570 3635 Trebiam
587 3567 694 3634 mittit.
729 3567 768 3654 ⁸Ii
786 3589 907 3655 sparsos
929 3579 963 3631 et
983 3568 1146 3667 incompo-
1157 3587 1281 3636 Proelium

97 3660 183 3735 sitos,
199 3657 316 3723 adhoc
331 3679 442 3744 graves
461 3655 578 3742 praeda
595 3655 647 3742 ple
723 3677 773 3733 ue,
790 3677 891 3740 quum
904 3653 1083 3740 inopinatos
1098 3676 1147 3718 m·
1158 3657 1269 3763 rugeam

98 3745 259 3821 vasissent,
278 3745 442 3831 ingentem
465 3756 617 3807 terrorem
639 3764 694 3806 cae
718 3763 833 3827 emque
857 3763 894 3804 ac
916 3740 1024 3827 fugam
1047 3717 1190 3826 usque‘lu
1206 3729 1265 3764 ¹⁰³¹·

133 3979 142 4013 r
162 3963 305 4012 Hannibali
321 3962 469 4025 oppositum]
488 3960 513 4010 h.
528 3976 549 4010 e.
568 3961 608 4020 Id,
641 3961 744 4010 coniecit
756 3961 803 4010 Str.
815 3966 841 4011 et
852 3977 905 4011 aaa
916 3960 998 4024 sigon.
1011 3963 1077 4010 Rue.

97 4029 164 4090 quod
198 4026 338 4090 oppositum
371 4031 432 4084 erat,
459 4025 608 4084 declarabat,
673 4039 687 4086 3
704 4029 745 4075 Ne
765 4027 826 4089 quid
846 4028 913 4076 modo
930 4027 1065 4084 morum]
1089 4025 1105 4076 i.
1124 4041 1147 4077 s.

97 4092 307 4156 quemadmodum
317 4090 611 4152 supramemoratam.
644 4088 722 4137 Modo
743 4089 851 4150 quietem
872 4093 981 4152 agerent,
998 4103 1081 4150 neque.
1100 4090 1147 4152 ipsi

131 4171 144 4204 a
163 4157 282 4218 eqoestri
295 4155 389 4216 proelio
403 4169 454 4202 aaa
469 4159 493 4202 et
507 4153 609 4202 sumre
641 4152 796 4201 rebellarent
808 4153 916 4202 Susura.

97 4237 142 4268 nso
156 4219 280 4276 maculata]
302 4217 405 4266 Fructus
419 4217 540 4264 animost
555 4215 609 4263 viri·
673 4233 689 4275 4
704 4217 779 4264 ΔΜ
784 4218 881 4277 dubios]
894 4217 935 4266 Ad
946 4215 971 4264 id
979 4221 1085 4278 tempus,
1093 4216 1117 4265 h.
1125 4231 1147 4267 e.

98 4286 158 4333 bus:
174 4283 231 4330 Vox
240 4279 320 4330 anah.
330 4281 345 4330 l.
354 4285 513 4342 pammapta
528 4281 610 4328 Vicera
641 4279 766 4328 hatenus
