2888 4768
329 191 394 277 220
713 181 826 248 rm
856 176 993 246 nrvn

172 331 206 382 u.
218 332 247 383 c.
265 333 319 396 538.
328 321 451 385 ensium
466 319 543 398 dux,
560 341 632 384 curn
654 319 795 384 exercitu
810 317 893 382 iusto
914 317 1059 382 advenit:
1084 326 1256 415 contraque
1275 325 1377 378 castra

171 397 202 446 Ᾰ·
219 399 249 448 ⁰·
265 411 320 459 ²14·
330 407 476 472 Romana
496 421 581 471 trans
600 406 732 470 fiuvium
752 427 863 469 omnes
882 403 1062 468 consedere.
1108 402 1145 467 P.
1163 401 1283 488 Scipio,
1302 421 1376 464 cum

329 493 485 581 expeditis
500 491 582 558 clam
596 493 755 580 profectus
770 492 809 556 ad
828 490 898 556 loca
911 492 995 555 circa
1008 489 1147 566 visenda,
1162 487 1250 552 haud
1265 484 1378 552 fefellit

329 581 451 645 hostes:
490 580 779 667 oppressissentque
809 601 882 642 eum
908 579 942 641 in
972 576 1154 664 patentibus
1182 575 1314 660 campis,
1343 573 1378 634 ni

330 666 488 731 tumulum
503 667 537 730 in
551 666 732 816 propinquo
751 666 893 752 cepisset..
941 663 990 728 Ibi
1006 685 1133 750 quoque
1154 662 1378 726 circumsessus

329 751 468 818 adventu
476 753 609 818 fratrrso
631 752 753 816 sidrone
765 751 924 816 eximitur.
973 748 1104 814 Castulo
1114 750 1190 813 urbs
1202 747 1377 835 Hispaniae

328 839 433 904 valida
457 863 493 904 ac
517 838 641 916 nobilis,
666 853 698 904 et
724 839 805 903 adeo
830 838 1000 903 coniuncta
1020 837 1168 901 societate
1192 833 1323 910 Poenis,
1343 847 1379 896 ut

172 939 296 1002 Iliturgin
329 949 411 991 uxor
425 926 500 992 inde
524 925 698 991 Hannibali
716 938 807 1002 esset,
824 925 865 989 ad
883 924 1046 989 Romanos
1067 923 1193 987 defecit.
1244 919 1379 984 Cartha·

172 1011 315 1116 ‹lippugnant
352 1015 358 1027 '
385 1013 488 1078 ienses
510 1012 707 1100 llliturgino
730 1033 871 1100 pugnare
894 1010 1007 1087 adorti,
1023 1010 1100 1097 qnia
1140 1007 1315 1073 raesidium
1336 1007 1380 1070 ibi

194 1083 257 1119 Μ’
329 1036 512 1165 Ἐξωαηιιιη
528 1115 611 1164 erat:
635 1035 888 1186 videbanturque
907 1097 1015 1184 inopia
1028 1120 1102 1162 eum
1116 1032 1224 1160 locum
1239 1093 1380 1158 maxime

328 1209 391 1274 exp
436 1188 549 1251 naturi.
586 1185 648 1251 Cn.
662 1185 779 1272 Scipio,
791 1198 828 1249 ut
836 1185 927 1249 sociis
935 1183 1157 1271 praesidioque
1166 1183 1266 1246 ferret
1275 1204 1380 1268 opem,

327 1297 402 1338 cum
423 1273 536 1360 egione
548 1273 698 1361 expedita
708 1271 876 1359 profectus,
889 1271 972 1335 inter
983 1271 1060 1335 bina
1068 1283 1168 1334 castra
1178 1291 1256 1333 cum
1267 1291 1382 1354 magna

328 1361 425 1425 caede
441 1360 579 1424 bostium
588 1359 701 1424 urbem
716 1371 763 1423 est
777 1359 944 1446 ingressus,
957 1371 991 1422 et
1004 1369 1130 1444 postero
1145 1355 1199 1420 die
1211 1355 1382 1443 eruptione

328 1470 429 1535 aeque
452 1447 537 1510 felici
558 1447 720 1534 pugnavit.
769 1444 871 1533 Supra
892 1443 1062 1509 duodecim
1089 1442 1188 1506 millia
1210 1441 1382 1505 hominum

328 1556 418 1598 caesa
432 1533 556 1598 duobus
570 1532 714 1621 proeliis:
738 1532 810 1619 plus
824 1531 911 1596 mille
929 1531 1023 1618 capti,
1039 1552 1113 1595 cum
1128 1552 1184 1593 sex
1200 1540 1234 1593 et
1251 1529 1383 1615 triginta

328 1619 516 1684 militaribus
533 1621 638 1706 signis.
685 1619 736 1684 Ita
756 1620 796 1683 ab
817 1617 952 1704 illiturgi
967 1639 1124 1682 recessum
1142 1629 1198 1680 est.
1246 1615 1385 1702 Bigerra

328 1706 404 1770 inde
419 1707 494 1770 urbs
509 1705 610 1794 (socia
623 1719 657 1771 et
670 1705 749 1770 haec
765 1705 984 1770 Romanorum
1000 1703 1081 1788 erat)
1095 1725 1115 1768 a
1132 1701 1385 1789 CarthQinien·

328 1791 415 1857 sibus
436 1794 613 1944 oppugnari
628 1805 741 1880 coepta
760 1804 815 1857 est.
863 1791 944 1855 Eam
966 1790 1163 1856 obsidionem
1185 1789 1258 1854 sine
1282 1803 1385 1854 cena-

263 1927 271 1946 .
329 1879 415 1944 mine
443 1881 614 1944 eveniens
638 1878 700 1945 Cn.
715 1877 768 1944 Sci
791 1880 822 1943 io
849 1877 950 1944 solvit.
986 1876 1053 1942 'Ad
1074 1875 1236 1940 Mundam
1264 1875 1385 1940 exinde

330 1979 430 2032 castra
444 1966 568 2032 Punica
589 1979 690 2032 mota:
720 1979 754 2030 et
809 1965 915 2030 omani
930 1987 968 2029 eo
990 1963 1156 2029 confestim
1171 1963 1277 2028 secuti
1299 1978 1383 2026 sunt.

330 2053 381 2118 Ibi
404 2053 503 2140 signis
526 2053 647 2118 collatis
675 2067 852 2140 pugnaturn
881 2073 940 2138 per
964 2063 1113 2138 quattuor
1137 2043 1241 2114 ferme
1266 2050 1383 2114 horas:

230 2133 237 2148 ⁸
329 2163 404 2228 egre
428 2140 521 2227 ieque
530 2140 730 2205 vincentibus
746 2138 900 2203 Romanis
909 2138 1035 2224 signum
1046 2137 1188 2224 receptui
1198 2149 1247 2200 est
1258 2137 1384 2213 datum,

330 2163 427 2314 quod
435 2227 496 2292 Cn.
512 2226 669 2315 Scipionis
677 2226 780 2290 femur
794 2224 917 2311 tragula
931 2223 1093 2288 confixum
1104 2241 1191 2288 erat:
1216 2243 1405 2312 pertorquet

329 2315 413 2378 circa
438 2337 511 2378 eum
541 2329 669 2402 ceperat
698 2312 822 2389 milites,
850 2335 891 2376 ne
921 2309 1116 2375 mortiferum
1145 2325 1230 2375 esset
1255 2311 1384 2374 vulnus.

331 2399 484 2464 Ceterum
495 2400 582 2465 haud
596 2400 731 2465 dubium
741 2399 811 2476 fuit,
823 2399 913 2484 quin,
923 2397 984 2461 nisi
999 2420 1037 2462 ea
1047 2419 1136 2461 mora
1146 2397 1386 2474 intervenisset,

328 2497 430 2550 castra
438 2507 477 2550 eo
488 2485 541 2550 die
551 2487 674 2550 Punica
685 2485 755 2573 capi
767 2485 938 2573 potuerint.
985 2483 1053 2548 Iam
1064 2506 1129 2548 non
1140 2483 1261 2547 milites
1270 2485 1386 2560 solum,

222 2610 226 2620 ·
328 2571 386 2636 sed
407 2570 568 2659 elephanti
591 2573 686 2637 etiam
702 2595 738 2636 us
762 2595 802 2636 ue.
825 2570 866 2635 ad
880 2569 997 2636 vallum
1019 2569 1082 2635 acti
1103 2582 1204 2645 erant,
1221 2593 1388 2658 superque

328 2659 398 2746 ipso
412 2681 526 2722 novem
542 2673 575 2722 et
590 2660 719 2746 triginta
733 2595 895 2746 dlepbanti
905 2657 979 2744 pilis
993 2655 1119 2722 confixi.
1167 2654 1243 2721 Hoc
1253 2681 1388 2746 quoque

328 2743 449 2832 proelio
464 2745 506 2809 ad
521 2744 691 2808 duodecim
707 2744 806 2809 millia
819 2745 986 2809 hominum
1001 2743 1151 2808 dicuntur
1165 2766 1271 2821 caesa,
1285 2767 1388 2832 prope

329 2832 390 2896 tria
411 2843 513 2918 capta,
529 2853 602 2895 cum
617 2831 642 2895 si
688 2831 715 2895 is
736 2831 924 2895 militaribus
944 2843 1066 2917 septem
1088 2843 1121 2894 et
1135 2829 1386 2918 quinquaginta

330 2917 387 2982 Ad
406 2918 575 3006 Auringen
598 2855 687 2983 indii1
691 2919 803 2984 urbem
823 2917 925 2982 Poeni
947 2939 1122 2994 recessere3
1146 2929 1188 2993 et,
1204 2933 1244 2980 ut
1267 2919 1388 2982 territis

276 3077 282 3089 ⁶
329 3005 470 3083 instaret,
486 3018 612 3070 secutus
633 3005 807 3070 Romanus.
853 3003 903 3068 Ibi
923 3005 1040 3068 iterum
1057 3003 1163 3091 Scipio
1183 3003 1342 3069 lecticula
1356 3006 1388 3068 in

227 3114 248 3153 .·
284 3105 293 3115 ·
331 3093 430 3157 aciem
443 3092 547 3158 illatus
556 3091 716 3157 conflixit:
741 3091 1132 3156 necdubiavictoriafuit:
1156 3089 1267 3154 minus
1277 3105 1388 3156 tamen

332 3179 465 3244 dimidio
482 3179 630 3257 hostium,
647 3201 742 3267 quam
758 3191 861 3255 antea,
877 3178 953 3266 quia
970 3177 1134 3264 pauciores
1147 3177 1386 3263 superbierant,

315 3267 388 3353 .qui
410 3279 598 3353 pugnarent,
619 3265 766 3331 occisum.
814 3263 879 3330 Sed
900 3286 978 3352 gens
1000 3277 1074 3328 nata
1095 3264 1317 3329 instaurandis
1339 3287 1405 3329 res

330 3353 542 3439 parandisque
564 3352 664 3430 bellis,
685 3350 826 3439 Magone
849 3350 891 3415 ad
913 3350 1177 3437 conquisitionem
1200 3349 1350 3416 militum
1370 3366 1405 3414 as

330 3439 424 3504 fratrc
447 3439 551 3517 misso,
566 3439 655 3504 brevi
676 3437 811 3527 replevit
832 3437 1017 3514 exercitum,
1038 3437 1223 3523 animosque
1247 3437 1293 3502 ad
1319 3453 1387 3504 ten·

173 3533 301 3648 {prripu-
332 3525 464 3591 tandum
483 3526 523 3590 de
546 3526 670 3612 integro
692 3537 852 3590 certamen
866 3523 949 3588 fecit.
996 3523 1063 3588 Alii
1085 3522 1229 3611 plerique
1253 3525 1405 3602 militeas

330 3755 839 3880 stabilitabit&
870 3753 1385 3882 ι’Ψ’ἢζῖιῖἷιῗξῗῖἓΕἱέιῑῖῧὲἱΜιῗὲἑὲῗῗιᾖ

331 3882 362 3931 cf.
374 3897 439 3944 supr.
450 3883 501 3932 xxi.
515 3895 536 3944 7.
871 3882 940 3945 rique
961 3883 1060 3942 milites,
1080 3880 1208 3944 conquisiti
1231 3887 1257 3929 et
1280 3882 1385 3932 adducti

364 3963 379 4006 4
395 3947 444 3995 Sed
451 3963 511 4008 pm
521 3949 595 4007 ma]
616 3946 731 4010 Intelliga
741 3951 841 4010 gentem
872 3961 957 3996 recens
977 3962 994 3995 a
1014 3947 1130 4009 Magone,
1148 3945 1191 3994 alii
1207 3951 1291 3994 emant
1311 3963 1384 4008 qnam

332 4009 473 4070 Barcinam
487 4012 519 4059 de
533 4025 583 4072 qua
597 4027 662 4073 supr.
677 4012 727 4060 xxi.
742 4025 780 4070 rc,
791 4027 840 4059 non
873 4011 914 4074 qui
923 4009 1043 4074 prioribus
1051 4009 1150 4073 proeliis
1159 4021 1344 4072 pugnaverant,
1350 4019 1384 4058 ta-

333 4073 460 4126 Punieam.
472 4074 580 4124 simin.
603 4075 652 4126 Sed
663 4074 839 4138 alirtaliispla·
872 4091 929 4124 men
946 4075 1032 4124 iisdem
1050 4073 1138 4123 animis
1154 4075 1242 4135 quibus
1261 4075 1343 4136 prins,
1360 4082 1384 4122 ut

332 4139 434 4188 cuerint.
872 4140 914 4201 qui
932 4145 1068 4202 pugnarent
1085 4153 1128 4201 pro
1145 4144 1213 4200 parte
1230 4137 1307 4188 toties
1322 4140 1386 4188 intra

365 4216 379 4265 5
396 4206 419 4250 A
430 4204 515 4263 fratre
525 4204 609 4264 muso]
631 4201 839 4265 Praepositionem
872 4219 964 4266 paucos
981 4203 1032 4252 dies
1048 4203 1121 4262 ricta,
1137 4203 1272 4264 eodemque
1290 4211 1383 4252 erentn

333 4283 349 4315 a
368 4267 463 4316 addidit
479 4266 584 4328 Duker,
600 4269 643 4316 aad
659 4267 751 4317 Stroth.
769 4267 839 4315 omit-
872 4281 1018 4328 pugnavere.
1051 4267 1158 4315 Videtur
1173 4281 1299 4328 opponere
1321 4267 1384 4316 intes

333 4331 433 4380 tendam
450 4335 540 4381 censet.
574 4333 664 4382 Fratre
679 4347 712 4382 sc.
728 4331 839 4380 Hasdru·
872 4345 898 4379 se
909 4331 1013 4382 volrrisse
1024 4330 1118 4390 livius,
1130 4329 1188 4379 hine
1204 4329 1266 4378 alios
1280 4330 1384 4385 milita.
