2966 4778
361 201 457 268 LIB.
481 201 613 268 XXIII.
644 201 756 268 cAP.
781 209 832 269 20.
1063 207 1124 270 143

79 336 118 401 ed
133 335 242 402 urbem
252 337 389 403 missum.
438 335 546 404 Nuces
561 354 668 404 tamen
682 339 769 404 tirsae
784 341 824 404 ab
836 337 990 403 Romanis
1005 339 1210 415 castrisue.
1226 351 1281 415 53⁶·

79 446 175 509 quum
185 424 291 489 medio
300 426 386 490 amni
398 424 440 489 ad
452 423 629 490 Casilinum
639 425 827 503 defluerent,
837 426 974 490 cratibus
983 425 1124 512 excipie-
1133 418 1163 532 ll,-
1180 419 1210 468 ⁰·
1226 415 1283 530 ²¹2·

79 511 198 575 bantur.
243 509 409 576 Postremo
424 511 467 576 ad
480 511 514 576 id
529 525 659 577 ventum
676 512 730 576 ino
753 512 801 576 iae
816 524 874 589 est,
887 523 923 576 ut
937 511 1005 576 lora
1018 510 1124 576 detra·
1131 497 1260 595 mmm

78 609 205 682 ctasque
227 597 324 662 scutis
345 596 454 686 pelles,
469 597 525 662 ubi
540 597 661 663 fervida
674 535 850 662 moliissent
863 621 955 686 aqua,
971 597 1122 662 mandere
1132 610 1234 659 Gaffiot
1246 611 1280 658 ta

78 693 274 760 conarentur,
286 705 346 748 nec
361 684 503 748 muribus
514 683 615 750 aliove
626 683 755 748 animali
763 684 967 762 abstinerent,
980 697 1013 749 et
1027 706 1122 749 omne
1132 689 1158 722 '¹
1169 673 1257 737 9⁶¹¹*

78 767 243 833 herbarum
263 769 470 857 radicumque
492 793 594 856 genus
610 770 778 858 aggeribus
797 769 915 834 Infimis
932 771 1015 835 muri
1031 752 1257 852 erue-{223⁴

57 869 164 931 arent3
188 867 230 933 et,
246 878 347 943 quum
365 855 472 921 hostes
485 856 676 934 obarassent,
692 856 847 943 quicquid
862 856 987 921 herbidi
1007 857 1123 922 terreni

79 953 164 1006 extra
179 963 305 1006 murum
320 955 398 1018 erat,
411 964 557 1030 raporum
572 965 682 1008 semen
696 942 884 1019 iniecerunt,
897 955 934 1008 ut
950 940 1122 1018 Hannibal,

81 1025 188 1092 ‘Eone
213 1050 325 1114 usque,
349 1028 489 1093 dumea
512 1041 691 1106 nascantur,
715 1028 757 1094 ad
782 1027 960 1093 Casilinum
984 1051 1124 1094 semurus

80 1114 203 1178 ‘euml'
220 1113 428 1180 exclamaret:
452 1131 495 1192 et,
507 1116 563 1201 qui
573 1114 693 1180 nullam
702 1129 797 1180 antea
806 1115 987 1202 pactionem
996 1116 1124 1180 auribus

79 1199 253 1278 admiserat,
264 1214 332 1265 tum
347 1200 477 1266 demum
487 1202 538 1288 agi
553 1223 660 1266 secum
670 1216 718 1266 est
728 1223 837 1302 passus
846 1201 887 1266 de
903 1201 1123 1288 redemptione

57 1284 245 1351 tliberorum
272 1287 422 1387 capitum
470 1287 646 1375 Septunces
672 1289 797 1352 amrin
824 1287 965 1376 singulos
986 1289 1123 1375 pretium

78 1373 233 1439 convenit.
280 1372 359 1438 Frde
388 1388 527 1461 accepta,
554 1395 622 1439 sese
653 1374 867 1439 tradiderunt:
900 1373 1004 1439 donec
1027 1397 1122 1440 omne
1132 1389 1269 1440 annibali

78 1480 185 1523 aarum
215 1458 412 1546 persolutum
438 1472 495 1537 est,
521 1461 556 1524 in
585 1459 720 1526 viriculis
749 1460 867 1525 habiti:
902 1473 972 1524 tum
1001 1455 1231 1530 reminidrdlrr

80 1542 196 1610 Cumas
207 1568 282 1610 cum
293 1545 367 1611 fide.
413 1545 453 1610 Id
463 1547 566 1612 verius
574 1559 633 1624 est,
646 1569 742 1648 quam
753 1548 793 1611 ab
804 1547 912 1633 equite
927 1547 961 1610 in
972 1547 1124 1611 abeuntes
1132 1520 1276 1569 ⁰⁸⁰¹¹¹¹¹¹¹¹¹‘

78 1631 214 1696 immisso
229 1631 420 1697 interlectos.
466 1631 664 1698 PraenestInr
685 1634 824 1698 maxima
838 1654 909 1720 pars
923 1632 1020 1698 fuere.
1071 1632 1123 1697 Ex

99 1718 259 1804 uingentis
287 1719 496 1806 septuaginta,
527 1719 583 1806 qui
609 1720 642 1783 in
668 1719 825 1807 praesidio
855 1719 993 1796 fuerunt,
1018 1719 1124 1784 minus

77 1740 244 1868 dimidium
269 1804 388 1869 ferrum
413 1803 575 1893 famesque
601 1807 791 1893 absumpsit:
823 1806 918 1871 ceteri
950 1805 1123 1870 incolumes

58 1889 247 1956 sPracneste
269 1913 343 1955 cum
371 1903 516 1979 praetore
542 1915 600 1956 suo
622 1891 671 1956 M.
689 1891 806 1956 Anicio
831 1892 950 1978 (scriba
975 1892 1002 1956 is
1029 1905 1124 1956 antea

77 1976 190 2061 fuerat)
212 1975 385 2041 redierunt.
433 1975 544 2042 Statua
565 1978 634 2042 eius
657 1977 776 2042 Indicio
798 1977 867 2054 luit,
891 1977 1062 2042 Praeneste
1089 1979 1123 2041 in

77 2062 142 2127 foro
164 2073 293 2140 statuta,
316 2061 454 2140 loricata,
479 2065 595 2128 auriota
617 2077 700 2150 toga,
725 2063 827 2127 velato
852 2063 974 2150 capite3
1005 2077 1039 2128 et
1064 2063 1125 2128 tria

78 2149 163 2235 signa
177 2169 252 2213 cum
267 2147 361 2213 titulo
372 2149 496 2213 lamnae
511 2171 628 2213 aeneae
640 2149 801 2235 inscripto,
815 2157 824 2186 ‘
836 2147 884 2213 M.
899 2149 1051 2214 Anicium
1066 2171 1124 2236 pro

80 2234 259 2311 ‘militibus
272 2235 328 2321 qui
345 2233 480 2300 Casilini
495 2236 529 2299 in
544 2234 702 2322 praesidio
715 2235 844 2312 fiterint,
860 2247 970 2300 votum
985 2235 1125 2300 vovisse?

79 2318 165 2385 Idem
180 2320 294 2387 titulus
308 2320 408 2386 tribus
422 2322 520 2408 signis
534 2322 568 2386 in
583 2321 663 2387 aede
678 2320 837 2385 Fortunae
852 2321 962 2409 positis
975 2321 1037 2385 fuit
1050 2320 1124 2385 sub·

79 2407 183 2472 iectus.
233 2406 411 2473 Casilinum
426 2407 580 2495 oppidum
589 2406 749 2472 redditum
767 2407 1125 2558 Camlpanisestlirma-
1181 2411 1232 2471 20.

79 2505 144 2558 tum
161 2495 438 2581 septingentorum
458 2493 594 2559 militum
610 2494 651 2560 de
669 2493 813 2558 exercitu
863 2493 1019 2558 annibalis
1033 2515 1122 2581 prac-

78 2579 176 2657 sidio;
199 2601 253 2656 ne,
270 2581 325 2644 ubi
340 2579 468 2645 Poenus
483 2579 559 2646 inde
575 2580 782 2658 abscessisset,
799 2579 939 2645 Romani
959 2601 1125 2668 oppugna-

78 2679 155 2731 rent.
184 2665 401 2731 PraenestInis
410 2665 695 2732 militibussenatus
705 2665 1126 2768 Romanusduplexstipen·

78 2751 162 2818 dium
173 2765 208 2818 st
218 2752 432 2840 quinquennii
442 2751 572 2817 militiae
581 2753 778 2818 vacationem
788 2753 938 2818 decrevit.
986 2752 1124 2819 Cirrtate

57 2846 174 2925 equum
193 2839 390 2904 donarentur
409 2839 451 2903 ob
470 2838 629 2917 virtutem,
651 2861 716 2904 non
739 2851 950 2904 mutavenrnt.
996 2839 1126 2904 Perusi-

78 2946 188 2990 norum
208 2946 300 2989 casus
313 2925 476 2990 obscurior
489 2925 573 2991 fama
591 2937 657 3002 est3
680 2925 757 3012 quia
775 2949 836 2990 nee
855 2925 997 3013 ipsorum
1010 2947 1124 2990 monu-

78 3025 184 3076 mento
199 3009 266 3075 ullo
280 3023 329 3076 est
343 3009 524 3088 illustratus,
540 3033 600 3077 nec
614 3011 744 3076 decreto
759 3010 987 3077 Romanorum.

59 3111 71 3160 t
120 3095 245 3162 Eodem
260 3109 400 3184 tempore
416 3096 586 3176 Petelinos,
619 3097 654 3162 oi
669 3099 723 3161 uni
739 3119 781 3162 ex
797 3096 930 3163 Bruttiis
945 3109 1125 3162 manserant
1135 3116 1241 3165 Petelini

78 3181 110 3246 in
125 3183 265 3249 amicitia
281 3183 437 3262 Romana,
453 3205 518 3248 non
536 3121 814 3270 Carlbaginienscs
829 3183 935 3261 modo,
950 3183 1006 3270 qui
1021 3184 1125 3270 regio-
1135 3179 1254 3256 Romanis

78 3290 150 3334 nem
167 3269 365 3348 obtinebant,
381 3269 437 3335 scd
455 3269 574 3335 Bruttii
614 3292 720 3357 uoque
742 3269 850 3346 ceteri,
866 3269 907 3333 ob
922 3282 1066 3356 separata
1084 3270 1124 3334 ab
1134 3243 1185 3295 ⁶⁰¹¹·

78 3376 109 3420 se
134 3355 275 3433 consilia,
302 3379 344 3443 op
367 3356 537 3444 ugnabant.
585 3293 712 3433 auibus
735 3377 835 3442 quum
857 3355 1009 3420 obsistere
1035 3353 1125 3420 malis

78 3443 248 3529 nequirent
257 3379 406 3522 Petelini,
416 3442 536 3531 legatos
548 3441 736 3526 Romamad
747 3441 939 3529 praesidium
950 3441 1124 3530 petendum

78 3528 239 3595 miserunt.
286 3528 433 3606 Quorum
454 3552 565 3616 preces
585 3528 796 3629 lacrimaeque
813 3527 864 3616 (in
886 3541 1016 3616 questus
1037 3529 1124 3593 enim

78 3613 206 3694 flebiles,
222 3639 323 3704 quum
342 3617 469 3682 sibimet
487 3616 548 3703 ipsi
567 3613 731 3681 consulere
746 3616 821 3680 russi
840 3629 924 3691 sunt,
940 3635 1008 3679 sese
1023 3613 1057 3679 in
1071 3637 1124 3679 ve·

111 3834 181 3894 aqu
240 3835 246 3848 ‘
272 3833 366 3883 herbidi
377 3833 481 3893 unani]
507 3830 583 3888 Quic-
648 3828 739 3880 6Noa
750 3832 919 3892 armatarum]
938 3831 1126 3888 tractamus

79 3895 137 3956 quid
147 3897 193 3945 soli
222 3897 285 3947 erbis
295 3897 416 3946 consitum
428 3899 497 3944 esset.
616 3893 716 3943 civitate
728 3895 876 3944 donarentur
887 3895 1010 3956 Romana,
1025 3895 1075 3946 auia
1091 3897 1125 3945 le-

110 3977 126 4021 4
141 3961 275 4024 Septem
290 3963 362 4022 auri]
393 3961 516 4023 Septenos
531 3957 584 4007 auri
615 3957 686 4021 gibus
702 3957 783 4008 rivere
798 3959 946 4010 maluerunt.
969 3960 1000 4010 ee
1011 3975 1077 4023 supr.
1091 3960 1124 4011 ix.

79 4023 172 4074 nuche.
205 4025 297 4074 Mirum
313 4025 423 4087 quidem,
438 4023 505 4072 unde
523 4023 584 4071 haec
617 4037 655 4085 4³·

79 4091 147 4135 bute
162 4088 214 4136 auri
231 4089 303 4150 copia
319 4087 477 4152 suppeditata
491 4087 529 4136 sit.
553 4087 584 4136 cl.
651 4088 724 4148 7Qui
735 4089 781 4135 unt·
791 4101 823 4136 aa·
830 4088 948 4146 Bruttiis]
966 4086 1124 4136 Consentiam

81 4149 145 4199 Plio.
158 4151 193 4199 Η.
205 4153 239 4201 N.
250 4153 336 4202 xxxiii.
351 4167 371 4202 r.
382 4157 407 4200 et
418 4165 441 4212 3.
616 4157 708 4208 tamen,
725 4165 788 4212 quae
804 4152 862 4199 urbs
880 4151 1032 4199 Bruttiorum
1050 4157 1124 4212 caput

115 4227 128 4275 5
148 4215 211 4262 Oura
293 4223 343 4265 tora
363 4231 407 4265 nto
426 4217 465 4263 M.
482 4215 584 4276 Anicio]
618 4219 679 4271 arat,
693 4213 718 4261 in
737 4214 785 4263 fida
804 4214 918 4262 Romana
934 4214 1051 4262 mansisse
1068 4229 1124 4263 con-

80 4275 121 4325 la
137 4291 182 4340 pro
238 4295 261 4342 g.
273 4281 384 4329 Mantala
400 4294 430 4327 err
447 4279 587 4326 coniectura
619 4283 674 4325 stat.
687 4276 741 4326 infr.
754 4291 791 4340 30.

81 4339 154 4390 Conr.
168 4341 310 4405 Heusinger.
322 4342 414 4404 recepit
426 4341 531 4391 Bekker.
