2874 4772
348 273 444 342 LIB.
469 273 598 342 XXVL
633 273 745 342 CAP.
770 281 821 342 25.
1046 280 1109 342 309

56 420 66 451 ‘
77 413 209 499 pissent,
225 411 304 477 alios
324 411 360 475 in
381 433 420 477 ea
435 413 563 477 fortuna
583 411 745 489 haberent,
762 425 798 476 ut
819 410 896 476 socii
917 432 994 488 esse,
1010 433 1106 498 quam
1118 428 1193 480 uc.
1209 442 1265 493 54¹·

54 499 174 576 ‘cirea
184 497 324 562 mallent.
370 497 504 564 Aetolos
515 521 554 564 eo
565 499 599 562 in
614 499 732 563 maiore
743 499 865 562 futuros
877 496 1007 574 honore,
1019 494 1147 584 quoda
1164 495 1195 544 ⁰·
1210 510 1266 545 ²¹¹·

53 592 62 622 ⁸
122 586 226 650 otium
251 585 529 649 transmarinarum
555 585 589 648 in
618 584 790 648 amicitiam
817 584 913 670 primi
937 583 1105 649 venissent.

53 608 266 757 ‘Philippum
281 671 319 734 iis
337 684 371 735 ct
385 669 581 736 Macedonas
595 693 705 757 graves
726 669 848 735 accolas
861 692 947 746 essc3
971 691 1108 755 quorum

53 765 114 820 ‘se
129 757 192 820 vim
213 779 249 820 ac
264 757 391 843 spiritus
413 769 446 821 et
468 759 530 820 iam
545 756 684 843 fregime,
700 770 734 820 et
747 779 786 821 eo
807 755 1011 820 redacturum
1028 777 1106 834 esse,

53 850 116 906 ‘ut
129 865 194 906 non
209 841 259 906 his
270 843 365 908 modo
381 843 520 920 urbibus,
533 865 612 928 quas
627 842 760 928 pervim
771 841 962 906 ademissent
972 841 1106 919 Aetolis,

51 928 244 1006 ‘excedant
259 928 316 993 sed
336 929 436 1016 ipsam
457 925 683 993 Macedoniam
703 928 848 992 infestam
870 927 1017 992 habeant.
1064 927 1108 992 Et

52 1023 66 1054 ‘
80 1015 274 1092 Acarnanas,
284 1036 364 1101 quos
378 1036 470 1102 aegre
484 1013 604 1078 ferrent
619 1012 728 1078 Aetoli
743 1037 762 1077 a
775 1035 814 1078 co
872 1035 906 1077 re
921 1036 979 1078 suo
990 1013 1108 1078 direm-

53 1109 67 1140 ‘
77 1111 160 1186 ptos,
181 1100 400 1165 restituturum
421 1123 455 1165 se
477 1100 512 1164 in
534 1099 699 1185 antiquam
720 1099 822 1164 formu
855 1121 887 1164 m
906 1099 1047 1185 iurisque
1069 1121 1107 1164 ac

54 1185 208 1250 ‘ditionis
233 1187 363 1250 eorum!
406 1184 506 1263 Haec,
533 1184 620 1250 dicta
644 1185 859 1284 promissaque
889 1186 929 1250 ab
959 1184 1107 1250 Romano
1116 1195 1214 1246 Foedus

52 1273 257 1358 imperatore,
279 1271 405 1359 Scopas,
422 1273 478 1358 qui
501 1285 568 1335 tum
588 1285 713 1358 praetor
731 1284 836 1357 gentis
857 1283 933 1348 erat,
949 1283 982 1336 et
1000 1271 1172 1373 Dory-{2¹¹¹
1184 1262 1259 1311 ΜΦ

51 1357 199 1434 machus,
213 1357 361 1444 princeps
375 1357 574 1434 Aetolorum,
590 1357 824 1422 affirmaverunt
839 1357 1024 1422 auctoritate
1039 1379 1106 1436 sua,
1148 1357 1154 1373 '

52 1445 180 1508 minore
192 1467 264 1508 curn
276 1443 468 1508 verecundia
478 1457 512 1508 et
526 1443 643 1508 maiore
655 1465 729 1506 cum
740 1441 806 1507 fide
815 1443 878 1507 vim
896 1443 1107 1510 maiestatem·

52 1551 123 1617 qne
138 1529 247 1616 populi
262 1528 401 1594 Romani
416 1529 614 1594 extollentes.
661 1528 805 1593 Maxime
817 1541 925 1594 tamen
938 1551 1010 1616 spes
1024 1531 1109 1616 poti·

52 1613 163 1680 undae
173 1616 319 1680 movebat
328 1615 536 1680 Acarnaniae
582 1614 685 1702 Igitur
693 1615 888 1702 conscriptae
898 1615 1106 1696 conditiones,

52 1701 175 1787 quibus
183 1701 217 1765 in
232 1701 403 1766 amicitiam
414 1702 661 1789 societatemque
672 1701 783 1788 populi
793 1701 932 1766 Romani
943 1702 1105 1767 venirent:

51 1787 201 1852 additum
227 1810 277 1864 ue,
299 1795 364 1865 ‘ut,
385 1789 411 1852 si
432 1787 572 1874 placaret
588 1787 780 1874 vellentque,
802 1787 915 1852 eodem
937 1788 1005 1852 iure
1028 1788 1107 1852 ami·

53 1873 172 1938 ‘citiae
234 1874 275 1951 ei,
291 1873 611 1974 Lacedaemoniique,
627 1887 661 1938 et
677 1872 813 1950 Attalus,
828 1886 862 1938 et
881 1873 1058 1950 Pleuratus,
1074 1887 1109 1940 et

52 1969 66 1999 ⁴
80 1958 301 2024 Scerdilaedus
316 1960 439 2024 essent’
481 1959 594 2045 (Asrae
605 1958 743 2036 Attalus,
755 1959 789 2023 hi
804 1959 967 2024 Thracum
981 1972 1015 2023 et
1029 1958 1108 2048 Illy-

50 2047 176 2111 riorum
190 2043 304 2134 reges).
351 2045 500 2110 ‘Bellum
514 2057 553 2110 ut
566 2044 728 2131 extemplo
744 2044 940 2109 Aetolicum
955 2043 1042 2109 Phili
1064 2067 1107 2132 po

52 2141 163 2197 ‘terra
179 2143 344 2220 gererent:
368 2132 501 2198 navibus
516 2153 556 2195 ne
575 2131 680 2195 minus
693 2130 808 2218 viginti
825 2067 1108 2217 quinqueremibus

52 2217 242 2283 ‘adiuvaret
257 2218 431 2282 Romanus.
478 2216 617 2282 Urbium
634 2214 792 2304 Corcyrae
815 2229 908 2281 tenus
923 2217 962 2281 ab
977 2216 1107 2280 Aetolia

52 2305 246 2391 ‘incipienti
261 2303 363 2370 solum
379 2315 444 2368 tect
487 2325 538 2380 ue,
553 2315 587 2368 et
601 2303 684 2366 muri
698 2323 772 2366 cum
787 2302 879 2388 agris,
894 2301 1106 2380 Aetolorum

50 2400 65 2429 ⁴
74 2389 141 2454 alia
149 2391 251 2454 omnis
261 2390 378 2478 praeda
388 2412 477 2477 popu
488 2390 499 2453 i
512 2389 650 2454 Romani
663 2402 765 2453 essct:
789 2388 965 2474 darentque
977 2409 1107 2475 operam

51 2476 228 2553 ‘Romani
244 2490 281 2541 ut
300 2477 514 2541 Acarnaniam
535 2473 644 2540 Aetoli
660 2474 825 2540 haberent.
872 2473 908 2540 Si
925 2473 1035 2540 Aetoli
1050 2497 1107 2562 pa-

14 2593 37 2636 4
51 2571 64 2602 ‘
76 2585 150 2627 cem
169 2585 242 2626 cum
257 2559 409 2663 Philippo
424 2562 574 2638 facerent,
589 2561 710 2625 foederi
724 2560 926 2638 ascriberent,
940 2561 987 2625 ita
1004 2573 1106 2626 ratam

49 2659 64 2690 ‘
76 2671 190 2714 eorum
211 2670 332 2736 pacem,
352 2671 380 2714 sr
401 2647 569 2735 Philippus
591 2669 677 2712 arma
697 2649 738 2713 ab
762 2646 918 2712 Romanis
938 2646 1105 2734 sociisque,

49 2734 198 2822 ‘quique
233 2757 343 2800 eorum
375 2735 505 2798 ditionis
539 2747 653 2811 essent,
683 2734 892 2798 abstinuisset
952 2731 1046 2812 Item,
1079 2735 1106 2798 si

50 2821 215 2921 ‘populus
235 2821 400 2885 Romanus
413 2818 540 2885 loedere
562 2820 747 2906 iungeretur
760 2821 838 2906 regi,
854 2833 892 2885 ut
913 2832 1047 2896 caveret,
1063 2842 1105 2884 ne

48 2917 126 2972 ‘rus
140 2907 170 2972 ei
184 2907 260 2972 belli
274 2906 432 2972 inferendi
442 2905 566 2972 Aetolis
577 2906 731 2992 sociisque
743 2928 854 2970 eorum
865 2906 970 2969 ‘esset’
1014 2904 1105 2969 Haec

49 3005 284 3070 convenerunt,
314 2993 553 3142 conscriptaque
587 2993 719 3056 biennio
751 3003 825 3076 post
860 2990 1029 3076 Olympiae
1064 2990 1105 3054 ab

50 3078 190 3156 Aetolis,
206 3080 241 3143 in
254 3078 414 3166 Capitolio
429 3079 469 3143 ab
517 3079 649 3154 omanis,
665 3091 702 3140 ut
722 3087 836 3140 testata
849 3075 977 3138 sacratis
992 3097 1106 3140 monu-

48 3165 173 3231 mentis
194 3177 308 3243 essent,
331 3181 406 3230 sunt
427 3165 538 3251 posita
593 3162 705 3227 Morae
727 3183 822 3225 causa
842 3159 968 3225 fueraut
989 3159 1105 3225 retenti

50 3251 180 3318 Romae
190 3251 309 3316 diutius
324 3251 419 3337 legati
431 3249 629 3315 Aetolorum
676 3247 747 3311 Nec
757 3259 864 3311 tamen
875 3244 1105 3333 impedimento

1112 3403 1145 3451 ab
1155 3403 1252 3452 Aetolis

49 3509 160 3574 insula
179 3523 227 3574 cst
247 3531 428 3610 propinqua
450 3505 612 3572 Aetoliae:
644 3506 756 3570 urbem
778 3467 1226 3590 unameodem,qu01⁹l,⁸0v⁸'

47 3598 61 3660 i
149 3609 206 3673 est,
229 3618 359 3661 nomme
385 3595 499 3670 habet;
529 3616 599 3658 eam
621 3605 746 3680 praeter
768 3612 873 3656 arcem
893 3590 925 3654 ri
947 3588 1047 3677 cepit)
1072 3604 1106 3655 et

14 3703 34 3754 5
88 3682 219 3747 eniadas
235 3681 422 3768 Nasumque
438 3682 645 3746 Acarnanum
659 3701 697 3742 ca
719 3691 766 3742 tas
781 3675 907 3742 Aetolis
921 3675 1103 3742 contribuit.

47 3767 241 3856 Philippum
257 3791 385 3855 quoque
401 3767 475 3832 satis
489 3765 684 3854 implicatum
743 3763 787 3828 llo
801 3763 938 3829 finitimo
952 3775 1047 3842 ratus,
1064 3785 1105 3829 ne

47 3852 181 3920 Italiam
192 3854 381 3941 Poenosque
393 3867 427 3918 et
440 3865 533 3941 pacta
543 3875 616 3918 cum
630 3849 811 3916 Hannibale
820 3863 926 3939 posset
937 3850 1103 3940 respicere,

50 3939 231 4028 Corcyram
246 3941 313 4027 ipae
328 3963 362 4005 se
373 3940 502 4026 recepit.

98 4025 251 4116 Philippo
281 4025 471 4092 Aetolorum
497 4024 633 4090 defectio
663 4023 771 4088 Pellae
801 4022 983 4090 hibernanti
1012 4024 1106 4090 allata
1162 4021 1213 4080 25·

48 3337 90 3402 id
106 3338 199 3402 rebus
216 3337 364 3425 gerendis
378 3337 448 3402 fuit
494 3335 537 3400 Et
560 3333 669 3399 Aetoli
687 3331 848 3482 exterriplo
862 3345 1030 3396 moverunt
1049 3332 1258 3402 rad-Retenta·

49 3445 164 3488 versus
185 3423 371 3524 Philippum
386 3421 515 3499 bellum,
531 3434 565 3486 et
587 3419 747 3485 Laevinus
800 3417 974 3506 acynthum
994 3416 1106 3505 (parva

84 4213 252 4272 alteratam
262 4227 347 4261 aarum
354 4212 453 4275 pacem]
473 4209 563 4258 Aucto·
597 4206 686 4256 ostium
706 4205 819 4266 Acheloi,
836 4213 864 4256 ut
884 4207 993 4256 Mullero
1011 4205 1036 4252 in
1055 4207 1104 4267 Ap·

45 4291 105 4326 rem
119 4275 245 4324 Muretum
257 4281 364 4335 secutus,
374 4277 410 4323 lta
421 4274 565 4335 ratomsora
597 4272 670 4334 pend.
683 4269 748 4328 rii.§
764 4267 1106 4320 renuntiaveramus

42 4355 139 4404 pacem
150 4340 258 4401 reposuit
270 4338 377 4388 Bekker.
599 4336 631 4388 cl.
641 4334 728 4398 Polyb.
739 4347 772 4381 11.
785 4345 824 4398 3q

85 4404 276 4469 5Norumqroe]
302 4403 388 4453 Insula
398 4401 459 4452 haec
471 4401 566 4451 eratat
621 4415 627 4426 “
