3002 4798
460 215 556 282 Lm.
581 215 676 282 xxi
707 190 811 288 oar.
837 219 865 284 7.
1166 219 1183 282 7

105 369 126 419 5
141 353 302 456 Consules
311 367 388 420 tunc
400 353 522 420 Romae
534 369 625 420 erant
635 354 672 420 P.
688 353 857 420 Cornelius
870 354 976 442 Scipio
985 367 1019 420 et
1030 354 1080 419 Ti.
1094 353 1228 476 Sem-p.
1240 364 1269 478 g
1282 374 1336 475 {pp

160 463 272 506 ronius
280 441 421 529 Longus
469 441 535 518 Qui
547 465 656 528 quum,
667 442 978 529 legatisinsenatum
987 441 1214 540 introductis,P
1306 490 1322 538 li

105 465 180 593 6de
196 528 362 616 republica
375 527 565 605 retulissent,
580 528 732 615 placuisse
771 551 810 594 ue
826 529 909 593 mitti
923 527 1042 616 legatos
1056 528 1091 592 in
1106 493 1311 605 His-ngffi.
1323 506 1347 550 ⁰’

206 615 279 692 am,
294 614 336 680 ad
354 637 405 680 res
424 615 580 680 sociorum
597 615 751 702 inspicien
817 640 825 692 ;
848 615 964 703 quibus
984 616 1009 679 si
1024 614 1184 680 videretur
1192 620 1277 683 prosto

163 701 170 716 '
258 724 362 778 eausa,
376 717 410 766 et
433 700 606 766 Hannibali
627 701 860 778 denuntiarent,
877 715 914 767 ut
927 703 967 766 ab
991 700 1183 802 Saguntinis,
1192 685 1260 734 ⁰⁰¹⁸·

138 788 234 854 sociis
252 787 364 890 populi
384 787 532 864 Romani,
548 788 726 874 abstineret,
743 801 776 853 et
797 787 1022 874 Carthaginem
1039 811 1074 852 m
1097 786 1184 852 Afri-

138 897 212 940 cam
234 875 424 952 traiicerent,
445 897 481 939 ac
503 875 659 940 sociomm
680 873 790 961 populi
812 874 951 940 Romani
972 873 1184 961 querimonias

112 961 319 1026 rdeferrent:
343 960 403 1025 hac
424 960 581 1049 legatione
603 961 740 1039 decreta,
761 962 898 1027 necdum
918 961 1021 1038 missa,
1041 961 1183 1026 omnium
1193 974 1369 1049 &panope

139 1069 197 1135 spe
212 1047 347 1112 celerius
360 1047 537 1135 Saguntum
552 1049 728 1134 oppugnari
737 1047 866 1114 allatum
875 1059 931 1112 est.
977 1046 1072 1112 Tunc
1087 1045 1318 1114 relatal’ussfflim·

140 1157 183 1200 ex
207 1135 333 1220 integro
358 1157 408 1199 res
436 1134 478 1199 ad
500 1147 652 1200 senatum.
700 1135 775 1213 Alii,
801 1134 977 1222 provincias
1005 1132 1185 1199 consulibus

141 1219 333 1308 Hispaniam
354 1234 450 1308 atque
467 1221 608 1285 Africam
627 1220 843 1297 decernentes,
860 1234 942 1286 terra
960 1220 1039 1286 mari
1062 1244 1103 1285 ue
1117 1243 1185 1285 rem

182 1306 315 1372 rendam
337 1307 524 1372 censebant:
549 1307 602 1371 alii
624 1321 727 1372 totum
750 1309 785 1372 in
807 1307 995 1396 Hispaniam
1019 1245 1186 1372 [ianniba-

153 1393 622 1480 emqueintendebantbellum
669 1393 779 1471 Erant,
790 1395 846 1481 qui
854 1417 921 1459 non
929 1407 1047 1458 temere
1057 1415 1186 1458 moven-

141 1480 216 1545 dam
232 1503 300 1545 rem
311 1493 441 1558 mutam,
454 1480 745 1567 exspectandosque
760 1504 801 1546 ex
811 1479 1096 1568 Hispanialegatos
1110 1502 1186 1544 cen·

140 1579 257 1632 serent.
303 1565 394 1632 Haec
419 1567 585 1644 sententia,
608 1589 690 1653 quae
717 1567 871 1631 tutissima
894 1566 1068 1644 videbatur,
1091 1567 1317 1648 vicitrtegsttin

140 1651 239 1740 legati
262 1676 303 1717 ue
318 1676 356 1718 eo
370 1653 524 1718 maturius
538 1653 634 1730 missi,
649 1653 686 1717 P.
700 1652 845 1728 Valerius
861 1652 990 1718 Flaccus
1005 1666 1038 1717 et
1049 1653 1090 1730 Q.
1103 1651 1186 1718 Bae·
1196 1645 1343 1759 hipponam

140 1740 213 1804 bius
240 1677 437 1827 lamphilus,
466 1739 643 1826 Saguntum
668 1739 710 1804 ad
736 1738 959 1817 Haunibalem,
985 1753 1081 1840 atque
1110 1725 1333 1824 indeiniuiiiur.

143 1825 384 1913 Carthaginem,
399 1826 427 1891 si
443 1849 509 1891 non
524 1827 724 1892 absisteretur
738 1825 830 1904 bello,
846 1825 1017 1892 adducam
1033 1849 1138 1914 ipsum
1153 1826 1187 1892 in

141 1935 281 2001 poenam
294 1913 429 1978 foederis
443 1913 528 2013 rupti
543 1912 787 2000 deposcendum.

186 1999 276 2064 Dum
296 2022 335 2064 ea
360 2000 500 2064 Romam
516 2012 630 2086 parant
648 1999 813 2064 consultan
850 2022 900 2077 ue,
923 2000 985 2064 iam
1011 1999 1189 2088 Saguntum
1255 1993 1284 2058 7.

141 2108 268 2150 summa
284 2087 315 2149 ri
337 2086 587 2174 oppugnabatm.
635 2084 756 2150 Civitas
776 2109 816 2151 ea
848 2109 930 2173 ouge
952 2086 1190 2172 opulentissima

143 2171 229 2237 ultra
243 2171 372 2238 Iberum
385 2173 456 2250 fuit,
472 2173 531 2237 sita
543 2194 653 2272 passus
668 2171 753 2236 mille
768 2171 866 2237 ferme
882 2195 901 2236 a
915 2173 1015 2236 mari..
1050 2171 1189 2237 Oriundi

143 2282 165 2322 a
197 2257 361 2348 Zacyntho
387 2257 490 2324 insula
517 2258 677 2335 dmuntm,
704 2257 860 2344 mixtique
890 2257 986 2322 etiam
1011 2259 1050 2322 ab
1080 2258 1191 2322 Ardea

117 2344 340 2410 sssutuorum
370 2345 501 2433 quidam
533 2345 667 2432 generis.
725 2343 879 2409 Ceterum
907 2343 942 2408 in
972 2357 1073 2410 tantas
1101 2344 1189 2410 brevi

143 2445 309 2498 creverant
322 2455 408 2520 opes,
418 2453 474 2497 seu
489 2431 663 2509 maritimis,
676 2454 731 2496 seu
746 2431 944 2496 terrestribus
958 2430 1120 2509 fiuctibus,
1132 2455 1189 2497 seu

142 2518 358 2583 multitudinis
387 2519 592 2596 incremento,
622 2541 678 2582 seu
707 2519 871 2583 sanctitate
900 2517 1095 2605 disciplinae,
1126 2541 1190 2605 qua

142 2603 242 2670 fidem
257 2604 405 2670 socialem
421 2604 759 2704 usquead-perniciem
774 2627 862 2669 suam
877 2604 1051 2670 coluerunt
1098 2604 1191 2670 Han·

142 2691 240 2769 nibal,
266 2691 380 2756 infesto
406 2692 548 2757 exer'eitu
571 2713 728 2778 mgressus
751 2691 839 2768 fines,
864 2692 1050 2778 pervastatis
1074 2693 1190 2779 passim

253 2780 364 2843 urbem
386 2778 543 2866 tripartito
565 2776 754 2864 aggreditur.
800 2778 948 2864 Angulus
969 2779 1051 2842 muri
1071 2791 1139 2843 erat
1155 2779 1189 2841 in

142 2799 320 2953 morem
342 2866 627 2964 patentioremque,
644 2887 740 2951 quam
758 2875 863 2928 cetera
881 2865 973 2941 circa,
989 2864 1103 2929 vallem
1120 2887 1190 2930 ver-

119 2973 232 3038 9gena
280 2951 442 3016 Adversus
459 2974 534 3016 eum
548 2973 654 3017 vineas
708 2973 761 3014 ere
783 2951 930 3028 instituit,
945 2973 1003 3038 per
1016 2973 1095 3038 quas
1110 2950 1190 3016 aries

145 3037 312 3102 moenibus
337 3037 497 3102 admoveri
525 3053 639 3139 posset
728 3036 751 3100 d
780 3051 816 3101 ut
844 3037 931 3102 locus
960 3037 1071 3125 procul
1100 3060 1190 3103 muro
1198 3044 1326 3121 Saguntini

145 3123 224 3187 satis
233 3145 352 3209 aequus
366 3125 497 3212 agendis
505 3124 606 3189 vmeis
617 3124 695 3200 fuit;
718 3123 763 3188 ita
774 3123 1019 3210 haudquaquam
1030 3145 1189 3212 prospere,
1198 3111 1292 3224 ‘⁰Jm0‘
1297 3126 1336 3222 tw

124 3241 135 3274 1
208 3220 317 3296 tquam
327 3211 367 3275 ad
379 3213 527 3276 effectum
538 3211 641 3297 operis
652 3221 783 3274 ventum
794 3223 851 3286 est,
862 3210 980 3296 coeptis
991 3191 1214 3276 succedebatp
1232 3191 1315 3238 ω’

146 3231 302 3362 hiemis
318 3297 431 3385 ingens
445 3297 647 3361 imminebat:
672 3307 704 3360 et
718 3317 835 3370 murus,
851 3296 935 3359 utin
950 3309 1095 3383 suspecto
1110 3297 1190 3376 loco,

146 3405 186 3446 su
209 3395 375 3449 raceterae
385 3383 516 3449 modum
531 3381 708 3447 altitudinis
722 3382 883 3445 emunitus
894 3393 977 3460 erat:
1002 3383 1192 3448 etinventus

148 3405 281 3549 delecta,
297 3470 353 3534 ubi
369 3471 543 3559 plurimum
561 3467 694 3559 periculi
709 3489 745 3532 ac
765 3467 880 3533 laboris
899 3467 1132 3546 ostendebatur,
1148 3470 1192 3535 ibi

181 3676 195 3728 5
208 3664 322 3714 &mules
333 3665 529 3723 tuno...sraat]
542 3662 608 3711 Vide
618 3677 653 3724 15.
709 3662 884 3711 Matalon-um
890 3663 1103 3725 paldonem]
1117 3661 1193 3723 Hinc,

147 3727 654 3791 infr.eteaquaeadilludannotabimm.
687 3729 712 3774 et
738 3725 796 3788 quia
825 3728 883 3776 urbs
908 3726 1014 3775 Tarraco
1041 3726 1193 3790 Tyrrhenam

148 3793 230 3842 em,
687 3789 803 3851 originem
820 3805 879 3852 prae
897 3805 923 3840 se
942 3791 1012 3854 gerit,
1030 3797 1127 3854 gentem
1147 3793 1193 3841 Pe·

175 3853 655 3918 omreputtaareammaucduum
687 3853 803 3916 lasgicam
814 3869 891 3916 usque
905 3855 931 3903 in
943 3855 1090 3918 Hispaniam
1101 3857 1194 3906 radicas

149 3921 335 3980 consulendum,
345 3919 406 3982 quid
418 3935 432 3968 e
448 3919 574 3981 republica
584 3923 655 3978 esset,
687 3917 763 3979 egisse
771 3925 853 3967 censet
864 3918 967 3968 Niabhr.
975 3919 990 3968 i.
1000 3937 1023 3970 n.
1035 3919 1091 3979 1263
1101 3921 1194 3984 quippo

149 3984 337 4047 proposuissent.
688 3983 795 4030 Ardeam
816 3983 943 4045 Pelasgiea
961 3983 1052 4046 origine
1070 3985 1143 4034 baisse
1163 4001 1194 4034 ex

184 4059 197 4110 7
208 4051 319 4098 Necdum
328 4049 415 4108 maso]
434 4048 518 4110 Longe
529 4049 600 4095 aliter
609 4048 656 4096 Po-
689 4046 756 4108 Virg.
769 4047 831 4095 Aen.
845 4047 884 4097 rii.
895 4061 950 4108 410.
961 4047 1046 4110 liquet.

149 4111 232 4174 lybias
242 4112 389 4175 iii.15.rem
404 4117 494 4169 nanat,
508 4112 549 4172 qui
566 4113 657 4174 legatos
720 4126 736 4174 9
758 4111 846 4160 Vanam
855 4115 940 4173 opera]
958 4113 989 4162 cf.
1000 4113 1071 4174 Supr.
1081 4112 1106 4162 ii.
1121 4124 1158 4175 ¹7·

150 4177 285 4236 Romanos,
300 4191 326 4226 re
341 4177 430 4226 frustm
445 4177 512 4238 apud
530 4175 656 4224 Hanniba-
724 4189 733 4222 1
746 4176 905 4238 adeffectum
912 4178 1194 4240 operichcPostquam,

150 4242 200 4290 lem
216 4247 346 4300 tentam
360 4242 469 4304 Sagunto
483 4241 657 4302 Carthaginem
678 4238 766 4287 ¹uineis
783 4239 897 4299 admotis,
912 4241 944 4288 ad
962 4255 1014 4294 rem
1032 4240 1120 4303 ipsam,
1136 4241 1160 4290 h.
1172 4257 1195 4290 e.

149 4311 214 4417 antq
233 4306 328 4354 bellurn
354 4304 509 4355 commissum
536 4304 658 4355 traiecisse
689 4318 786 4352 niumm
808 4303 884 4368 ariete
902 4303 1071 4367 quatiendam,
1089 4319 1195 4356 acoeme-

150 4369 198 4418 scri
215 4367 242 4420 it.
690 4371 754 4418 runt.
