2874 4772
325 247 388 312 358
708 239 821 308 ΤΙΤΙ
852 239 988 308 LlVlI

170 387 205 438 U·
216 386 247 438 0·
263 398 318 452 sio
329 391 339 424 ‘
350 404 411 448 nec
425 380 552 458 bonam,
567 401 628 446 nec
646 379 760 446 malim
774 379 857 446 ferie
871 380 1032 445 fortunam
1052 391 1166 467 potest.
1220 375 1296 444 Seii
1310 377 1389 452 vicit,

170 453 202 504 Α·
218 453 249 503 ⁰·
265 466 320 516 ²⁰⁹
331 477 341 510 ⁶
351 467 498 534 ferociter
511 467 607 532 instat
621 466 732 544 victis3
755 489 812 532 seu
828 467 929 531 victus
946 478 1004 544 est,
1019 467 1177 530 instaurat
1196 485 1282 530 cum
1296 463 1389 528 victo·

331 556 439 620 ‘ribus
453 555 632 620 certamen!
677 552 776 641 Signa
789 553 865 618 inde
880 575 994 618 cauere
1009 553 1120 629 iussit3
1140 552 1259 638 copias
1274 550 1387 615 educit.

330 642 515 728 Pugnatum
540 641 700 727 utrimque
728 639 900 726 aliquanto,
924 663 1020 727 quam
1046 637 1161 726 pridie,
1186 638 1302 703 acrius
1327 653 1386 702 est:

330 727 449 794 Poenis
465 727 506 791 ad
524 725 733 792 obtinendum
754 727 938 791 hesternum
953 727 1051 790 decus
1065 724 1313 800 annitentibus,
1330 724 1403 796 Ro:

331 815 433 880 manis
447 813 488 877 ad
503 813 694 878 demendam
708 813 925 898 ignominiam.
962 811 1095 877 Sinistra
1108 811 1161 876 ala
1173 812 1221 875 ab
1236 809 1402 875 Romaniss

331 914 365 966 et
378 899 533 977 cohortes,
546 922 628 1000 quae
640 901 810 964 amiserant
823 900 923 985 signa,
935 900 970 963 iii
984 899 1087 986 prima
1100 896 1170 962 acie
1365 913 1384 972 t,

331 999 366 1053 et
378 986 462 1074 legio
476 987 627 1051 vicesima
640 987 680 1051 eb
695 984 808 1050 dextm
828 1009 927 1050 cornu
947 987 1108 1050 instructa.
1156 983 1200 1048 L.
1252 983 1384 1048 omelias

331 1071 490 1138 Lentulus
513 1086 546 1137 et
568 1071 606 1137 C.
622 1071 778 1138 Claudius
799 1071 888 1137 Nero
910 1072 1007 1160 legati
1029 1071 1183 1136 cornibus
1208 1087 1383 1158 praeerant,

332 1159 505 1224 Marcellus
527 1158 665 1224 mediam
689 1159 800 1235 aciem,
819 1158 961 1224 hortator
979 1159 1132 1244 testisque
1153 1179 1325 1244 praesens,
1339 1157 1384 1219 fit·

331 1246 446 1310 mahat
494 1244 547 1310 Ab
567 1244 749 1310 Hannibale
770 1244 908 1332 Hispani
928 1245 1064 1331 primam
1085 1244 1287 1308 obtinebant
1307 1243 1384 1307 frou·

175 1343 312 1406 Etepliuiit
332 1344 407 1410 tem,
423 1343 455 1396 et
477 1331 513 1395 id
535 1331 655 1396 roboris
676 1331 712 1394 in
735 1331 822 1396 omni
845 1333 988 1396 exercitu
1008 1343 1084 1395 erat
1133 1330 1254 1405 Quum
1274 1352 1384 1416 anceps

174 1409 252 1457 actem
332 1417 390 1483 diu
413 1440 523 1518 pugna
545 1431 637 1495 esset,
662 1416 827 1482 Hannibal
851 1416 1037 1505 elephantos
1059 1417 1093 1480 in
1109 1417 1265 1502 primam
1289 1417 1383 1480 aciein

331 1503 442 1568 induci
456 1505 564 1569 iussit:
581 1504 607 1604 si
619 1526 717 1591 quem
728 1504 857 1568 iniicere
872 1527 912 1568 ea
924 1526 974 1568 res
988 1502 1163 1604 tumultum
1178 1525 1221 1568 ac
1237 1525 1383 1601 pavorem

332 1589 967 1764 &hitaliaplffaltltffi
988 1590 1384 1752 htitntffl

331 1773 444 1826 verant
466 1783 531 1826 una
553 1775 643 1912 parte
666 1762 786 1827 aciem:
810 1761 968 1850 latiusque
982 1699 1067 1863 iniqu
1089 1773 1266 1838 manasset,
1292 1763 1328 1825 ni
1348 1760 1383 1860 C:

333 1847 501 1913 Decimius
527 1847 641 1913 Ferus
668 1849 813 1914 tribunus
842 1848 990 1927 militum,
1017 1870 1108 1936 siguo
1134 1863 1268 1936 aiiepto
1295 1849 1401 1934 plinii

332 1933 457 2011 hastati,
480 1933 679 2022 manipulum
702 1934 771 1998 eius
794 1934 875 2022 signi
899 1958 932 2000 se
956 1937 1047 2022 sequi
1069 1935 1223 2000 inmisset.
1270 1933 1383 2010 Duxit,

332 2019 389 2086 ubi
408 2021 546 2086 maxime
567 2019 740 2086 tumultum
757 2043 817 2085 con
840 2021 963 2087 lobatae
978 2021 1103 2087 belluae
1117 2020 1296 2098 faciebant,

333 2129 396 2194 que
411 2106 446 2171 in
460 2130 513 2172 eas
528 2107 643 2172 coniici
657 2107 756 2172 iussit.
875 2129 944 2173 sere
959 2107 1067 2173 omnia
1080 2106 1145 2172 tela
1158 2107 1250 2172 haud
1293 2109 1301 2122 “
1356 2107 1382 2120 ’“

333 2193 569 2345 &propinquo
587 2193 622 2257 iii
640 2205 729 2259 tanta
745 2215 877 2281 corpora
894 2194 970 2274 ictu,
989 2207 1023 2259 et
1042 2207 1106 2259 tam
1121 2194 1271 2259 conferta
1286 2197 1381 2259 turha

332 2292 677 2452 infixptquqeoqffis
692 2279 951 2454 (iilhbhrtatdeiiiilst
961 2294 1104 2454 aiildii’psll1
1113 2294 1397 2454 ἰὲῃὲιῐὲῑιῗέξ]

331 2451 428 2516 etiam
451 2450 591 2538 integros
610 2464 760 2518 avertere.
807 2452 893 2517 Tum
912 2453 976 2518 iam
996 2475 1061 2517 non
1082 2475 1167 2518 unus
1188 2453 1381 2541 manipulus,

332 2536 389 2601 sed
403 2558 461 2623 pro
475 2559 509 2602 se
525 2538 660 2625 quisque
675 2538 776 2616 miles,
791 2539 849 2625 qui
866 2540 963 2604 modo
980 2540 1105 2626 asoequi
1124 2561 1248 2628 agmen
1260 2541 1382 2627 fngien-

332 2622 413 2686 tium
427 2621 668 2773 elephantorum
683 2637 815 2712 poterat,
831 2625 897 2712 pila
910 2626 1075 2691 coniicere.
1111 2625 1162 2692 Eo
1177 2627 1286 2714 magis
1297 2647 1380 2691 ruere

332 2707 368 2773 in
387 2730 460 2772 suos
501 2707 621 2786 elluae3
645 2723 797 2798 tantoque
822 2713 973 2777 maiorem
995 2726 1132 2799 stiagem
1156 2713 1270 2791 edere,
1292 2733 1380 2800 quau

332 2793 417 2858 inter
438 2792 543 2858 hostes
566 2795 744 2876 ediderant,
762 2811 882 2884 quanto
906 2799 1007 2863 acrius
1030 2821 1128 2886 pavor
1145 2812 1397 2864 ooiisterniitaiiit

332 2881 408 2968 agit,
423 2901 521 2968 quam
535 2881 702 2948 insidentis
716 2885 857 2970 magistri
874 2885 1007 2972 impen'o
1025 2886 1154 2972 regitur.
1202 2885 1248 2950 In
1335 2907 1381 2949 ur-

331 2965 439 3032 batam
458 2979 638 3032 transcursu
658 2969 834 3035 belluarum
853 2971 952 3035 aciem
973 2971 1064 3058 signa
1082 2971 1231 3038 inferunt
1372 2971 1380 2983 ’

331 3053 474 3140 pedites:
505 3067 538 3120 et
566 3054 653 3120 haud
682 3078 798 3143 magno
827 3057 998 3122 certamine
1024 3057 1192 3158 dissipatos
1221 3059 1381 3146 trepidau-

175 3149 261 3200 vincti
332 3152 443 3226 tesque
469 3152 623 3206 avertunt
678 3141 764 3207 Tum
790 3143 825 3206 in
849 3143 1007 3230 fiigieutes
1032 3157 1214 3231 equitatum
1242 3143 1380 3210 immittit

174 3214 317 3266 Marcellus.
331 3223 514 3304 Marcellus,
527 3249 587 3292 nec
599 3240 672 3292 ante
685 3228 758 3293 finis
770 3251 805 3294 se
829 3229 928 3294 uendi
940 3243 988 3295 est
997 3229 1107 3308 factus,
1119 3253 1221 3318 quain
1237 3233 1275 3296 in
1285 3247 1381 3297 mna

330 3323 483 3398 paventes
504 3313 659 3400 compulsi
680 3327 763 3379 sunt.
807 3251 896 3380 llam
918 3339 1013 3403 super
1034 3317 1104 3394 alia,
1120 3341 1204 3405 quae
1230 3332 1380 3384 tenorem

331 3397 640 3486 trepidationemque
662 3399 811 3479 facerent,
832 3401 994 3489 elephanti
1016 3425 1143 3490 quoque
1166 3404 1238 3470 duo
1261 3406 1299 3470 in
1321 3407 1380 3492 ips

372 3496 422 3549 rta
443 3497 636 3586 corruerant,
661 3488 761 3552 coacti
785 3511 826 3588 ue
849 3502 940 3589 eraut
963 3489 1078 3554 milites
1100 3511 1159 3577 per
1177 3491 1301 3556 fusam
1322 3489 1381 3555 ral-

329 3575 1271 3750 ttttimttthf‘tiithsstitlttttpffi
1284 3579 1381 3729 filiiii

362 3869 376 3922 7
393 3861 570 3923 obtinendam]
591 3863 769 3926 Retinendum,
780 3881 836 3916 coii-
868 3866 964 3916 sinistra
973 3869 1015 3916 ala
1025 3873 1051 3916 et
1061 3867 1177 3918 vicesima
1188 3870 1257 3934 legio
1268 3871 1296 3922 iu
1306 3873 1381 3935 prim

328 3924 481 3973 arraudum.
868 3931 921 3980 acie
931 3937 1049 3994 puguant.
1065 3933 1147 3982 Cari.

360 3987 833 4055 estnomah...eia9toctieitm]
899 3997 1064 4070 pislerio...
1115 3998 1283 4061 ‘'mma]
1311 3999 1380 4062 Sp·

329 4048 534 4126 Pronuntiaverat
549 4053 683 4104 Marcellus
699 4070 725 4103 se
744 4057 770 4104 in
788 4059 836 4120 pri-
868 4059 940 4122 piami
952 4059 1072 4122 manipuli
1078 4012 1249 4112 mierum.

327 4127 394 4189 mam
405 4127 482 4161 aciem
494 4115 836 4182 iuductunimeoeaquibui
902 4137 912 4171 i
934 4125 1214 4187 Utertyeauaaiioepi]
1244 4127 1379 4184 Qnodele

327 4177 406 4236 pridie
416 4177 624 4239 &mortemar
642 4180 667 4228 in
679 4185 834 4243 praecedenti
867 4186 954 4248 phariti'
969 4193 1022 4236 tam
1038 4187 1063 4236 iu
1079 4201 1143 4246 suos
1159 4203 1238 4251 quain
1256 4191 1286 4241 in
1301 4192 1378 4240 noas

326 4245 410 4288 autem
433 4255 516 4302 pugna
536 4241 595 4304 fligi
615 4243 692 4292 oritur
712 4262 728 4294 a
749 4247 836 4297 dextra
866 4255 947 4299 ruant.
964 4251 1050 4302 Sinon.

327 4301 375 4362 ala,
385 4317 414 4350 ac
425 4303 514 4352 deinde
525 4305 722 4356 duodevicesima
732 4310 834 4372 legione.
899 4328 913 4362 a
930 4315 1128 4377 Uomanum]
1141 4317 1259 4368 Subaudi
1269 4321 1378 4371 ffl-

327 4363 417 4426 Itsqus
430 4365 520 4416 mirum
534 4368 611 4418 rideri
621 4369 704 4430 debet,
714 4373 779 4434 quod
793 4373 834 4422 hic
