3002 4798
389 217 484 284 LIB.
509 217 623 284 XXII.
658 219 769 285 CAP.
796 227 844 286 12.
1100 213 1141 286 73'

87 357 260 421 itineribus
280 375 405 420 summa
425 377 498 421 cum
521 377 597 420 cura
622 354 800 442 exploratis,
824 355 865 420 ad
887 355 1010 420 hostem
1033 355 1226 433 ducit3U.c.
1240 387 1295 439 535·

86 441 182 506 nullo
210 441 291 520 loco,
315 443 375 506 nisi
398 455 553 530 quantum
582 442 750 507 necessitas
773 456 910 530 cogeret,
932 443 1079 508 fortunae
1107 440 1181 507 sel·
1198 439 1227 489 0·
1240 455 1295 503 ²¹7·

62 528 345 599 soommisaurus..
368 530 442 605 Quo
457 530 595 616 primum
610 526 663 593 die
678 528 765 593 haud
779 528 888 616 procul
904 529 1001 617 Arpis
1015 531 1050 593 in
1065 551 1142 595 con-
1152 544 1305 608 Fabiuspug-

87 629 207 704 spectu
221 617 360 681 hostium
371 617 478 704 posuit
487 629 596 693 castra,
609 615 697 680 nulla
711 638 799 680 mora
812 615 903 693 facta,
919 618 998 702 quin
1013 615 1142 682 Poenus
1150 612 1306 660 namnetas

88 703 247 768 educeret
268 703 301 767 in
323 701 436 780 aciem,
454 703 643 790 copiamque
664 701 829 790 pugnandi
850 702 983 768 iaceret:
1008 702 1064 768 sed
1086 679 1195 769 ubiw'

88 790 204 876 quieta
233 790 339 855 omnia
360 788 444 877 apud
466 789 581 866 hostes,
604 811 663 853 nec
685 801 787 854 castra
807 787 872 854 ullo
902 788 1040 854 tumultu
1057 803 1144 855 mota

60 875 199 952 6videt3
232 877 399 963 increpans
444 875 561 952 uidem,
584 876 683 940 victos
704 875 834 941 tandem
857 898 985 962 quoque
1008 869 1143 941 Mariios

88 963 218 1027 animos
241 963 404 1040 Romanis,
421 899 694 1049 debellatumque,
717 976 750 1028 et
772 983 956 1043 concessum
979 963 1142 1050 propalam

64 1049 134 1118 ade
157 1050 274 1114 virtute
297 1071 333 1113 ac
355 1049 454 1136 gloria
475 1071 553 1127 esse,
574 1049 608 1113 in
629 1063 729 1114 castra
748 1049 859 1113 rediit:
883 1063 1024 1114 ceterum
1048 1051 1143 1114 tacita

89 1157 173 1200 cura
200 1137 341 1200 animum
371 1137 527 1214 incensus,
558 1135 646 1236 quod
675 1159 749 1200 cum
773 1135 865 1215 duce,
895 1135 1141 1224 haudquaquam

89 1221 253 1287 Flaminio
278 1221 352 1287 Sem
376 1222 530 1310 ronioque
557 1221 661 1300 nmili,
687 1221 793 1288 littura
815 1223 874 1287 sibi
900 1245 950 1287 res
973 1237 1072 1299 esset3
1105 1245 1142 1288 ae

90 1321 165 1374 tum
180 1307 310 1373 demum
366 1309 430 1374 octi
445 1309 534 1373 malis
556 1309 691 1374 Romani
713 1331 821 1397 parem
837 1307 1011 1375 Hannibali
1026 1309 1142 1374 durem

62 1395 301 1482 squaesissent.
348 1393 391 1460 Et
412 1395 620 1483 prudentiam·
657 1397 775 1473 uidem,
798 1417 864 1460 non
885 1397 960 1473 vim,
981 1396 1143 1460 dictatoris

89 1481 258 1568 extemplo
272 1481 386 1546 timuit
421 1480 639 1547 Constantiam
678 1482 742 1547 aud
755 1484 1007 1570 dumexpertus,
1064 1483 1142 1547 ‘tare

90 1591 133 1634 ao
148 1581 271 1633 tentare
294 1568 436 1632 animum
458 1568 615 1633 movendo
636 1570 745 1634 crebro
767 1583 876 1646 castra,
895 1569 1034 1656 populan
1058 1591 1142 1656 oque

90 1657 127 1719 in
152 1655 252 1719 oculis
274 1656 342 1720 eius
371 1677 462 1742 agros
486 1655 651 1732 sociorum,
674 1657 788 1743 coepit.
849 1655 893 1720 Et
922 1656 1017 1721 modo
1046 1656 1143 1720 citato

90 1741 222 1844 agmine
243 1765 261 1806 e
283 1753 455 1829 conspectu
477 1742 591 1818 abibat,
607 1742 703 1807 modo
724 1755 855 1830 repente
878 1743 912 1807 in
934 1743 1041 1830 aliquo
1055 1743 1142 1807 flexu

90 1851 176 1906 vtae,
200 1827 225 1892 si
250 1829 397 1916 excipere
426 1828 610 1915 degressum
631 1827 667 1892 in
696 1851 833 1916 aequum
950 1841 973 1908 t,
1000 1830 1143 1895 occultus

90 1915 291 1980 subsistebat
339 1913 454 1979 Fabius
473 1937 530 2002 per
549 1914 618 1980 loca
637 1913 701 1980 alta
721 1937 835 2002 agmen
878 1916 1000 1994 urebat,
1016 1916 1142 1980 modico
1152 1933 1223 1983 Fabii
1233 1938 1305 1982 artes

91 2004 136 2068 ab
159 2001 249 2066 hoste
272 2001 447 2080 intervallo,
471 2015 508 2066 ut
528 2024 633 2088 neque
656 2003 815 2066 omitteret
837 2025 921 2079 eum,
937 2025 1045 2090 neque
1066 2024 1143 2067 con·

89 2088 288 2176 grederetur.
336 2087 466 2166 Castris,
481 2088 541 2152 nisi
557 2100 712 2175 quantum
727 2111 802 2153 usus
816 2090 1023 2154 necessarior
1083 2103 1142 2166 ret,

91 2175 266 2240 tenebatur
286 2175 385 2240 miles
442 2174 600 2240 Pabulum
622 2188 656 2239 et
677 2174 763 2262 ligna
783 2197 843 2240 nec
864 2176 958 2263 pauci
979 2188 1053 2262 pete
1118 2187 1141 2253 t,

91 2283 157 2328 nec
171 2263 295 2349 passim.
338 2261 492 2349 Equitum
507 2261 647 2348 levisque
663 2273 837 2326 mmatrrrae
852 2261 954 2342 statio,
969 2262 1143 2349 composita

91 2351 314 2436 insmrctaque
328 2349 364 2412 in
385 2349 504 2414 subitos
524 2347 687 2426 tumultus,
703 2360 737 2412 et
756 2371 812 2414 suo
834 2347 927 2414 militi
942 2361 1011 2414 tuta
1025 2349 1142 2426 omnia,

91 2448 129 2501 et
148 2435 263 2500 irrsesta
276 2436 383 2500 effusis
397 2435 535 2500 hostium
550 2434 787 2524 populatoribus
797 2436 976 2537 praebebat.
1024 2435 1142 2524 Neque

91 2523 245 2588 universo
264 2522 405 2610 periculo
424 2543 548 2588 summa
566 2543 672 2587 rerum
691 2523 963 2588 committebatur:
994 2536 1028 2588 et
1047 2545 1143 2623 parva

92 2621 261 2674 momenta
280 2608 397 2685 levium
418 2609 626 2690 certaminum
646 2631 687 2674 ex
708 2620 776 2674 tuto
797 2631 853 2674 roe
876 2622 990 2688 torum,
1006 2609 1143 2675 finitimo

92 2711 238 2784 receptu,
254 2696 502 2762 assuefaciebant
520 2692 665 2760 territum
685 2696 824 2784 pristinis
840 2633 983 2762 cladibus
998 2695 1142 2774 militem,

64 2783 203 2856 ominus
217 2783 280 2847 iam
296 2783 426 2848 tandem
440 2794 497 2847 aut
509 2781 635 2846 virtutis
652 2794 708 2846 aut
719 2782 864 2848 fortunae
878 2785 1042 2871 poenitere
1057 2806 1140 2847 suae.

96 2869 166 2934 Sed
187 2893 253 2935 non
276 2867 491 2934 Hannibalem
516 2869 615 2956 magis
636 2868 785 2933 infestum
807 2883 871 2935 tam
893 2871 976 2934 sanis
1005 2868 1143 2933 consiliis
1152 2888 1219 2951 Mag,
1230 2887 1297 2950 equi-
1403 2867 1411 2875 ’

71 2956 244 3034 1habebat,
261 2979 356 3044 quam
376 2956 559 3042 magistrum
580 2955 742 3041 equitum:
766 2956 824 3042 qui
837 2955 918 3020 nihil
933 2955 1030 3032 aliud,
1047 2978 1142 3042 quam
1151 2959 1204 3001 tum
1213 2952 1305 3028 ,ΜΡΝ-

94 3041 187 3130 quod
201 3043 245 3107 im
318 3055 385 3108 erat
403 3043 446 3106 im
489 3041 547 3120 rio,
563 3063 668 3106 morae
689 3041 730 3105 ad
749 3041 975 3142 rempublicam
988 3019 1243 3143 praecipi-dem

95 3129 234 3195 tandm
266 3130 388 3195 abebat.
459 3149 537 3193 erox
555 3126 646 3214 rapid
707 3151 746 3192 ue
766 3151 801 3192 m
821 3127 968 3204 cortulus,
984 3151 1020 3194 ac
1035 3128 1145 3216 hngua

95 3215 299 3294 immodicus,
313 3215 416 3304 primo
437 3216 522 3279 inter
541 3235 668 3302 paucos,
706 3215 760 3278 ein
775 3213 942 3364 propalam
964 3215 999 3278 in
1019 3215 1143 3301 vulgus,

96 3325 159 3391 pro
173 3315 354 3369 umctatore
369 3303 509 3389 segnem,
525 3323 583 3450 pro
597 3313 690 3366 cauto
705 3299 775 3364 timi
798 3321 862 3376 um,
875 3299 1027 3386 affingens
1040 3299 1146 3365 vicina

96 3389 268 3455 vinutibus
297 3390 383 3468 vitia,
413 3387 637 3488 compelabat:
676 3385 915 3486 premendoque
949 3387 1144 3487 superiorem

97 3478 197 3564 (quae
227 3477 363 3564 pessima
384 3497 433 3540 ars
454 3475 549 3539 nimis
577 3495 734 3562 prospens
755 3472 927 3536 multorum
951 3473 1144 3538 succesibus

21 3635 27 3643 ,
97 3563 214 3651 crevit)
228 3587 295 3628 sese
311 3561 492 3630 extollebat.

132 3801 244 3860 5Haud
261 3801 349 3862 procul
368 3800 459 3860 Arpis]
489 3797 607 3860 Polybius
672 3798 763 3846 BNoa
778 3799 835 3856 dm,
850 3797 987 3858 damma]
1009 3798 1075 3847 Noni
1088 3799 1145 3847 dac·

98 3863 164 3912 cirea
182 3864 269 3922 Aeaeo,
287 3865 372 3912 urbem
390 3861 504 3924 Apuliae,
521 3861 606 3910 itidem
639 3863 698 3910 toris
719 3877 750 3911 ex
770 3861 909 3910 coniectura
926 3861 1032 3912 Gronov.
1052 3863 1145 3926 recepit

100 3928 223 3986 Daunias,
233 3928 310 3976 Fabio
321 3927 418 3976 obvium
429 3925 503 3975 fuisse
511 3925 607 3974 Hanni·
640 3925 747 3976 Beklrer.

99 3991 181 4040 belem
192 3991 282 4040 scribit.
299 3993 380 4042 cerv.
702 3991 793 4040 Minus
849 3991 985 4053 poenitere]
1003 3990 1019 4040 i.
1026 4006 1048 4039 e.
1060 3989 1145 4040 Minus

131 4053 147 4104 ⁶
169 4057 247 4104 Victor
264 4057 360 4105 tandm
378 4055 488 4120 ᾳυοᾳω]
507 4057 607 4117 Quoque
639 4054 663 4102 di
690 4056 748 4103 dere
757 4060 801 4102 aut
810 4053 893 4103 virtuti
903 4060 947 4103 aut
957 4055 1067 4104 tortum
1078 4069 1144 4103 auae.

99 4135 130 4168 ex
147 4119 288 4169 muscum
302 4121 410 4170 Gronov.
425 4119 518 4182 recepit
529 4118 606 4168 Drak.
639 4120 720 4169 esav.

99 4185 142 4232 sed
155 4184 262 4234 Baikor.
274 4185 362 4234 omisit.
674 4197 683 4231 1
703 4185 782 4242 Quom
798 4185 862 4247 prod
876 4185 957 4248 impar
972 4183 1039 4242 erat]
1062 4181 1144 4238 Quem

134 4261 148 4310 7
165 4251 277 4299 omum
288 4251 363 4298 mrito
374 4265 436 4298 oum
446 4249 555 4297 minam
569 4249 607 4297 in·
639 4245 702 4296 nihil
712 4247 780 4295 aliud
796 4263 812 4296 a
826 4247 1010 4310 praecipitanda
1022 4247 1147 4309 republica

100 4316 200 4374 muas]
230 4316 349 4362 Aulam
373 4315 470 4362 meruit
494 4313 608 4363 Muretus
639 4313 787 4371 morabatur,
797 4327 870 4374 quam
886 4311 951 4372 quod
968 4310 1092 4359 mentoris
1108 4325 1146 4360 ce-

100 4377 251 4438 emendavit,
261 4384 286 4426 et
298 4377 404 4428 aester.
416 4377 529 4440 reponit
640 4377 698 4426 dere
709 4377 808 4426 deberet
819 4375 928 4438 imperio.
946 4374 1029 4425 Dosa.
1142 4387 1145 4394 ⁴
