3002 4798
377 227 420 285 44
759 219 871 286 TlTl
903 219 1038 288 lell

216 386 249 436 ῃ,
285 397 359 446 ,534
379 367 443 418 tate
462 353 598 440 praedae
621 355 655 418 in
676 376 776 419 vacua
798 353 946 420 Romana
968 367 1069 420 casua
1091 353 1253 420 Numidae
1276 354 1427 420 desertis·

214 452 245 500 Δ.
286 449 359 498 aas.
378 452 457 504 sent.
503 438 553 504 Ibi
568 439 656 518 dum,
670 452 904 526 perscrutantes
926 440 996 505 loca
1013 442 1120 505 omnia
1139 454 1325 518 castrorum,
1340 441 1427 504 nullo
1481 467 1482 520 q

377 525 452 590 satis
466 524 564 612 digno
587 547 693 591 morae
715 527 818 612 pretio
842 540 967 613 tempus
987 538 1104 603 terunt,
1119 526 1252 592 emissus
1272 526 1376 592 hostis
1390 527 1427 590 de
1481 523 1482 550 ³

378 611 524 676 manibus
538 625 605 677 est:
631 624 664 676 et
679 634 779 698 quum
795 612 857 676 iam
873 624 1079 699 transgressos
1091 612 1241 676 Trebiam
1254 612 1426 688 Romanos,

378 711 596 798 metantesque
617 710 717 762 castra
736 697 984 784 conspexissent,
999 721 1116 786 paucos
1136 711 1331 762 moratorum
1346 700 1428 762 oeci·

377 783 504 860 derunt,
524 796 605 848 citra
622 784 742 847 flumen
765 784 965 871 interceptos.
1014 783 1130 870 Scipio,
1146 807 1206 848 nec
1224 785 1426 848 vexationem

377 867 516 934 vulneris
534 870 567 934 in
581 869 634 933 via
648 870 754 934 iactati
777 867 861 934 ultra
882 869 1013 968 patiens,
1030 883 1063 934 et
1076 869 1230 956 collegam
1245 871 1325 955 (iam
1341 870 1445 940 enims

377 968 410 1019 et
431 969 612 1020 revocatum
632 977 673 1020 ex
694 954 801 1019 Sicilia
820 955 980 1040 audierat)
994 969 1080 1020 ratus
1100 955 1363 1042 exspectandum,
1383 953 1428 1018 lo-

377 1063 461 1119 cum,
477 1041 534 1128 qui
555 1063 654 1140 prope
676 1041 797 1104 flumen
819 1041 993 1106 tutissimus
1013 1041 1133 1106 stativis
1148 1053 1196 1104 est
1209 1041 1304 1117 visus,
1321 1040 1427 1106 delec-

377 1139 446 1190 tum
462 1127 658 1192 communiit.
705 1125 777 1190 Nec
797 1126 908 1212 procul
928 1127 1004 1192 inde
1020 1125 1183 1190 Hannibal
1198 1149 1300 1214 quum
1315 1141 1446 1191 conse-t

377 1211 484 1288 disset,
500 1223 656 1298 quantum
669 1212 801 1276 victoria
820 1213 959 1298 equestri
976 1213 1086 1289 elatus,
1103 1224 1227 1276 tantum
1247 1213 1364 1276 anxius
1378 1212 1427 1276 in-

376 1296 459 1383 opia,
475 1320 557 1383 quae
572 1319 630 1384 per
644 1297 784 1362 hostium
875 1311 1045 1374 seuntem,
1061 1319 1104 1361 nu
1144 1321 1218 1362 uam
1233 1299 1427 1385 praeparatis

214 1393 360 1470 ciuitatum
376 1384 613 1461 commeatibus,
636 1383 737 1448 maior
758 1383 793 1446 in
838 1383 883 1448 ies
905 1383 1092 1470 excipiebat,
1166 1383 1361 1448 Clastidium
1380 1385 1427 1447 vi-

213 1458 460 1568 Ji'i‘g‘ml‘fffcum,
483 1492 548 1556 quo
570 1491 721 1557 magnum
740 1469 892 1534 frumenti
918 1490 1085 1532 numerum
1111 1483 1337 1555 congesserant
1359 1469 1426 1533 Ro-

251 1536 300 1573 '²¹¹³'
376 1557 472 1632 mani,
498 1555 604 1619 mittit
651 1555 700 1620 Ibi
723 1577 823 1640 quum
844 1554 909 1618 vim
933 1568 1088 1640 pararent,
1113 1575 1185 1640 spes
1209 1555 1293 1619 facta
1313 1556 1426 1654 prodi-

376 1641 487 1704 tionis:
514 1662 574 1705 nec
589 1663 663 1705 sane
680 1663 795 1727 magno
811 1640 924 1725 pretio,
939 1641 1077 1704 nummis
1091 1641 1193 1704 aureis
1207 1641 1324 1726 quadri
1390 1662 1444 1708 Μ

375 1726 425 1802 tis,
441 1725 541 1790 Dasio
557 1725 751 1792 Brundisino
770 1725 930 1812 praefecto
951 1725 1100 1812 praesidii
1115 1739 1272 1813 corrupto,
1364 1728 1427 1791 'tur

375 1810 551 1876 Hannibali
567 1811 767 1876 Clastidium
814 1809 854 1876 Id
868 1811 1018 1876 horreum
1032 1812 1094 1876 fnit
1107 1811 1224 1876 Poenis
1239 1811 1425 1877 sedentibus

375 1897 416 1962 ad
442 1897 601 1963 Trebiam.
652 1897 693 1962 In
718 1897 858 1983 captivos
881 1920 923 1962 ex
947 1897 1062 1962 tradito
1083 1897 1251 1985 praesidio,
1278 1911 1316 1962 ut
1341 1898 1426 1962 fama

375 1983 561 2049 clementiae
584 1984 619 2047 in
641 1983 797 2070 principio
819 2005 925 2048 rerum
947 1982 1157 2070 colligeretur,
1172 1982 1253 2047 nihil
1268 1985 1424 2050 saevitum

374 2081 430 2134 est.

262 2168 315 2227 49.
420 2155 531 2232 Quum
547 2155 587 2220 ad
603 2155 753 2220 Trebiam
772 2167 916 2220 terrestre
935 2156 1126 2220 constitisset
1145 2154 1274 2232 bellum,
1294 2155 1423 2220 interim

211 2247 338 2324 laeseras
373 2243 458 2307 circa
483 2242 622 2308 Siciliam
651 2241 832 2328 insulasque
856 2239 967 2305 Italiae
990 2241 1201 2318 imminentes
1225 2254 1259 2305 et
1285 2263 1305 2304 a
1332 2241 1424 2306 Sem·

210 2314 321 2426 proruam
338 2376 355 2414 ·.
374 2329 487 2415 pronio
502 2327 641 2405 consule,
657 2341 691 2391 et
712 2339 786 2391 ante
808 2327 981 2391 adventum
1003 2327 1082 2404 eius,
1102 2340 1186 2392 terra
1206 2326 1284 2391 mari
1310 2351 1351 2392 ue
1374 2350 1424 2392 res

211 2393 358 2504 qffgiiffi,
373 2427 488 2501 gestae.
533 2412 659 2498 Viginti
674 2413 919 2498 quinqueremes
934 2435 1008 2476 cum
1026 2413 1112 2478 mille
1127 2412 1253 2477 armatis
1323 2413 1423 2500 depo·

373 2498 546 2648 pulsandam
566 2518 654 2561 oram
669 2495 780 2562 Italiae
795 2521 814 2561 a
830 2496 1146 2585 Carthaginiensibus
1167 2499 1288 2575 missae,
1305 2521 1423 2564 novem

404 2584 515 2670 iparas,
537 2595 609 2648 octo
628 2582 763 2648 insulam
786 2582 924 2648 Vulcani
951 2598 1131 2662 tennertmt,
1155 2597 1218 2650 tres
1243 2585 1277 2647 in
1304 2585 1442 2654 flemme

373 2671 488 2734 avertit
510 2681 621 2736 aestus.
668 2668 724 2733 Ad
749 2692 802 2733 eas
827 2683 1010 2757 conspectas
1036 2693 1056 2734 a
1080 2670 1229 2735 Messana
1249 2668 1423 2735 duodecim

373 2778 469 2820 naves
491 2756 531 2819 ab
558 2753 701 2820 Hierone
727 2777 801 2842 rege
830 2754 852 2820 S
928 2779 1097 2821 usanornm
1124 2757 1244 2832 missae,
1269 2756 1326 2842 qui
1354 2771 1423 2821 tum

372 2843 453 2906 sorte
469 2841 636 2906 Messanae
654 2853 731 2917 erat,
746 2863 844 2906 consu
858 2863 910 2905 em
931 2839 1113 2906 Romanum
1135 2842 1314 2928 opperiens,
1333 2841 1423 2906 nullo

373 2939 570 3014 repugnante
586 2939 692 3012 captas
707 2949 802 2992 naves
818 2925 999 2992 Messanam
1015 2928 1049 2992 in
1063 2940 1191 3015 portum
1205 2927 1420 2992 deduxerunt

377 3013 552 3099 Cognitum
566 3034 607 3077 ex
622 3035 659 3077 ca
682 3013 764 3090 tivis‚
775 3026 901 3113 praeter
914 3012 1027 3100 viginti
1041 3035 1146 3090 naves,
1161 3013 1251 3078 cuius
1266 3013 1328 3099 ipsi
1342 3013 1422 3078 clas-

374 3100 416 3163 sis
431 3110 545 3175 eesent,
560 3097 628 3163 inI
672 3100 733 3164 iam
750 3121 869 3176 missas,
907 3099 963 3164 uin
988 3122 1027 3164 ue
1043 3112 1076 3164 et
1090 3098 1220 3185 triginta
1234 3098 1310 3164 alias
1326 3101 1422 3186 quin·

397 3207 540 3250 ueremes
564 3184 704 3251 Siciliam
728 3197 835 3272 petere
862 3122 907 3250 ad
929 3207 963 3249 so
989 3184 1141 3250 'citandos
1160 3199 1283 3250 veteres
1307 3187 1420 3250 socios.

374 3209 520 3360 lilybaei
531 3271 708 3359 occupandi
723 3271 925 3358 praecipuam
936 3293 1044 3335 curam
1056 3293 1140 3336 esse:
1163 3271 1291 3336 credere
1307 3271 1421 3336 eedem

404 3517 418 3567 5
441 3507 554 3555 Vulneris
565 3506 593 3553 ta
603 3506 749 3564 delectati]
762 3507 878 3553 [anoton-
911 3508 972 3562 erat,
990 3518 1071 3565 neque
1089 3509 1147 3553 ante
1166 3519 1205 3553 an.
1227 3504 1260 3554 U.
1273 3504 1302 3554 C.
1324 3505 1421 3566 5472&

372 3568 769 3618 daveliaotaattcodiceshabent
787 3569 878 3616 lactati
911 3565 992 3614 Plinio
1006 3568 1067 3616 tides
1080 3567 1162 3616 danda
1175 3569 1214 3626 sit,
1231 3568 1265 3616 Η.
1282 3569 1315 3616 N.
1333 3569 1420 3617 xxxiii.

372 3631 586 3681 exemendatione
600 3631 633 3678 N.
648 3630 745 3678 Heinsii
759 3629 878 3690 provenit,
912 3643 933 3692 3.
980 3631 1056 3679 Haud
1082 3631 1157 3679 dubie
1179 3637 1260 3680 noster
1282 3633 1420 3694 proleptioe

373 3695 413 3744 cui
429 3694 535 3743 Bekker.
552 3709 578 3742 se
592 3693 690 3742 addicit.
710 3693 740 3742 cl.
752 3692 807 3742 inlr.
819 3707 877 3740 xxx.
912 3694 1028 3754 loquitur,
1043 3699 1067 3742 et
1082 3699 1184 3744 stateras
1198 3696 1248 3743 sive
1264 3695 1421 3746 didrachmas

376 3773 412 3820 ¹9·
424 3757 466 3804 ubi
477 3758 509 3804 de
523 3759 653 3806 iactatione
667 3757 777 3806 avulseris
793 3759 821 3806 in
837 3758 878 3806 riu
911 3771 995 3806 aureas
1020 3757 1109 3818 innuit,
1129 3759 1337 3819 quemadmodum
1358 3775 1420 3808 voce

374 3825 456 3868 noster
466 3821 582 3880 loquitur.
910 3821 1020 3870 mortis
1037 3837 1101 3884 supr.
1116 3821 1165 3870 viii.
1184 3837 1220 3871 ιι.
1236 3837 1281 3885 pro
1295 3822 1421 3872 drachmis

406 3881 655 3944 6Neoprooalinde
666 3883 797 3932 Hannibal
806 3899 880 3948 quast
912 3884 995 3933 utinm

373 3947 527 4005 consedisset]
548 3946 682 3994 Intervallo
696 3946 805 4008 quinque
818 3947 879 3996 mill.
945 3947 960 3996 8
975 3950 1088 3998 Iro-salum
1103 3951 1207 3998 Valeant
1221 3951 1366 4010 tenroenost]
1388 3951 1419 4000 es.

375 4025 438 4072 pass
455 4014 480 4058 et
497 4009 586 4057 Trebia
603 4009 678 4058 fluvio
695 4009 759 4057 inter
777 4015 880 4072 utraque
913 4011 1215 4072 Infr.xxviii.18.xxx.a4.
1227 4015 1420 4076 Cetemmprae·

374 4079 453 4122 castra
463 4072 597 4122 interiecto.
605 4075 635 4123 cf.
648 4073 736 4148 Polyb,
744 4072 778 4122 iii.
787 4071 825 4122 68.
838 4075 879 4135 qui
912 4089 963 4136 poa
976 4077 1009 4124 od
1018 4090 1193 4138 nonnunquam
1206 4091 1262 4124 cum
1271 4087 1420 4130 vooeteam

373 4145 398 4184 et
411 4139 519 4200 inoptam
537 4136 590 4185 dus
602 4153 618 4185 a
632 4137 714 4186 Galba
726 4138 879 4186 sublevatam
911 4137 1015 4187 occurrit
1032 4145 1061 4188 ut
1074 4154 1140 4202 supr.
1155 4139 1171 4190 i.
1184 4155 1204 4189 1.
1220 4143 1253 4188 od
1268 4143 1420 4191 Laurentem

372 4201 516 4250 dirritRue.
911 4219 999 4264 mm
1032 4206 1145 4260 annisu,
1177 4219 1250 4265 quam
1285 4205 1420 4254 lectionem

407 4266 550 4326 7Nroamir
571 4265 666 4322 emsa]
694 4264 744 4313 Sed
765 4281 879 4316 nummus
912 4265 1037 4329 Κωμία.
1069 4273 1094 4315 et
1127 4267 1232 4328 Rupert
1264 4277 1420 4332 recepemnt,

372 4345 463 4378 aureus
481 4328 562 4377 adhuc
585 4328 681 4378 Romae
702 4343 752 4378 non
770 4327 879 4391 signatus
911 4331 981 4380 Crev.
993 4337 1076 4379 tamen
1087 4335 1112 4380 et
1125 4331 1230 4381 Beklrer.
1242 4333 1413 4394 repudiarunt.
