2874 4772
209 955 511 1040 EPITOME
555 955 745 1040 LIBRI
790 953 955 1038 XXVI.

489 1259 685 1297 -4--

63 1503 320 1569 HANNIBAL
334 1505 377 1567 ao
392 1507 512 1567 socom
526 1503 565 1566 ao
580 1505 652 1566 une
666 1503 766 1566 mm
780 1501 911 1588 raptam
925 1471 1014 1588 opo
1028 1503 1110 1567 Aa·

62 1615 145 1656 cnern
168 1601 272 1655 castra
288 1593 415 1676 posuit:
438 1593 501 1675 ipse
519 1613 588 1654 vcro
605 1613 673 1653 cnm
690 1591 804 1653 dnolccs
825 1591 955 1653 millibus
976 1614 991 1652 e
1011 1594 1108 1654 ninom

63 1701 158 1765 nsque
177 1679 222 1740 ad
241 1681 338 1762 ipsam
359 1677 511 1762 Capenam
529 1689 662 1761 portam,
678 1688 714 1740 nt
727 1679 809 1739 orbis
823 1680 913 1740 sitam
927 1613 1107 1764 eapllraret,

64 1768 246 1851 obequitavit
252 1789 265 1840 ,·
283 1774 312 1827 et
325 1787 416 1850 qaam
425 1786 484 1850 per
499 1766 632 1828 triduam
647 1766 679 1827 in
694 1767 787 1826 aciem
802 1767 951 1849 atm'rnqae
965 1767 1109 1827 enercitm

63 1856 161 1916 manis
183 1853 383 1927 descendisset,
406 1861 554 1914 certamen
577 1861 733 1935 tempestas
754 1851 893 1914 diremit:
921 1873 992 1913 nam
1015 1873 1109 1936 pam

65 1941 96 2003 in
118 1949 223 2002 castra
243 1940 405 2014 rediissent,
421 1943 522 2001 statim
542 1942 685 2000 serenitas
704 1948 778 2000 crat.
830 1937 938 2021 Capua
957 1947 1049 2022 capta
1066 1945 1111 1999 est
1225 1976 1229 1984 -

64 2049 84 2088 a
105 2027 144 2104 Qss
163 2026 274 2088 Fulvio
293 2035 322 2088 et
340 2026 400 2109 Ap.
423 2024 551 2089 Claudio
573 2025 748 2087 consalilns.
792 2023 952 2107 Rinapcs
976 2023 1111 2107 Campa-

65 2135 174 2176 nornm
188 2134 296 2175 veneno
310 2113 367 2174 sili
379 2114 583 2174 consciverant
596 2120 726 2173 mortem.
765 2110 867 2186 Quam
882 2120 1002 2173 senatos
1019 2109 1110 2174 Cam-

60 2221 215 2284 panorum
231 2199 377 2282 deliqancs
391 2207 465 2261 essct
480 2199 524 2259 cd
538 2198 637 2281 palm,
654 2206 689 2259 nt
704 2199 802 2258 secari
810 2197 962 2280 feriretur
970 2221 983 2272 ,·
1007 2197 1111 2258 literas

66 2309 87 2349 a
103 2296 211 2350 sertata
228 2288 335 2348 missas
356 2285 393 2362 Q.
404 2286 535 2347 Faloias
548 2285 659 2360 consul,
675 2283 782 2368 quibas
798 2284 954 2346 iubebatur
970 2305 1109 2368 parcere,

67 2383 229 2459 antequam
244 2372 358 2456 leqeret,
375 2375 407 2434 in
426 2373 494 2434 sinn
510 2375 624 2457 poscit,
640 2380 669 2433 ct
687 2371 748 2454 leqe
767 2373 821 2454 aqi
837 2372 932 2446 iussit,
947 2379 977 2432 et
994 2369 1111 2453 snppli-

67 2463 147 2524 eiam
160 2463 285 2544 pereqit.
337 2459 439 2536 Quam
454 2461 485 2521 in
500 2461 625 2522 comitiis
639 2458 725 2541 apud
740 2457 887 2542 popalnm
907 2465 1110 2542 quaereretur,

67 2551 118 2609 cni
130 2547 329 2610 noandaretnr
339 2547 737 2632 Hispaniarumimperinm
745 2567 758 2620 ,·
778 2544 861 2607 nnllo
874 2545 909 2606 id
920 2545 1031 2606 voleme
1044 2565 1112 2606 sas·

67 2637 174 2718 cipere,
190 2633 229 2695 P.
249 2633 352 2716 Scipio
365 2633 404 2695 P.
409 2633 512 2713 filias,
529 2635 582 2717 qm'
598 2635 630 2695 in
644 2633 801 2716 Hispania
820 2631 975 2707 ceciderat,
991 2631 1128 2716 profes-¹

67 2743 120 2784 sus
141 2730 186 2783 est
204 2743 234 2782 se
248 2723 383 2782 ituram.-
408 2729 444 2794 et,
465 2719 614 2804 saffraqio
631 2718 741 2804 populi
761 2739 959 2803 consensicqae
980 2719 1112 2780 omnium

68 2811 186 2882 missas,
202 2805 323 2869 Novam
344 2806 557 2890 Cartltaqinem
577 2827 636 2868 ano
655 2807 703 2868 die
722 2808 911 2890 expaqnaoit,
927 2826 1019 2890 qnam
1041 2827 1112 2888 nqe-

68 2905 115 2958 ret
138 2896 312 2978 oiqesimam
337 2903 480 2977 quartam
509 2914 633 2968 annam,
659 2893 865 2976 videreturque
890 2893 994 2953 divina
1019 2893 1112 2974 stirpe

69 2991 208 3044 creatm:
229 2982 370 3065 qnoniam
385 2983 501 3065 etipse,
512 2989 673 3064 postquam
688 2989 788 3062 toqam
803 2987 970 3064 acceperat,
982 2977 1114 3061 qnotidie

69 3070 101 3131 in
121 3068 271 3152 Capitolio
285 3076 371 3142 erat,·
393 3075 423 3128 et
435 3068 468 3128 in
483 3065 617 3128 cubiculo
634 3068 741 3127 matres
760 3067 823 3126 eicos
840 3066 949 3148 anquis
968 3083 1113 3146 saepeno-

70 3177 151 3218 mero
170 3155 333 3217 oidebatnr.
379 3153 441 3214 Res
457 3161 616 3237 praeterea
636 3155 668 3214 in
686 3151 793 3214 Sicilia
811 3159 913 3234 qestas
933 3151 1070 3223 continet,
1085 3155 1115 3210 et

70 3244 235 3305 amicitiam
257 3262 325 3303 cum
346 3239 461 3302 Aetolis
482 3241 624 3314 iunctam,
647 3237 810 3322 bellumque
831 3246 949 3323 qestam
969 3235 1114 3299 adversm

72 3330 256 3392 Acarnanas
270 3337 300 3390 et
312 3327 491 3412 Philippum
506 3325 705 3388 Macedoniae
718 3345 823 3410 reqem.
