3002 4798
214 626 275 722 T.
322 624 533 723 LIVII
580 626 975 728 PATAV1N1

358 915 620 998 LIBER
680 915 830 1000 XXII.

498 1197 694 1236 ——e—-—

79 1431 194 1596 IAM
212 1455 269 1500 ver
288 1433 468 1520 appetebat,
484 1454 584 1519 quum
605 1429 770 1496 Hannibal
789 1455 830 1498 ex
849 1433 991 1498 hibernis
1010 1433 1119 1513 movit,
1132 1447 1164 1496 U.
1177 1447 1205 1497 c.
1219 1458 1273 1510 535.

135 1533 167 1584 et
186 1541 228 1584 ne
252 1519 402 1619 nicquam
422 1529 496 1582 aute
517 1530 649 1582 conatus
667 1519 888 1586 transcendere
909 1514 1160 1607 Apenninum*
1177 1513 1206 1562 ⁰·
1218 1523 1274 1573 ²¹⁷·

75 1604 227 1672 intoleran
253 1607 259 1620 '
291 1605 469 1694 frigoribus,
485 1617 607 1670 etcum
626 1603 750 1692 ingenti
769 1605 911 1692 periculo
931 1619 1070 1672 moratus
1084 1629 1120 1672 ac

76 1709 167 1756 metu.
216 1691 315 1769 Galli,
344 1715 425 1779 quos
453 1689 589 1778 praedae
612 1690 918 1779 populationumque
942 1693 1122 1758 conciverat
1130 1701 1199 1777 Gaui
1209 1701 1246 1749 in-

76 1799 152 1863 spes,
167 1791 339 1865 postquam
354 1799 413 1864 pro
428 1799 477 1854 eo,
493 1788 532 1842 ut
546 1775 607 1863 ipsi
622 1799 663 1840 ex
677 1777 782 1843 alieno
797 1801 872 1866 agro
886 1793 1035 1866 raperent
1049 1766 1273 1879 age-srffiflw·

75 1876 216 1951 rentque,
238 1886 310 1928 suas
331 1877 430 1930 terras
447 1862 555 1928 sedem
575 1861 652 1927 belli
673 1886 751 1942 esse,
769 1863 934 1952 premique
956 1845 1155 1954 utriusquem
1207 1864 1215 1880 '

143 1951 149 1963 '
193 1951 395 2015 exercituum
419 1949 561 2014 hibernis
582 1948 752 2027 viderunt;
782 1963 946 2016 vertenmt
970 1964 1055 2016 retro
1081 1951 1122 2018 ad

76 1962 289 2102 ffibalem
301 2036 341 2101 ab
357 2035 513 2101 Romanis
527 2035 615 2100 odia:
638 2037 822 2123 petitusque
837 2059 930 2124 saepe
942 2038 1123 2126 principum

76 2121 203 2200 insidiis,
225 2123 366 2210 ipsorum
386 2121 471 2188 inter
489 2144 523 2186 se
538 2120 659 2200 fraude,
675 2122 787 2187 eadem
807 2122 945 2202 levitate,
961 2146 1027 2210 qua
1045 2146 1122 2189 con·

76 2222 244 2287 senserant,
267 2230 457 2274 consensum
478 2206 699 2285 indicantium,
721 2221 861 2274 servatus
877 2221 965 2285 erat3
989 2221 1032 2287 et,
1051 2231 1123 2274 mu-

58 2294 169 2360 rtaudo
188 2319 277 2360 nuuc
296 2306 427 2374 vestem,
448 2316 536 2358 nunc
665 2307 740 2358 enta
759 2293 880 2382 capitis,
898 2317 1003 2360 errore
1024 2295 1120 2360 etiam

76 2403 139 2446 sese
161 2382 201 2447 ab
222 2381 346 2446 insidiis
367 2381 533 2446 munierat
612 2393 734 2444 eterum
756 2380 809 2445 hic
827 2403 955 2468 quoque
973 2379 1004 2446 ei
1026 2381 1121 2446 timor

75 2489 165 2532 causa
177 2468 240 2533 fuit
254 2467 408 2532 maturius
422 2465 573 2532 movendi
587 2488 629 2530 ex
643 2466 793 2531 hibernis.

55 2576 68 2608 2
115 2553 179 2618 Per
202 2553 291 2618 idem
317 2567 444 2641 tempus
465 2551 527 2618 Cn.
551 2551 703 2618 Servilius
726 2552 837 2618 consul
861 2551 984 2618 Romae
1009 2551 1120 2618 Idibus

76 2636 197 2705 Martiis
218 2639 436 2727 magistratum
451 2639 531 2703 iniit.
577 2637 628 2703 Ibi
643 2661 743 2725 quum
763 2639 804 2704 de
819 2639 982 2727 republica
995 2639 1121 2706 retulis-

75 2737 129 2802 set,
149 2727 366 2813 redintegrata
387 2726 421 2790 in
444 2725 482 2790 C.
499 2724 691 2789 Flaminium
712 2724 831 2790 invidia
853 2739 909 2790 est.
956 2726 1068 2792 ‘Duos
1086 2735 1253 2792 seQuerelse

77 2812 239 2878 ‘consides
260 2835 391 2888 creasse,
412 2833 513 2876 unum
535 2809 661 2876 habere.
709 2810 808 2887 Quod
829 2811 917 2876 enim
938 2811 984 2876 illi
1002 2813 1119 2878 iustum
1130 2801 1254 2910 nomque

77 2897 136 2962 ‘im
179 2899 273 2976 rium,
289 2898 376 2985 quod
392 2896 567 2983 auspicium
589 2897 682 2962 esse?
790 2898 797 2912 '
816 2910 914 2962 tratus
931 2898 965 2962 id
980 2921 999 2963 a
1012 2878 1259 2976 domo,}¹1¹‡¹m1{10‚

78 2990 135 3082 ‘pu
156 2984 225 3049 licis
240 2984 433 3072 privatisque
444 2983 622 3070 penatibus,
635 2982 759 3048 Latinis
785 2984 858 3048 eriis
868 2984 956 3061 actis,
966 2983 1120 3050 sacrificio

57 3077 125 3133 3‘1u
145 3087 254 3136 monte
274 3070 425 3158 perfecto,
446 3069 527 3134 votis
544 3069 605 3134 rite
623 3069 657 3133 in
675 3068 836 3156 Capitolio
855 3071 1055 3158 nuncupatis,
1071 3093 1120 3136 se-

58 3163 165 3220 4‘cum
179 3157 276 3222 ferre:
300 3179 361 3220 nec
375 3155 533 3243 privatum
549 3155 689 3242 auspicia
703 3158 803 3242 sequi,
816 3179 875 3220 nec
889 3156 957 3221 sine
972 3157 1121 3256 auspiciis

57 3242 270 3328 ⁵‘profectum
285 3242 320 3308 in
335 3257 468 3308 externo
483 3265 522 3306 ea
536 3240 602 3307 solo
614 3265 697 3306 nova
710 3254 806 3327 atque
820 3241 946 3325 integra
953 3264 1120 3329 concipere

108 3519 117 3553 1
135 3507 326 3568 Ennosnam]
345 3506 452 3564 mande,
463 3519 526 3566 quae
537 3519 578 3552 eos
642 3522 658 3562 4
680 3505 734 3552 Neo
753 3504 880 3565 pdoatam
898 3506 1011 3566 auspicia
1034 3507 1116 3568 sequi]

77 3567 330 3620 inermremducaret.
364 3569 483 3632 Polybius
493 3567 527 3616 iii.
541 3569 577 3629 78.
612 3565 715 3642 Quippe
733 3567 858 3628 pullorum
877 3582 999 3616 sacrorum
1017 3569 1120 3630 ampicii

78 3631 240 3683 Hannibalem
255 3633 482 3696 capillamentaad
496 3631 580 3680 omnia
611 3635 689 3694 matra
710 3631 821 3692 Augures
841 3632 1013 3693 imperaturam
1035 3647 1119 3693 seque·

76 3701 180 3745 aetatum
195 3697 335 3746 discrimina
350 3699 465 3756 formata,
477 3695 522 3744 sibi
537 3711 579 3757 pa·
612 3695 719 3753 hautun
739 3695 781 3743 sed
800 3695 923 3757 privatum
943 3695 1052 3757 auspicia
1070 3711 1119 3745 non

77 3759 160 3809 rarisse
170 3761 260 3811 scribit.
613 3759 784 3820 sequebantur.

106 3825 363 3888 aPsridemtmpaa]
375 3821 582 3874 Praetoreshuius
646 3824 750 3884 5Nona
770 3827 844 3886 atqu
863 3824 961 3884 intem
979 3825 1117 3886 weelnere]

76 3887 130 3935 anui
151 3888 237 3938 Livius
256 3895 352 3954 praeter
374 3903 467 3937 morem
490 3887 580 3936 omisit.
614 3885 695 3935 Semel
711 3885 776 3934 euim
793 3902 850 3935 eum
864 3884 979 3949 auspiciis
996 3887 1120 3948 profectus

76 3949 186 4005 Quonim
202 3953 240 4002 Μ.
251 3953 372 4002 Aemilius
387 3952 499 4015 Regulus
508 3951 579 3998 urba·
611 3950 694 4009 demo,
705 3949 837 4011 potentin
851 3956 953 3999 externo
967 3951 1020 3999 solo
1035 3967 1065 4000 ea
1075 3952 1119 4001 ite·

76 4027 129 4062 nam
151 4016 342 4066 iurisdictionem
367 4017 513 4066 exercebat:
541 4014 579 4064 M.
611 4028 714 4075 rumque
724 4013 862 4076 itemmque
872 4014 918 4062 rite
927 4029 1023 4077 capere.
1045 4017 1120 4064 Ater

77 4077 225 4154 Pomponius
247 4081 335 4130 Matho
357 4079 525 4143 peregrinam:
548 4078 579 4128 T.
612 4093 676 4126 nora
687 4083 711 4125 et
722 4092 772 4125 nnn
787 4083 845 4127 ante
856 4077 966 4139 quaesita
981 4077 1026 4126 sibi
1037 4079 1119 4140 acqui·

76 4139 194 4191 Otacilius
209 4143 311 4194 Crassus
325 4145 450 4193 Siciliam:
474 4144 506 4191 A.
521 4142 579 4191 Gor·
612 4140 700 4190 rerein
712 4146 812 4189 extemo
823 4141 932 4190 solouon
944 4147 1119 4203 posseconten-

76 4205 152 4254 neh'us
162 4207 303 4257 Mammula
314 4207 451 4257 Sardiniam
461 4207 575 4256 habebat.
613 4206 675 4253 dunt
683 4205 769 4253 Patres
777 4219 843 4266 eum,
851 4204 893 4268 qui
901 4204 989 4254 dusiis
997 4205 1120 4266 profectus

75 4329 89 4377 6
106 4284 120 4330 3
136 4273 169 4319 In
179 4275 270 4334 manu]
288 4272 393 4321 Albano.
404 4273 436 4321 es.
447 4285 512 4332 supr.
529 4270 579 4320 xxi.
612 4273 682 4318 esset.
699 4268 779 4318 Cnsv.
