<?xml version="1.0" encoding="UTF-8"?>
<!DOCTYPE html PUBLIC "-//W3C//DTD XHTML 1.0 Transitional//EN"
    "http://www.w3.org/TR/xhtml1/DTD/xhtml1-transitional.dtd">
<html xmlns="http://www.w3.org/1999/xhtml" xml:lang="en" lang="en">
 <head>
  <title>
</title>
<meta http-equiv="Content-Type" content="text/html;charset=utf-8" />
  <meta name='ocr-system' content='tesseract 3.04.00' />
  <meta name='ocr-capabilities' content='ocr_page ocr_carea ocr_par ocr_line ocrx_word'/>
</head>
<body>
  <div class='ocr_page' id='page_1' title='image "./tliviipatavinih00kreygoog_0053.png"; bbox 0 0 3002 4798; ppageno 0'>
   <div class='ocr_carea' id='block_1_1' title="bbox 359 231 1020 298">
    <p class='ocr_par' dir='ltr' id='par_1_1' title="bbox 359 231 1020 298">
     <span class='ocr_line' id='line_1_1' title="bbox 359 231 1020 298; baseline 0.003 -4"><span class='ocrx_word' id='word_1_1' title='bbox 359 235 401 294; x_wconf 85' lang='lat'><strong>42</strong></span> <span class='ocrx_word' id='word_1_2' title='bbox 744 231 857 298; x_wconf 92' lang='grc' dir='ltr'><strong>ΤΙΤΙ</strong></span> <span class='ocrx_word' id='word_1_3' title='bbox 885 232 1020 298; x_wconf 88' lang='lat' dir='ltr'><strong>LIVII</strong></span> 
     </span>
    </p>
   </div>
   <div class='ocr_carea' id='block_1_2' title="bbox 197 360 1432 772">
    <p class='ocr_par' dir='ltr' id='par_1_2' title="bbox 197 360 1432 772">
     <span class='ocr_line' id='line_1_2' title="bbox 199 360 1408 456; baseline -0.011 -18"><span class='ocrx_word' id='word_1_4' title='bbox 199 377 232 426; x_wconf 87' lang='lat' dir='ltr'><strong>U·</strong></span> <span class='ocrx_word' id='word_1_5' title='bbox 245 375 274 426; x_wconf 83' lang='lat'><strong>0·</strong></span> <span class='ocrx_word' id='word_1_6' title='bbox 287 387 342 437; x_wconf 81' lang='lat'><strong>534·</strong></span> <span class='ocrx_word' id='word_1_7' title='bbox 361 378 395 430; x_wconf 88' lang='lat' dir='ltr'><strong>et</strong></span> <span class='ocrx_word' id='word_1_8' title='bbox 409 387 543 430; x_wconf 80' lang='lat' dir='ltr'><strong>examen</strong></span> <span class='ocrx_word' id='word_1_9' title='bbox 559 387 655 453; x_wconf 89' lang='lat' dir='ltr'><strong>apum</strong></span> <span class='ocrx_word' id='word_1_10' title='bbox 670 367 705 430; x_wconf 90' lang='lat' dir='ltr'><strong>in</strong></span> <span class='ocrx_word' id='word_1_11' title='bbox 719 368 829 433; x_wconf 89' lang='lat' dir='ltr'><strong>arbore</strong></span> <span class='ocrx_word' id='word_1_12' title='bbox 844 369 1002 456; x_wconf 87' lang='lat' dir='ltr'><strong>praetorio</strong></span> <span class='ocrx_word' id='word_1_13' title='bbox 1012 366 1200 430; x_wconf 82' lang='lat' dir='ltr'><strong>imminente</strong></span> <span class='ocrx_word' id='word_1_14' title='bbox 1212 360 1408 429; x_wconf 78' lang='lat' dir='ltr'><strong>consederat.</strong></span> 
     </span>
     <span class='ocr_line' id='line_1_3' title="bbox 197 441 1409 541; baseline -0.005 -25"><span class='ocrx_word' id='word_1_15' title='bbox 197 444 228 488; x_wconf 78' lang='lat' dir='ltr'><strong>A.</strong></span> <span class='ocrx_word' id='word_1_16' title='bbox 245 441 274 489; x_wconf 80' lang='lat'><strong>⁰·</strong></span> <span class='ocrx_word' id='word_1_17' title='bbox 287 441 341 488; x_wconf 81' lang='lat'>²¹⁸·</span> <span class='ocrx_word' id='word_1_18' title='bbox 364 451 490 526; x_wconf 81' lang='lat' dir='ltr'><strong>Quibus</strong></span> <span class='ocrx_word' id='word_1_19' title='bbox 510 453 694 539; x_wconf 78' lang='lat' dir='ltr'><strong>procuratis,</strong></span> <span class='ocrx_word' id='word_1_20' title='bbox 719 452 836 541; x_wconf 88' lang='lat' dir='ltr'><strong>Scipio,</strong></span> <span class='ocrx_word' id='word_1_21' title='bbox 859 477 932 519; x_wconf 93' lang='lat' dir='ltr'><strong>cum</strong></span> <span class='ocrx_word' id='word_1_22' title='bbox 955 454 1098 540; x_wconf 87' lang='lat' dir='ltr'><strong>equitatu</strong></span> <span class='ocrx_word' id='word_1_23' title='bbox 1120 449 1409 533; x_wconf 76' lang='lat' dir='ltr'><strong>iaculatoribusque</strong></span> 
     </span>
     <span class='ocr_line' id='line_1_4' title="bbox 360 536 1432 624; baseline -0.007 -22"><span class='ocrx_word' id='word_1_24' title='bbox 360 537 518 623; x_wconf 86' lang='lat' dir='ltr'><strong>expeditis</strong></span> <span class='ocrx_word' id='word_1_25' title='bbox 532 538 691 624; x_wconf 87' lang='lat' dir='ltr'><strong>profectus</strong></span> <span class='ocrx_word' id='word_1_26' title='bbox 705 539 746 604; x_wconf 88' lang='lat' dir='ltr'><strong>ad</strong></span> <span class='ocrx_word' id='word_1_27' title='bbox 761 554 861 605; x_wconf 88' lang='lat' dir='ltr'><strong>castra</strong></span> <span class='ocrx_word' id='word_1_28' title='bbox 874 541 1024 616; x_wconf 89' lang='lat' dir='ltr'><strong>hostium,</strong></span> <span class='ocrx_word' id='word_1_29' title='bbox 1040 560 1145 624; x_wconf 87' lang='lat' dir='ltr'><strong>exque</strong></span> <span class='ocrx_word' id='word_1_30' title='bbox 1183 559 1218 600; x_wconf 90' lang='lat' dir='ltr'><strong>ro</strong></span> <span class='ocrx_word' id='word_1_31' title='bbox 1240 536 1342 620; x_wconf 90' lang='lat' dir='ltr'><strong>inquo</strong></span> <span class='ocrx_word' id='word_1_32' title='bbox 1355 545 1432 597; x_wconf 66' lang='grc' dir='ltr'><strong>(ιο-6</strong></span> 
     </span>
     <span class='ocr_line' id='line_1_5' title="bbox 360 559 1412 772; baseline -0.005 -85"><span class='ocrx_word' id='word_1_33' title='bbox 360 624 437 772; x_wconf 69' lang='lat' dir='ltr'><strong>pias,</strong></span> <span class='ocrx_word' id='word_1_34' title='bbox 453 637 602 709; x_wconf 81' lang='lat' dir='ltr'><strong>quantae,</strong></span> <span class='ocrx_word' id='word_1_35' title='bbox 618 637 651 688; x_wconf 88' lang='lat' dir='ltr'><strong>et</strong></span> <span class='ocrx_word' id='word_1_36' title='bbox 672 625 763 689; x_wconf 90' lang='lat' dir='ltr'><strong>cuius</strong></span> <span class='ocrx_word' id='word_1_37' title='bbox 784 626 909 712; x_wconf 89' lang='lat' dir='ltr'><strong>generis</strong></span> <span class='ocrx_word' id='word_1_38' title='bbox 929 639 1043 702; x_wconf 82' lang='lat' dir='ltr'><strong>essent,</strong></span> <span class='ocrx_word' id='word_1_39' title='bbox 1136 559 1278 696; x_wconf 65' lang='lat' dir='ltr'><strong>alaudas</strong></span> <span class='ocrx_word' id='word_1_40' title='bbox 1297 619 1412 684; x_wconf 83' lang='lat' dir='ltr'><strong>obrius</strong></span> 
     </span>
    </p>
   </div>
   <div class='ocr_carea' id='block_1_3' title="bbox 360 703 1412 860">
    <p class='ocr_par' dir='ltr' id='par_1_3' title="bbox 360 703 1412 860">
     <span class='ocr_line' id='line_1_6' title="bbox 386 703 1412 797; baseline -0.005 -25"><span class='ocrx_word' id='word_1_41' title='bbox 386 723 398 773; x_wconf 89' lang='lat' dir='ltr'><strong>t</strong></span> <span class='ocrx_word' id='word_1_42' title='bbox 421 708 605 786; x_wconf 89' lang='lat' dir='ltr'><strong>Hannibali,</strong></span> <span class='ocrx_word' id='word_1_43' title='bbox 628 712 693 775; x_wconf 88' lang='lat' dir='ltr'><strong>eti</strong></span> <span class='ocrx_word' id='word_1_44' title='bbox 732 711 742 774; x_wconf 90' lang='lat' dir='ltr'><strong>i</strong></span> <span class='ocrx_word' id='word_1_45' title='bbox 766 733 840 775; x_wconf 90' lang='lat' dir='ltr'><strong>eum</strong></span> <span class='ocrx_word' id='word_1_46' title='bbox 864 711 1024 797; x_wconf 89' lang='lat' dir='ltr'><strong>equitibus</strong></span> <span class='ocrx_word' id='word_1_47' title='bbox 1110 703 1306 795; x_wconf 84' lang='lat' dir='ltr'><strong>exploranda</strong></span> <span class='ocrx_word' id='word_1_48' title='bbox 1327 705 1412 768; x_wconf 85' lang='lat' dir='ltr'><strong>cirea</strong></span> 
     </span>
     <span class='ocr_line' id='line_1_7' title="bbox 360 734 731 860; baseline 0.005 -2"><span class='ocrx_word' id='word_1_49' title='bbox 360 793 431 859; x_wconf 91' lang='lat' dir='ltr'><strong>loca</strong></span> <span class='ocrx_word' id='word_1_50' title='bbox 471 817 487 858; x_wconf 91' lang='lat' dir='ltr'><strong>r</strong></span> <span class='ocrx_word' id='word_1_51' title='bbox 544 818 612 860; x_wconf 86' lang='lat' dir='ltr'><strong>esso</strong></span> <span class='ocrx_word' id='word_1_52' title='bbox 668 734 731 860; x_wconf 75' lang='lat' dir='ltr'><strong>Nps</strong></span> 
     </span>
    </p>
   </div>
   <div class='ocr_carea' id='block_1_4' title="bbox 199 791 1435 3629">
    <p class='ocr_par' dir='ltr' id='par_1_4' title="bbox 362 791 1413 1202">
     <span class='ocr_line' id='line_1_8' title="bbox 612 791 1412 884; baseline -0.01 -24"><span class='ocrx_word' id='word_1_53' title='bbox 612 845 621 860; x_wconf 92' lang='lat'><strong>.</strong></span> <span class='ocrx_word' id='word_1_54' title='bbox 702 798 784 862; x_wconf 88' lang='lat' dir='ltr'><strong>eutri</strong></span> <span class='ocrx_word' id='word_1_55' title='bbox 805 797 919 862; x_wconf 86' lang='lat' dir='ltr'><strong>alteros</strong></span> <span class='ocrx_word' id='word_1_56' title='bbox 940 797 1043 884; x_wconf 89' lang='lat' dir='ltr'><strong>primo</strong></span> <span class='ocrx_word' id='word_1_57' title='bbox 1066 794 1254 860; x_wconf 82' lang='lat' dir='ltr'><strong>cernebant:</strong></span> <span class='ocrx_word' id='word_1_58' title='bbox 1281 791 1412 854; x_wconf 85' lang='lat' dir='ltr'><strong>densior</strong></span> 
     </span>
     <span class='ocr_line' id='line_1_9' title="bbox 362 876 1412 967; baseline -0.006 -23"><span class='ocrx_word' id='word_1_59' title='bbox 362 881 437 945; x_wconf 92' lang='lat' dir='ltr'><strong>dein</strong></span> <span class='ocrx_word' id='word_1_60' title='bbox 461 903 479 945; x_wconf 90' lang='lat' dir='ltr'><strong>e</strong></span> <span class='ocrx_word' id='word_1_61' title='bbox 509 903 634 947; x_wconf 77' lang='lat' dir='ltr'><strong>incessu</strong></span> <span class='ocrx_word' id='word_1_62' title='bbox 663 895 711 946; x_wconf 94' lang='lat' dir='ltr'><strong>tot</strong></span> <span class='ocrx_word' id='word_1_63' title='bbox 740 882 906 947; x_wconf 87' lang='lat' dir='ltr'><strong>hominum</strong></span> <span class='ocrx_word' id='word_1_64' title='bbox 932 906 949 946; x_wconf 92' lang='lat' dir='ltr'><strong>e</strong></span> <span class='ocrx_word' id='word_1_65' title='bbox 975 903 1150 967; x_wconf 76' lang='lat' dir='ltr'><strong>uotumque</strong></span> <span class='ocrx_word' id='word_1_66' title='bbox 1177 880 1283 944; x_wconf 90' lang='lat' dir='ltr'><strong>oriens</strong></span> <span class='ocrx_word' id='word_1_67' title='bbox 1305 876 1412 964; x_wconf 88' lang='lat' dir='ltr'><strong>pulvis</strong></span> 
     </span>
     <span class='ocr_line' id='line_1_10' title="bbox 362 965 1410 1054; baseline -0.005 -24"><span class='ocrx_word' id='word_1_68' title='bbox 362 967 489 1054; x_wconf 89' lang='lat' dir='ltr'><strong>signum</strong></span> <span class='ocrx_word' id='word_1_69' title='bbox 503 969 616 1054; x_wconf 88' lang='lat' dir='ltr'><strong>propin</strong></span> <span class='ocrx_word' id='word_1_70' title='bbox 640 969 785 1032; x_wconf 88' lang='lat' dir='ltr'><strong>nantium</strong></span> <span class='ocrx_word' id='word_1_71' title='bbox 798 969 938 1034; x_wconf 90' lang='lat' dir='ltr'><strong>hostium</strong></span> <span class='ocrx_word' id='word_1_72' title='bbox 989 968 1021 1032; x_wconf 79' lang='lat' dir='ltr'><strong>it.</strong></span> <span class='ocrx_word' id='word_1_73' title='bbox 1067 965 1221 1030; x_wconf 84' lang='lat' dir='ltr'><strong>Constitit</strong></span> <span class='ocrx_word' id='word_1_74' title='bbox 1236 977 1410 1048; x_wconf 89' lang='lat' dir='ltr'><strong>utrumque</strong></span> 
     </span>
     <span class='ocr_line' id='line_1_11' title="bbox 363 1049 1413 1202; baseline -0.006 -85"><span class='ocrx_word' id='word_1_75' title='bbox 363 1076 487 1202; x_wconf 56' lang='lat' dir='ltr'><strong>qgmen,</strong></span> <span class='ocrx_word' id='word_1_76' title='bbox 503 1066 536 1117; x_wconf 90' lang='lat' dir='ltr'><strong>et</strong></span> <span class='ocrx_word' id='word_1_77' title='bbox 552 1077 628 1152; x_wconf 90' lang='lat' dir='ltr'><strong>proe</strong></span> <span class='ocrx_word' id='word_1_78' title='bbox 643 1054 674 1118; x_wconf 87' lang='lat' dir='ltr'><strong>&#39;o</strong></span> <span class='ocrx_word' id='word_1_79' title='bbox 688 1077 755 1119; x_wconf 89' lang='lat' dir='ltr'><strong>sese</strong></span> <span class='ocrx_word' id='word_1_80' title='bbox 770 1054 992 1140; x_wconf 80' lang='lat' dir='ltr'><strong>expediebant.</strong></span> <span class='ocrx_word' id='word_1_81' title='bbox 1040 1052 1146 1138; x_wconf 85' lang='lat' dir='ltr'><strong>Scipio</strong></span> <span class='ocrx_word' id='word_1_82' title='bbox 1168 1049 1357 1116; x_wconf 85' lang='lat' dir='ltr'><strong>iaculatores</strong></span> <span class='ocrx_word' id='word_1_83' title='bbox 1377 1059 1413 1111; x_wconf 86' lang='lat' dir='ltr'><strong>et</strong></span> 
     </span>
    </p>

    <p class='ocr_par' dir='ltr' id='par_1_5' title="bbox 199 1133 1435 3629">
     <span class='ocr_line' id='line_1_12' title="bbox 270 1133 1412 1225; baseline -0.005 -23"><span class='ocrx_word' id='word_1_84' title='bbox 270 1165 273 1172; x_wconf 62' lang='grc'><em>’</em></span> <span class='ocrx_word' id='word_1_85' title='bbox 398 1139 475 1203; x_wconf 87' lang='lat' dir='ltr'><strong>allos</strong></span> <span class='ocrx_word' id='word_1_86' title='bbox 490 1153 613 1225; x_wconf 79' lang='lat' dir='ltr'><strong>equites</strong></span> <span class='ocrx_word' id='word_1_87' title='bbox 624 1140 659 1202; x_wconf 93' lang='lat' dir='ltr'><strong>in</strong></span> <span class='ocrx_word' id='word_1_88' title='bbox 669 1139 773 1204; x_wconf 79' lang='lat' dir='ltr'><strong>fionte</strong></span> <span class='ocrx_word' id='word_1_89' title='bbox 788 1140 885 1217; x_wconf 81' lang='lat' dir='ltr'><strong>locat3</strong></span> <span class='ocrx_word' id='word_1_90' title='bbox 906 1140 1078 1215; x_wconf 88' lang='lat' dir='ltr'><strong>Romanos,</strong></span> <span class='ocrx_word' id='word_1_91' title='bbox 1090 1138 1312 1221; x_wconf 87' lang='lat' dir='ltr'><strong>sociorumque</strong></span> <span class='ocrx_word' id='word_1_92' title='bbox 1322 1133 1412 1220; x_wconf 92' lang='lat' dir='ltr'><strong>quod</strong></span> 
     </span>
     <span class='ocr_line' id='line_1_13' title="bbox 363 1220 1412 1308; baseline -0.006 -20"><span class='ocrx_word' id='word_1_93' title='bbox 363 1225 483 1289; x_wconf 89' lang='lat' dir='ltr'><strong>roboris</strong></span> <span class='ocrx_word' id='word_1_94' title='bbox 497 1225 566 1300; x_wconf 79' lang='lat' dir='ltr'><strong>fuit,</strong></span> <span class='ocrx_word' id='word_1_95' title='bbox 582 1226 617 1290; x_wconf 93' lang='lat' dir='ltr'><strong>in</strong></span> <span class='ocrx_word' id='word_1_96' title='bbox 631 1226 787 1291; x_wconf 86' lang='lat' dir='ltr'><strong>subsidiis.</strong></span> <span class='ocrx_word' id='word_1_97' title='bbox 825 1225 988 1291; x_wconf 78' lang='lat' dir='ltr'><strong>Hannibal</strong></span> <span class='ocrx_word' id='word_1_98' title='bbox 1002 1226 1139 1289; x_wconf 85' lang='lat' dir='ltr'><strong>frenatos</strong></span> <span class='ocrx_word' id='word_1_99' title='bbox 1154 1222 1278 1308; x_wconf 87' lang='lat' dir='ltr'><strong>equites</strong></span> <span class='ocrx_word' id='word_1_100' title='bbox 1294 1220 1329 1284; x_wconf 91' lang='lat' dir='ltr'><strong>in</strong></span> <span class='ocrx_word' id='word_1_101' title='bbox 1344 1242 1412 1283; x_wconf 91' lang='lat' dir='ltr'><strong>me·</strong></span> 
     </span>
     <span class='ocr_line' id='line_1_14' title="bbox 201 1306 1412 1398; baseline -0.002 -27"><span class='ocrx_word' id='word_1_102' title='bbox 201 1308 303 1384; x_wconf 36' lang='lat' dir='ltr'><strong>Pugna·</strong></span> <span class='ocrx_word' id='word_1_103' title='bbox 363 1310 453 1375; x_wconf 90' lang='lat' dir='ltr'><strong>dium</strong></span> <span class='ocrx_word' id='word_1_104' title='bbox 477 1311 600 1398; x_wconf 82' lang='lat' dir='ltr'><strong>accipit,</strong></span> <span class='ocrx_word' id='word_1_105' title='bbox 625 1334 744 1376; x_wconf 89' lang='lat' dir='ltr'><strong>cornua</strong></span> <span class='ocrx_word' id='word_1_106' title='bbox 766 1311 918 1377; x_wconf 90' lang='lat' dir='ltr'><strong>Numidis</strong></span> <span class='ocrx_word' id='word_1_107' title='bbox 943 1312 1056 1376; x_wconf 79' lang='lat' dir='ltr'><strong>firmat.</strong></span> <span class='ocrx_word' id='word_1_108' title='bbox 1102 1308 1247 1372; x_wconf 84' lang='lat' dir='ltr'><strong>Vixdum</strong></span> <span class='ocrx_word' id='word_1_109' title='bbox 1271 1306 1412 1372; x_wconf 90' lang='lat' dir='ltr'><strong>clamore</strong></span> 
     </span>
     <span class='ocr_line' id='line_1_15' title="bbox 199 1375 1411 1492; baseline -0.003 -32"><span class='ocrx_word' id='word_1_110' title='bbox 199 1375 355 1488; x_wconf 39' lang='lat' dir='ltr'><strong>fsffiffl&#39;ffi</strong></span> <span class='ocrx_word' id='word_1_111' title='bbox 363 1396 497 1474; x_wconf 86' lang='lat' dir='ltr'><strong>sublato,</strong></span> <span class='ocrx_word' id='word_1_112' title='bbox 513 1396 698 1462; x_wconf 87' lang='lat' dir='ltr'><strong>iaculatores</strong></span> <span class='ocrx_word' id='word_1_113' title='bbox 711 1398 862 1485; x_wconf 79' lang='lat' dir='ltr'><strong>fugerunt</strong></span> <span class='ocrx_word' id='word_1_114' title='bbox 876 1399 960 1464; x_wconf 93' lang='lat' dir='ltr'><strong>inter</strong></span> <span class='ocrx_word' id='word_1_115' title='bbox 973 1396 1121 1462; x_wconf 87' lang='lat' dir='ltr'><strong>subsidia.</strong></span> <span class='ocrx_word' id='word_1_116' title='bbox 1165 1393 1221 1492; x_wconf 81' lang='lat' dir='ltr'><strong>Ad</strong></span> <span class='ocrx_word' id='word_1_117' title='bbox 1236 1391 1411 1458; x_wconf 84' lang='lat' dir='ltr'><strong>secundam</strong></span> 
     </span>
     <span class='ocr_line' id='line_1_16' title="bbox 363 1480 1409 1570; baseline -0.008 -22"><span class='ocrx_word' id='word_1_118' title='bbox 363 1483 464 1548; x_wconf 89' lang='lat' dir='ltr'><strong>aciem</strong></span> <span class='ocrx_word' id='word_1_119' title='bbox 493 1483 568 1548; x_wconf 92' lang='lat' dir='ltr'><strong>inde</strong></span> <span class='ocrx_word' id='word_1_120' title='bbox 594 1484 741 1570; x_wconf 92' lang='lat' dir='ltr'><strong>equitum</strong></span> <span class='ocrx_word' id='word_1_121' title='bbox 766 1497 928 1549; x_wconf 89' lang='lat' dir='ltr'><strong>certamen</strong></span> <span class='ocrx_word' id='word_1_122' title='bbox 953 1496 1021 1548; x_wconf 87' lang='lat' dir='ltr'><strong>erat</strong></span> <span class='ocrx_word' id='word_1_123' title='bbox 1050 1480 1245 1568; x_wconf 80' lang='lat' dir='ltr'><strong>aliquamdiu</strong></span> <span class='ocrx_word' id='word_1_124' title='bbox 1273 1500 1409 1564; x_wconf 87' lang='lat' dir='ltr'><strong>anceps:</strong></span> 
     </span>
     <span class='ocr_line' id='line_1_17' title="bbox 363 1563 1413 1657; baseline -0.006 -25"><span class='ocrx_word' id='word_1_125' title='bbox 363 1569 450 1646; x_wconf 91' lang='lat' dir='ltr'><strong>dein,</strong></span> <span class='ocrx_word' id='word_1_126' title='bbox 461 1569 537 1654; x_wconf 91' lang='lat' dir='ltr'><strong>quia</strong></span> <span class='ocrx_word' id='word_1_127' title='bbox 550 1570 721 1634; x_wconf 82' lang='lat' dir='ltr'><strong>turbabant</strong></span> <span class='ocrx_word' id='word_1_128' title='bbox 730 1593 829 1656; x_wconf 90' lang='lat' dir='ltr'><strong>equos</strong></span> <span class='ocrx_word' id='word_1_129' title='bbox 843 1571 967 1657; x_wconf 87' lang='lat' dir='ltr'><strong>pedites</strong></span> <span class='ocrx_word' id='word_1_130' title='bbox 981 1567 1166 1643; x_wconf 85' lang='lat' dir='ltr'><strong>intermixti,</strong></span> <span class='ocrx_word' id='word_1_131' title='bbox 1179 1563 1287 1630; x_wconf 90' lang='lat' dir='ltr'><strong>multis</strong></span> <span class='ocrx_word' id='word_1_132' title='bbox 1301 1564 1413 1630; x_wconf 85' lang='lat' dir='ltr'><strong>laben·</strong></span> 
     </span>
     <span class='ocr_line' id='line_1_18' title="bbox 363 1651 1413 1742; baseline -0.004 -24"><span class='ocrx_word' id='word_1_133' title='bbox 363 1654 447 1718; x_wconf 90' lang='lat' dir='ltr'><strong>tibus</strong></span> <span class='ocrx_word' id='word_1_134' title='bbox 469 1677 510 1718; x_wconf 88' lang='lat' dir='ltr'><strong>ex</strong></span> <span class='ocrx_word' id='word_1_135' title='bbox 532 1656 632 1742; x_wconf 88' lang='lat' dir='ltr'><strong>equis,</strong></span> <span class='ocrx_word' id='word_1_136' title='bbox 654 1669 711 1720; x_wconf 89' lang='lat' dir='ltr'><strong>aut</strong></span> <span class='ocrx_word' id='word_1_137' title='bbox 731 1655 958 1732; x_wconf 81' lang='lat' dir='ltr'><strong>desilienn&#39;bus,</strong></span> <span class='ocrx_word' id='word_1_138' title='bbox 977 1655 1033 1719; x_wconf 92' lang='lat' dir='ltr'><strong>ubi</strong></span> <span class='ocrx_word' id='word_1_139' title='bbox 1055 1677 1127 1718; x_wconf 88' lang='lat' dir='ltr'><strong>suos</strong></span> <span class='ocrx_word' id='word_1_140' title='bbox 1150 1651 1253 1738; x_wconf 90' lang='lat' dir='ltr'><strong>premi</strong></span> <span class='ocrx_word' id='word_1_141' title='bbox 1274 1651 1413 1716; x_wconf 89' lang='lat' dir='ltr'><strong>circum-</strong></span> 
     </span>
     <span class='ocr_line' id='line_1_19' title="bbox 362 1739 1413 1829; baseline -0.004 -25"><span class='ocrx_word' id='word_1_142' title='bbox 362 1751 474 1804; x_wconf 90' lang='lat' dir='ltr'><strong>ventos</strong></span> <span class='ocrx_word' id='word_1_143' title='bbox 489 1740 651 1818; x_wconf 88' lang='lat' dir='ltr'><strong>vidissent,</strong></span> <span class='ocrx_word' id='word_1_144' title='bbox 667 1742 730 1806; x_wconf 88' lang='lat' dir='ltr'><strong>iam</strong></span> <span class='ocrx_word' id='word_1_145' title='bbox 745 1764 861 1829; x_wconf 85' lang='lat' dir='ltr'><strong>magna</strong></span> <span class='ocrx_word' id='word_1_146' title='bbox 880 1765 921 1806; x_wconf 90' lang='lat' dir='ltr'><strong>ex</strong></span> <span class='ocrx_word' id='word_1_147' title='bbox 940 1753 1029 1828; x_wconf 88' lang='lat' dir='ltr'><strong>parte</strong></span> <span class='ocrx_word' id='word_1_148' title='bbox 1052 1739 1094 1804; x_wconf 90' lang='lat' dir='ltr'><strong>ad</strong></span> <span class='ocrx_word' id='word_1_149' title='bbox 1114 1739 1212 1826; x_wconf 89' lang='lat' dir='ltr'><strong>pedes</strong></span> <span class='ocrx_word' id='word_1_150' title='bbox 1233 1759 1345 1824; x_wconf 87' lang='lat' dir='ltr'><strong>pugna</strong></span> <span class='ocrx_word' id='word_1_151' title='bbox 1358 1759 1413 1800; x_wconf 84' lang='lat' dir='ltr'><strong>ve-</strong></span> 
     </span>
     <span class='ocr_line' id='line_1_20' title="bbox 363 1824 1413 1914; baseline -0.002 -26"><span class='ocrx_word' id='word_1_152' title='bbox 363 1839 471 1890; x_wconf 89' lang='lat' dir='ltr'><strong>nerat:</strong></span> <span class='ocrx_word' id='word_1_153' title='bbox 496 1825 598 1890; x_wconf 90' lang='lat' dir='ltr'><strong>donec</strong></span> <span class='ocrx_word' id='word_1_154' title='bbox 614 1825 786 1905; x_wconf 87' lang='lat' dir='ltr'><strong>Numidae,</strong></span> <span class='ocrx_word' id='word_1_155' title='bbox 802 1828 858 1914; x_wconf 91' lang='lat' dir='ltr'><strong>qui</strong></span> <span class='ocrx_word' id='word_1_156' title='bbox 878 1829 913 1891; x_wconf 90' lang='lat' dir='ltr'><strong>in</strong></span> <span class='ocrx_word' id='word_1_157' title='bbox 930 1827 1078 1892; x_wconf 87' lang='lat' dir='ltr'><strong>cornibus</strong></span> <span class='ocrx_word' id='word_1_158' title='bbox 1092 1837 1191 1901; x_wconf 83' lang='lat' dir='ltr'><strong>erant,</strong></span> <span class='ocrx_word' id='word_1_159' title='bbox 1207 1824 1413 1889; x_wconf 88' lang='lat' dir='ltr'><strong>circumvecti</strong></span> 
     </span>
     <span class='ocr_line' id='line_1_21' title="bbox 200 1908 1414 2001; baseline -0.004 -24"><span class='ocrx_word' id='word_1_160' title='bbox 200 1912 286 1988; x_wconf 67' lang='lat' dir='ltr'><strong>vineit</strong></span> <span class='ocrx_word' id='word_1_161' title='bbox 365 1911 550 1998; x_wconf 89' lang='lat' dir='ltr'><strong>paullulum,</strong></span> <span class='ocrx_word' id='word_1_162' title='bbox 566 1913 606 1977; x_wconf 89' lang='lat' dir='ltr'><strong>ab</strong></span> <span class='ocrx_word' id='word_1_163' title='bbox 621 1923 709 2001; x_wconf 87' lang='lat' dir='ltr'><strong>tergo</strong></span> <span class='ocrx_word' id='word_1_164' title='bbox 724 1936 757 1978; x_wconf 88' lang='lat' dir='ltr'><strong>se</strong></span> <span class='ocrx_word' id='word_1_165' title='bbox 773 1913 989 1978; x_wconf 87' lang='lat' dir='ltr'><strong>ostenderunt.</strong></span> <span class='ocrx_word' id='word_1_166' title='bbox 1004 1971 1008 1978; x_wconf 87' lang='lat'><strong>.</strong></span> <span class='ocrx_word' id='word_1_167' title='bbox 1024 1911 1068 1976; x_wconf 82' lang='lat' dir='ltr'><strong>&#39;Is</strong></span> <span class='ocrx_word' id='word_1_168' title='bbox 1081 1933 1179 1998; x_wconf 87' lang='lat' dir='ltr'><strong>pavor</strong></span> <span class='ocrx_word' id='word_1_169' title='bbox 1192 1908 1329 1997; x_wconf 89' lang='lat' dir='ltr'><strong>perculit</strong></span> <span class='ocrx_word' id='word_1_170' title='bbox 1344 1908 1414 1972; x_wconf 88' lang='lat' dir='ltr'><strong>Ro-</strong></span> 
     </span>
     <span class='ocr_line' id='line_1_22' title="bbox 200 1976 1413 2091; baseline -0.003 -29"><span class='ocrx_word' id='word_1_171' title='bbox 200 1976 347 2091; x_wconf 43' lang='lat' dir='ltr'><strong>ledanffi&#39;o</strong></span> <span class='ocrx_word' id='word_1_172' title='bbox 364 2019 482 2075; x_wconf 89' lang='lat' dir='ltr'><strong>manos,</strong></span> <span class='ocrx_word' id='word_1_173' title='bbox 507 1999 660 2085; x_wconf 85' lang='lat' dir='ltr'><strong>auxitque</strong></span> <span class='ocrx_word' id='word_1_174' title='bbox 685 2021 835 2086; x_wconf 88' lang='lat' dir='ltr'><strong>pavorem</strong></span> <span class='ocrx_word' id='word_1_175' title='bbox 860 1999 998 2064; x_wconf 87' lang='lat' dir='ltr'><strong>consulis</strong></span> <span class='ocrx_word' id='word_1_176' title='bbox 1021 1998 1144 2074; x_wconf 87' lang='lat' dir='ltr'><strong>vulnus,</strong></span> <span class='ocrx_word' id='word_1_177' title='bbox 1167 1995 1345 2083; x_wconf 89' lang='lat' dir='ltr'><strong>periculum</strong></span> <span class='ocrx_word' id='word_1_178' title='bbox 1370 2017 1413 2058; x_wconf 89' lang='lat' dir='ltr'><strong>ue</strong></span> 
     </span>
     <span class='ocr_line' id='line_1_23' title="bbox 199 2018 1435 2173; baseline -0.004 -24"><span class='ocrx_word' id='word_1_179' title='bbox 199 2109 315 2155; x_wconf 60' lang='lat' dir='ltr'><strong>temtus,</strong></span> <span class='ocrx_word' id='word_1_180' title='bbox 363 2084 541 2149; x_wconf 89' lang='lat' dir='ltr'><strong>intercursu</strong></span> <span class='ocrx_word' id='word_1_181' title='bbox 556 2097 624 2148; x_wconf 91' lang='lat' dir='ltr'><strong>tum</strong></span> <span class='ocrx_word' id='word_1_182' title='bbox 639 2087 777 2172; x_wconf 90' lang='lat' dir='ltr'><strong>primum</strong></span> <span class='ocrx_word' id='word_1_183' title='bbox 792 2085 993 2173; x_wconf 82' lang='lat' dir='ltr'><strong>pubescentis</strong></span> <span class='ocrx_word' id='word_1_184' title='bbox 1008 2084 1066 2148; x_wconf 87' lang='lat' dir='ltr'><strong>filii</strong></span> <span class='ocrx_word' id='word_1_185' title='bbox 1081 2081 1307 2170; x_wconf 86' lang='lat' dir='ltr'><strong>propulsatum.</strong></span> <span class='ocrx_word' id='word_1_186' title='bbox 1346 2018 1435 2146; x_wconf 62' lang='lat' dir='ltr'><strong>bier</strong></span> 
     </span>
     <span class='ocr_line' id='line_1_24' title="bbox 362 2167 1413 2258; baseline -0.004 -23"><span class='ocrx_word' id='word_1_187' title='bbox 362 2171 424 2235; x_wconf 89' lang='lat' dir='ltr'><strong>erit</strong></span> <span class='ocrx_word' id='word_1_188' title='bbox 449 2171 581 2248; x_wconf 90' lang='lat' dir='ltr'><strong>iuvenis,</strong></span> <span class='ocrx_word' id='word_1_189' title='bbox 606 2193 705 2258; x_wconf 89' lang='lat' dir='ltr'><strong>penes</strong></span> <span class='ocrx_word' id='word_1_190' title='bbox 728 2193 825 2257; x_wconf 92' lang='lat' dir='ltr'><strong>quem</strong></span> <span class='ocrx_word' id='word_1_191' title='bbox 848 2171 979 2258; x_wconf 86' lang='lat' dir='ltr'><strong>perfecti</strong></span> <span class='ocrx_word' id='word_1_192' title='bbox 1004 2170 1135 2242; x_wconf 88' lang='lat' dir='ltr'><strong>huiusce</strong></span> <span class='ocrx_word' id='word_1_193' title='bbox 1159 2168 1234 2232; x_wconf 92' lang='lat' dir='ltr'><strong>belli</strong></span> <span class='ocrx_word' id='word_1_194' title='bbox 1257 2167 1327 2232; x_wconf 89' lang='lat' dir='ltr'><strong>laus</strong></span> <span class='ocrx_word' id='word_1_195' title='bbox 1352 2179 1413 2244; x_wconf 87' lang='lat' dir='ltr'><strong>est,</strong></span> 
     </span>
     <span class='ocr_line' id='line_1_25' title="bbox 364 2253 1413 2345; baseline -0.004 -25"><span class='ocrx_word' id='word_1_196' title='bbox 364 2257 534 2322; x_wconf 87' lang='lat' dir='ltr'><strong>Africanus</strong></span> <span class='ocrx_word' id='word_1_197' title='bbox 556 2258 597 2322; x_wconf 93' lang='lat' dir='ltr'><strong>ob</strong></span> <span class='ocrx_word' id='word_1_198' title='bbox 619 2258 778 2345; x_wconf 81' lang='lat' dir='ltr'><strong>egregiam</strong></span> <span class='ocrx_word' id='word_1_199' title='bbox 797 2258 960 2322; x_wconf 86' lang='lat' dir='ltr'><strong>victoriam</strong></span> <span class='ocrx_word' id='word_1_200' title='bbox 975 2256 1016 2320; x_wconf 92' lang='lat' dir='ltr'><strong>de</strong></span> <span class='ocrx_word' id='word_1_201' title='bbox 1033 2253 1214 2319; x_wconf 91' lang='lat' dir='ltr'><strong>Hannibale</strong></span> <span class='ocrx_word' id='word_1_202' title='bbox 1229 2253 1413 2340; x_wconf 88' lang='lat' dir='ltr'><strong>Poenisque</strong></span> 
     </span>
     <span class='ocr_line' id='line_1_26' title="bbox 364 2339 1413 2429; baseline -0.005 -22"><span class='ocrx_word' id='word_1_203' title='bbox 364 2343 547 2429; x_wconf 83' lang='lat' dir='ltr'><strong>appellatus</strong></span> <span class='ocrx_word' id='word_1_204' title='bbox 594 2343 683 2429; x_wconf 88' lang='lat' dir='ltr'><strong>Fuga</strong></span> <span class='ocrx_word' id='word_1_205' title='bbox 701 2357 816 2408; x_wconf 89' lang='lat' dir='ltr'><strong>tamen</strong></span> <span class='ocrx_word' id='word_1_206' title='bbox 829 2344 929 2408; x_wconf 88' lang='lat' dir='ltr'><strong>effusa</strong></span> <span class='ocrx_word' id='word_1_207' title='bbox 949 2341 1157 2407; x_wconf 91' lang='lat' dir='ltr'><strong>iaculatorum</strong></span> <span class='ocrx_word' id='word_1_208' title='bbox 1179 2339 1318 2404; x_wconf 85' lang='lat' dir='ltr'><strong>maxime</strong></span> <span class='ocrx_word' id='word_1_209' title='bbox 1340 2339 1413 2416; x_wconf 83' lang='lat' dir='ltr'><strong>fuit,</strong></span> 
     </span>
     <span class='ocr_line' id='line_1_27' title="bbox 364 2426 1415 2514; baseline -0.001 -24"><span class='ocrx_word' id='word_1_210' title='bbox 364 2449 444 2514; x_wconf 93' lang='lat' dir='ltr'><strong>quos</strong></span> <span class='ocrx_word' id='word_1_211' title='bbox 459 2429 577 2513; x_wconf 78' lang='lat' dir='ltr'><strong>primos</strong></span> <span class='ocrx_word' id='word_1_212' title='bbox 589 2427 750 2492; x_wconf 90' lang='lat' dir='ltr'><strong>Numidae</strong></span> <span class='ocrx_word' id='word_1_213' title='bbox 766 2429 957 2493; x_wconf 88' lang='lat' dir='ltr'><strong>invaserunt.</strong></span> <span class='ocrx_word' id='word_1_214' title='bbox 1003 2426 1098 2492; x_wconf 90' lang='lat' dir='ltr'><strong>Alius</strong></span> <span class='ocrx_word' id='word_1_215' title='bbox 1112 2427 1273 2490; x_wconf 84' lang='lat' dir='ltr'><strong>confertus</strong></span> <span class='ocrx_word' id='word_1_216' title='bbox 1287 2426 1415 2512; x_wconf 90' lang='lat' dir='ltr'><strong>equita-</strong></span> 
     </span>
     <span class='ocr_line' id='line_1_28' title="bbox 365 2511 1414 2601; baseline -0.001 -24"><span class='ocrx_word' id='word_1_217' title='bbox 365 2526 415 2577; x_wconf 87' lang='lat' dir='ltr'><strong>tus</strong></span> <span class='ocrx_word' id='word_1_218' title='bbox 437 2513 599 2578; x_wconf 90' lang='lat' dir='ltr'><strong>consulem</strong></span> <span class='ocrx_word' id='word_1_219' title='bbox 621 2513 656 2576; x_wconf 92' lang='lat' dir='ltr'><strong>in</strong></span> <span class='ocrx_word' id='word_1_220' title='bbox 678 2514 820 2578; x_wconf 91' lang='lat' dir='ltr'><strong>medium</strong></span> <span class='ocrx_word' id='word_1_221' title='bbox 840 2526 1016 2601; x_wconf 88' lang='lat' dir='ltr'><strong>acceptum,</strong></span> <span class='ocrx_word' id='word_1_222' title='bbox 1034 2535 1099 2578; x_wconf 90' lang='lat' dir='ltr'><strong>non</strong></span> <span class='ocrx_word' id='word_1_223' title='bbox 1120 2512 1214 2576; x_wconf 87' lang='lat' dir='ltr'><strong>armis</strong></span> <span class='ocrx_word' id='word_1_224' title='bbox 1232 2511 1340 2589; x_wconf 89' lang='lat' dir='ltr'><strong>modo,</strong></span> <span class='ocrx_word' id='word_1_225' title='bbox 1355 2511 1414 2576; x_wconf 90' lang='lat' dir='ltr'><strong>scd</strong></span> 
     </span>
     <span class='ocr_line' id='line_1_29' title="bbox 363 2598 1411 2687; baseline 0 -25"><span class='ocrx_word' id='word_1_226' title='bbox 363 2599 460 2663; x_wconf 89' lang='lat' dir='ltr'><strong>etiam</strong></span> <span class='ocrx_word' id='word_1_227' title='bbox 479 2598 662 2685; x_wconf 88' lang='lat' dir='ltr'><strong>corporibus</strong></span> <span class='ocrx_word' id='word_1_228' title='bbox 682 2599 755 2676; x_wconf 91' lang='lat' dir='ltr'><strong>suis,</strong></span> <span class='ocrx_word' id='word_1_229' title='bbox 778 2612 957 2687; x_wconf 89' lang='lat' dir='ltr'><strong>protegens,</strong></span> <span class='ocrx_word' id='word_1_230' title='bbox 981 2600 1016 2663; x_wconf 90' lang='lat' dir='ltr'><strong>in</strong></span> <span class='ocrx_word' id='word_1_231' title='bbox 1035 2615 1146 2674; x_wconf 73' lang='lat' dir='ltr'><strong>casua</strong></span> <span class='ocrx_word' id='word_1_232' title='bbox 1169 2619 1326 2684; x_wconf 90' lang='lat' dir='ltr'><strong>nusquam</strong></span> <span class='ocrx_word' id='word_1_233' title='bbox 1350 2611 1411 2662; x_wconf 87' lang='lat' dir='ltr'><strong>tre-</strong></span> 
     </span>
     <span class='ocr_line' id='line_1_30' title="bbox 363 2683 1414 2771; baseline 0.001 -24"><span class='ocrx_word' id='word_1_234' title='bbox 363 2683 438 2771; x_wconf 90' lang='lat' dir='ltr'><strong>pide</strong></span> <span class='ocrx_word' id='word_1_235' title='bbox 456 2707 497 2749; x_wconf 91' lang='lat' dir='ltr'><strong>ne</strong></span> <span class='ocrx_word' id='word_1_236' title='bbox 520 2707 562 2748; x_wconf 93' lang='lat' dir='ltr'><strong>ue</strong></span> <span class='ocrx_word' id='word_1_237' title='bbox 580 2685 678 2748; x_wconf 86' lang='lat' dir='ltr'><strong>effuse</strong></span> <span class='ocrx_word' id='word_1_238' title='bbox 699 2686 853 2762; x_wconf 91' lang='lat' dir='ltr'><strong>cedendo,</strong></span> <span class='ocrx_word' id='word_1_239' title='bbox 870 2685 1006 2750; x_wconf 85' lang='lat' dir='ltr'><strong>reduxit.</strong></span> <span class='ocrx_word' id='word_1_240' title='bbox 1055 2684 1177 2750; x_wconf 85' lang='lat' dir='ltr'><strong>Servati</strong></span> <span class='ocrx_word' id='word_1_241' title='bbox 1199 2683 1337 2748; x_wconf 79' lang='lat' dir='ltr'><strong>consulis</strong></span> <span class='ocrx_word' id='word_1_242' title='bbox 1356 2684 1414 2748; x_wconf 90' lang='lat' dir='ltr'><strong>de·</strong></span> 
     </span>
     <span class='ocr_line' id='line_1_31' title="bbox 363 2707 1414 2858; baseline 0 -24"><span class='ocrx_word' id='word_1_243' title='bbox 363 2791 419 2834; x_wconf 91' lang='lat' dir='ltr'><strong>cus</strong></span> <span class='ocrx_word' id='word_1_244' title='bbox 436 2707 567 2834; x_wconf 74' lang='lat' dir='ltr'><strong>Coelius</strong></span> <span class='ocrx_word' id='word_1_245' title='bbox 588 2770 630 2834; x_wconf 93' lang='lat' dir='ltr'><strong>ad</strong></span> <span class='ocrx_word' id='word_1_246' title='bbox 651 2793 777 2835; x_wconf 86' lang='lat' dir='ltr'><strong>servum</strong></span> <span class='ocrx_word' id='word_1_247' title='bbox 798 2773 928 2836; x_wconf 89' lang='lat' dir='ltr'><strong>natione</strong></span> <span class='ocrx_word' id='word_1_248' title='bbox 943 2770 1098 2858; x_wconf 81' lang='lat' dir='ltr'><strong>Ligurem</strong></span> <span class='ocrx_word' id='word_1_249' title='bbox 1115 2769 1249 2856; x_wconf 78' lang='lat' dir='ltr'><strong>delegat.</strong></span> <span class='ocrx_word' id='word_1_250' title='bbox 1296 2768 1414 2834; x_wconf 88' lang='lat' dir='ltr'><strong>Malim</strong></span> 
     </span>
     <span class='ocr_line' id='line_1_32' title="bbox 363 2855 1414 2943; baseline 0 -23"><span class='ocrx_word' id='word_1_251' title='bbox 363 2855 514 2942; x_wconf 90' lang='lat' dir='ltr'><strong>equidem</strong></span> <span class='ocrx_word' id='word_1_252' title='bbox 528 2855 569 2920; x_wconf 93' lang='lat' dir='ltr'><strong>de</strong></span> <span class='ocrx_word' id='word_1_253' title='bbox 584 2855 651 2919; x_wconf 87' lang='lat' dir='ltr'><strong>filio</strong></span> <span class='ocrx_word' id='word_1_254' title='bbox 665 2878 776 2922; x_wconf 90' lang='lat' dir='ltr'><strong>verum</strong></span> <span class='ocrx_word' id='word_1_255' title='bbox 791 2880 868 2934; x_wconf 88' lang='lat' dir='ltr'><strong>esse,</strong></span> <span class='ocrx_word' id='word_1_256' title='bbox 884 2857 972 2943; x_wconf 91' lang='lat' dir='ltr'><strong>quod</strong></span> <span class='ocrx_word' id='word_1_257' title='bbox 987 2869 1020 2920; x_wconf 93' lang='lat' dir='ltr'><strong>et</strong></span> <span class='ocrx_word' id='word_1_258' title='bbox 1034 2856 1141 2942; x_wconf 90' lang='lat' dir='ltr'><strong>plures</strong></span> <span class='ocrx_word' id='word_1_259' title='bbox 1159 2855 1318 2920; x_wconf 74' lang='lat' dir='ltr'><strong>tradidere</strong></span> <span class='ocrx_word' id='word_1_260' title='bbox 1337 2878 1414 2920; x_wconf 87' lang='lat' dir='ltr'><strong>auc·</strong></span> 
     </span>
     <span class='ocr_line' id='line_1_33' title="bbox 364 2943 1435 3018; baseline 0 -12"><span class='ocrx_word' id='word_1_261' title='bbox 364 2955 457 3018; x_wconf 90' lang='lat' dir='ltr'><strong>tores,</strong></span> <span class='ocrx_word' id='word_1_262' title='bbox 473 2955 507 3006; x_wconf 92' lang='lat' dir='ltr'><strong>et</strong></span> <span class='ocrx_word' id='word_1_263' title='bbox 521 2943 604 3006; x_wconf 86' lang='lat' dir='ltr'><strong>fama</strong></span> <span class='ocrx_word' id='word_1_264' title='bbox 617 2943 765 3007; x_wconf 90' lang='lat' dir='ltr'><strong>obtinuit.</strong></span> <span class='ocrx_word' id='word_1_265' title='bbox 1422 2951 1435 2998; x_wconf 82' lang='lat'>8</span> 
     </span>
     <span class='ocr_line' id='line_1_34' title="bbox 252 3025 1413 3116; baseline 0.005 -28"><span class='ocrx_word' id='word_1_266' title='bbox 252 3025 304 3090; x_wconf 88' lang='grc'><strong>47.</strong></span> <span class='ocrx_word' id='word_1_267' title='bbox 408 3025 482 3092; x_wconf 90' lang='lat' dir='ltr'><strong>Hoc</strong></span> <span class='ocrx_word' id='word_1_268' title='bbox 503 3027 642 3116; x_wconf 89' lang='lat' dir='ltr'><strong>primum</strong></span> <span class='ocrx_word' id='word_1_269' title='bbox 664 3050 738 3093; x_wconf 89' lang='lat' dir='ltr'><strong>eum</strong></span> <span class='ocrx_word' id='word_1_270' title='bbox 759 3027 941 3095; x_wconf 88' lang='lat' dir='ltr'><strong>Hannibale</strong></span> <span class='ocrx_word' id='word_1_271' title='bbox 963 3027 1121 3116; x_wconf 91' lang='lat' dir='ltr'><strong>proelium</strong></span> <span class='ocrx_word' id='word_1_272' title='bbox 1138 3028 1216 3105; x_wconf 79' lang='lat' dir='ltr'><strong>firit3</strong></span> <span class='ocrx_word' id='word_1_273' title='bbox 1241 3049 1305 3113; x_wconf 90' lang='lat' dir='ltr'><strong>quo</strong></span> <span class='ocrx_word' id='word_1_274' title='bbox 1320 3027 1413 3094; x_wconf 87' lang='lat' dir='ltr'><strong>facile</strong></span> 
     </span>
     <span class='ocr_line' id='line_1_35' title="bbox 202 3110 1415 3200; baseline 0 -22"><span class='ocrx_word' id='word_1_275' title='bbox 202 3111 279 3160; x_wconf 78' lang='lat' dir='ltr'><strong>ultra</strong></span> <span class='ocrx_word' id='word_1_276' title='bbox 290 3110 337 3157; x_wconf 49' lang='grc' dir='ltr'><strong>ΡΨ</strong></span> <span class='ocrx_word' id='word_1_277' title='bbox 364 3113 518 3200; x_wconf 89' lang='lat' dir='ltr'><strong>apparuit,</strong></span> <span class='ocrx_word' id='word_1_278' title='bbox 535 3127 568 3178; x_wconf 89' lang='lat' dir='ltr'><strong>et</strong></span> <span class='ocrx_word' id='word_1_279' title='bbox 583 3113 728 3200; x_wconf 85' lang='lat' dir='ltr'><strong>equitatu</strong></span> <span class='ocrx_word' id='word_1_280' title='bbox 742 3115 904 3180; x_wconf 90' lang='lat' dir='ltr'><strong>meliorem</strong></span> <span class='ocrx_word' id='word_1_281' title='bbox 921 3115 1065 3179; x_wconf 90' lang='lat' dir='ltr'><strong>Poenum</strong></span> <span class='ocrx_word' id='word_1_282' title='bbox 1080 3137 1158 3192; x_wconf 89' lang='lat' dir='ltr'><strong>esse,</strong></span> <span class='ocrx_word' id='word_1_283' title='bbox 1174 3126 1207 3178; x_wconf 93' lang='lat' dir='ltr'><strong>et</strong></span> <span class='ocrx_word' id='word_1_284' title='bbox 1220 3113 1262 3178; x_wconf 93' lang='lat' dir='ltr'><strong>ob</strong></span> <span class='ocrx_word' id='word_1_285' title='bbox 1277 3113 1311 3176; x_wconf 93' lang='lat' dir='ltr'><strong>id</strong></span> <span class='ocrx_word' id='word_1_286' title='bbox 1327 3135 1415 3178; x_wconf 89' lang='lat' dir='ltr'><strong>cam-</strong></span> 
     </span>
     <span class='ocr_line' id='line_1_36' title="bbox 201 3175 1415 3301; baseline 0 -37"><span class='ocrx_word' id='word_1_287' title='bbox 201 3175 338 3286; x_wconf 44' lang='lat' dir='ltr'><strong>qqpquppe·</strong></span> <span class='ocrx_word' id='word_1_288' title='bbox 364 3223 421 3286; x_wconf 91' lang='lat' dir='ltr'><strong>pos</strong></span> <span class='ocrx_word' id='word_1_289' title='bbox 458 3212 589 3278; x_wconf 88' lang='lat' dir='ltr'><strong>atentes,</strong></span> <span class='ocrx_word' id='word_1_290' title='bbox 606 3199 716 3301; x_wconf 87' lang='lat' dir='ltr'><strong>quales</strong></span> <span class='ocrx_word' id='word_1_291' title='bbox 730 3214 805 3265; x_wconf 90' lang='lat' dir='ltr'><strong>sunt</strong></span> <span class='ocrx_word' id='word_1_292' title='bbox 821 3201 905 3264; x_wconf 92' lang='lat' dir='ltr'><strong>inter</strong></span> <span class='ocrx_word' id='word_1_293' title='bbox 919 3200 1045 3264; x_wconf 90' lang='lat' dir='ltr'><strong>Padum</strong></span> <span class='ocrx_word' id='word_1_294' title='bbox 1061 3198 1234 3286; x_wconf 88' lang='lat' dir='ltr'><strong>Alpesque,</strong></span> <span class='ocrx_word' id='word_1_295' title='bbox 1251 3198 1335 3264; x_wconf 92' lang='lat' dir='ltr'><strong>bello</strong></span> <span class='ocrx_word' id='word_1_296' title='bbox 1357 3223 1415 3287; x_wconf 88' lang='lat' dir='ltr'><strong>ge·</strong></span> 
     </span>
     <span class='ocr_line' id='line_1_37' title="bbox 201 3284 1413 3374; baseline 0.002 -26"><span class='ocrx_word' id='word_1_297' title='bbox 201 3300 276 3350; x_wconf 85' lang='lat' dir='ltr'><strong>mani.</strong></span> <span class='ocrx_word' id='word_1_298' title='bbox 364 3307 422 3350; x_wconf 91' lang='lat' dir='ltr'><strong>ren</strong></span> <span class='ocrx_word' id='word_1_299' title='bbox 446 3309 465 3350; x_wconf 95' lang='lat' dir='ltr'><strong>o</strong></span> <span class='ocrx_word' id='word_1_300' title='bbox 493 3287 647 3351; x_wconf 82' lang='lat' dir='ltr'><strong>Romanrs</strong></span> <span class='ocrx_word' id='word_1_301' title='bbox 670 3299 760 3374; x_wconf 88' lang='lat' dir='ltr'><strong>aptos</strong></span> <span class='ocrx_word' id='word_1_302' title='bbox 783 3309 850 3351; x_wconf 91' lang='lat' dir='ltr'><strong>non</strong></span> <span class='ocrx_word' id='word_1_303' title='bbox 875 3308 951 3351; x_wconf 88' lang='lat' dir='ltr'><strong>esse.</strong></span> <span class='ocrx_word' id='word_1_304' title='bbox 997 3284 1111 3372; x_wconf 88' lang='lat' dir='ltr'><strong>Itaque</strong></span> <span class='ocrx_word' id='word_1_305' title='bbox 1137 3285 1281 3372; x_wconf 87' lang='lat' dir='ltr'><strong>proxima</strong></span> <span class='ocrx_word' id='word_1_306' title='bbox 1306 3300 1413 3364; x_wconf 88' lang='lat' dir='ltr'><strong>nocte,</strong></span> 
     </span>
     <span class='ocr_line' id='line_1_38' title="bbox 364 3370 1414 3459; baseline 0.002 -24"><span class='ocrx_word' id='word_1_307' title='bbox 364 3371 455 3436; x_wconf 86' lang='lat' dir='ltr'><strong>iussis</strong></span> <span class='ocrx_word' id='word_1_308' title='bbox 470 3373 623 3438; x_wconf 87' lang='lat' dir='ltr'><strong>militibus</strong></span> <span class='ocrx_word' id='word_1_309' title='bbox 637 3396 710 3437; x_wconf 86' lang='lat' dir='ltr'><strong>vasa</strong></span> <span class='ocrx_word' id='word_1_310' title='bbox 727 3373 854 3437; x_wconf 89' lang='lat' dir='ltr'><strong>silentio</strong></span> <span class='ocrx_word' id='word_1_311' title='bbox 868 3370 1027 3459; x_wconf 89' lang='lat' dir='ltr'><strong>colligere,</strong></span> <span class='ocrx_word' id='word_1_312' title='bbox 1043 3385 1144 3436; x_wconf 87' lang='lat' dir='ltr'><strong>castra</strong></span> <span class='ocrx_word' id='word_1_313' title='bbox 1157 3373 1197 3437; x_wconf 93' lang='lat' dir='ltr'><strong>ab</strong></span> <span class='ocrx_word' id='word_1_314' title='bbox 1212 3371 1329 3436; x_wconf 91' lang='lat' dir='ltr'><strong>Ticino</strong></span> <span class='ocrx_word' id='word_1_315' title='bbox 1345 3395 1414 3437; x_wconf 90' lang='lat' dir='ltr'><strong>mo·</strong></span> 
     </span>
     <span class='ocr_line' id='line_1_39' title="bbox 364 3457 1415 3546; baseline -0.001 -24"><span class='ocrx_word' id='word_1_316' title='bbox 364 3470 406 3536; x_wconf 87' lang='lat' dir='ltr'><strong>ta,</strong></span> <span class='ocrx_word' id='word_1_317' title='bbox 422 3459 668 3546; x_wconf 87' lang='lat' dir='ltr'><strong>festinatumque</strong></span> <span class='ocrx_word' id='word_1_318' title='bbox 691 3459 733 3523; x_wconf 91' lang='lat' dir='ltr'><strong>ad</strong></span> <span class='ocrx_word' id='word_1_319' title='bbox 752 3458 878 3523; x_wconf 90' lang='lat' dir='ltr'><strong>Padurn</strong></span> <span class='ocrx_word' id='word_1_320' title='bbox 896 3471 961 3534; x_wconf 85' lang='lat' dir='ltr'><strong>est3</strong></span> <span class='ocrx_word' id='word_1_321' title='bbox 985 3470 1022 3521; x_wconf 91' lang='lat' dir='ltr'><strong>ut</strong></span> <span class='ocrx_word' id='word_1_322' title='bbox 1036 3457 1163 3535; x_wconf 89' lang='lat' dir='ltr'><strong>ratibus,</strong></span> <span class='ocrx_word' id='word_1_323' title='bbox 1179 3457 1295 3543; x_wconf 90' lang='lat' dir='ltr'><strong>quibus</strong></span> <span class='ocrx_word' id='word_1_324' title='bbox 1317 3457 1415 3521; x_wconf 91' lang='lat' dir='ltr'><strong>iunx-</strong></span> 
     </span>
     <span class='ocr_line' id='line_1_40' title="bbox 365 3543 1416 3629; baseline 0 -21"><span class='ocrx_word' id='word_1_325' title='bbox 365 3558 432 3609; x_wconf 87' lang='lat' dir='ltr'><strong>erat</strong></span> <span class='ocrx_word' id='word_1_326' title='bbox 446 3545 576 3622; x_wconf 90' lang='lat' dir='ltr'><strong>flumen,</strong></span> <span class='ocrx_word' id='word_1_327' title='bbox 592 3545 735 3610; x_wconf 91' lang='lat' dir='ltr'><strong>nondum</strong></span> <span class='ocrx_word' id='word_1_328' title='bbox 750 3543 904 3620; x_wconf 88' lang='lat' dir='ltr'><strong>resolutis,</strong></span> <span class='ocrx_word' id='word_1_329' title='bbox 921 3544 989 3607; x_wconf 89' lang='lat' dir='ltr'><strong>sine</strong></span> <span class='ocrx_word' id='word_1_330' title='bbox 1005 3543 1145 3608; x_wconf 88' lang='lat' dir='ltr'><strong>tumultu</strong></span> <span class='ocrx_word' id='word_1_331' title='bbox 1160 3557 1255 3629; x_wconf 90' lang='lat' dir='ltr'><strong>atque</strong></span> <span class='ocrx_word' id='word_1_332' title='bbox 1277 3543 1416 3609; x_wconf 83' lang='lat' dir='ltr'><strong>insecta·</strong></span> 
     </span>
    </p>
   </div>
   <div class='ocr_carea' id='block_1_5' title="bbox 366 3628 1414 3717">
    <p class='ocr_par' dir='ltr' id='par_1_6' title="bbox 366 3628 1414 3717">
     <span class='ocr_line' id='line_1_41' title="bbox 366 3628 1414 3717; baseline 0.002 -23"><span class='ocrx_word' id='word_1_333' title='bbox 366 3631 452 3696; x_wconf 91' lang='lat' dir='ltr'><strong>tione</strong></span> <span class='ocrx_word' id='word_1_334' title='bbox 467 3631 575 3708; x_wconf 89' lang='lat' dir='ltr'><strong>hostis,</strong></span> <span class='ocrx_word' id='word_1_335' title='bbox 591 3631 696 3717; x_wconf 90' lang='lat' dir='ltr'><strong>copias</strong></span> <span class='ocrx_word' id='word_1_336' title='bbox 712 3629 877 3694; x_wconf 80' lang='lat' dir='ltr'><strong>traiiceret.</strong></span> <span class='ocrx_word' id='word_1_337' title='bbox 912 3628 1005 3693; x_wconf 90' lang='lat' dir='ltr'><strong>Prius</strong></span> <span class='ocrx_word' id='word_1_338' title='bbox 1016 3629 1212 3694; x_wconf 89' lang='lat' dir='ltr'><strong>Placentiam</strong></span> <span class='ocrx_word' id='word_1_339' title='bbox 1227 3651 1414 3716; x_wconf 85' lang='lat' dir='ltr'><strong>pervenere,</strong></span> 
     </span>
    </p>
   </div>
   <div class='ocr_carea' id='block_1_6' title="bbox 363 3891 1416 4413">
    <p class='ocr_par' dir='ltr' id='par_1_7' title="bbox 363 3891 1416 4262">
     <span class='ocr_line' id='line_1_42' title="bbox 399 3891 1416 3956; baseline 0.002 -14"><span class='ocrx_word' id='word_1_340' title='bbox 399 3892 520 3956; x_wconf 73' lang='lat' dir='ltr'><strong>6anua</strong></span> <span class='ocrx_word' id='word_1_341' title='bbox 542 3893 694 3956; x_wconf 76' lang='lat' dir='ltr'><strong>propinquo]</strong></span> <span class='ocrx_word' id='word_1_342' title='bbox 728 3894 770 3941; x_wconf 92' lang='lat' dir='ltr'><strong>Ita</strong></span> <span class='ocrx_word' id='word_1_343' title='bbox 796 3893 872 3942; x_wconf 86' lang='lat' dir='ltr'><strong>Valla</strong></span> <span class='ocrx_word' id='word_1_344' title='bbox 905 3891 982 3942; x_wconf 88' lang='lat' dir='ltr'><strong>Drak.</strong></span> <span class='ocrx_word' id='word_1_345' title='bbox 995 3897 1021 3941; x_wconf 92' lang='lat' dir='ltr'><strong>et</strong></span> <span class='ocrx_word' id='word_1_346' title='bbox 1036 3892 1127 3942; x_wconf 86' lang='lat' dir='ltr'><strong>Stroth.</strong></span> <span class='ocrx_word' id='word_1_347' title='bbox 1140 3898 1258 3954; x_wconf 82' lang='lat' dir='ltr'><strong>tanquam</strong></span> <span class='ocrx_word' id='word_1_348' title='bbox 1275 3891 1416 3944; x_wconf 82' lang='lat' dir='ltr'><strong>riridiuaet</strong></span> 
     </span>
     <span class='ocr_line' id='line_1_43' title="bbox 368 3956 1415 4020; baseline 0.001 -13"><span class='ocrx_word' id='word_1_349' title='bbox 368 3957 508 4007; x_wconf 84' lang='lat' dir='ltr'><strong>emendarit</strong></span> <span class='ocrx_word' id='word_1_350' title='bbox 531 3971 576 4019; x_wconf 89' lang='lat' dir='ltr'><strong>pro</strong></span> <span class='ocrx_word' id='word_1_351' title='bbox 598 3973 629 4005; x_wconf 75' lang='lat' dir='ltr'><strong>aa·</strong></span> <span class='ocrx_word' id='word_1_352' title='bbox 653 3973 701 4019; x_wconf 83' lang='lat' dir='ltr'><strong>qao</strong></span> <span class='ocrx_word' id='word_1_353' title='bbox 725 3958 872 4019; x_wconf 75' lang='lat' dir='ltr'><strong>propinquo,</strong></span> <span class='ocrx_word' id='word_1_354' title='bbox 904 3957 1063 4018; x_wconf 85' lang='lat' dir='ltr'><strong>praesentius,</strong></span> <span class='ocrx_word' id='word_1_355' title='bbox 1074 3956 1133 4019; x_wconf 87' lang='lat' dir='ltr'><strong>quia</strong></span> <span class='ocrx_word' id='word_1_356' title='bbox 1147 3956 1178 4006; x_wconf 84' lang='lat' dir='ltr'><strong>sit</strong></span> <span class='ocrx_word' id='word_1_357' title='bbox 1190 3956 1273 4005; x_wconf 82' lang='lat' dir='ltr'><strong>futura</strong></span> <span class='ocrx_word' id='word_1_358' title='bbox 1288 3972 1345 4020; x_wconf 84' lang='lat' dir='ltr'><strong>pare</strong></span> <span class='ocrx_word' id='word_1_359' title='bbox 1359 3974 1415 4008; x_wconf 87' lang='lat' dir='ltr'><strong>nar·</strong></span> 
     </span>
     <span class='ocr_line' id='line_1_44' title="bbox 367 4019 1416 4084; baseline 0 -14"><span class='ocrx_word' id='word_1_360' title='bbox 367 4023 433 4084; x_wconf 89' lang='lat' dir='ltr'><strong>quod</strong></span> <span class='ocrx_word' id='word_1_361' title='bbox 450 4020 505 4069; x_wconf 85' lang='lat' dir='ltr'><strong>edd.</strong></span> <span class='ocrx_word' id='word_1_362' title='bbox 523 4019 575 4068; x_wconf 83' lang='lat' dir='ltr'><strong>fere</strong></span> <span class='ocrx_word' id='word_1_363' title='bbox 596 4034 681 4068; x_wconf 81' lang='lat' dir='ltr'><strong>omnes</strong></span> <span class='ocrx_word' id='word_1_364' title='bbox 699 4019 798 4069; x_wconf 90' lang='lat' dir='ltr'><strong>habent.</strong></span> <span class='ocrx_word' id='word_1_365' title='bbox 830 4023 873 4068; x_wconf 75' lang='lat' dir='ltr'><strong>Ea</strong></span> <span class='ocrx_word' id='word_1_366' title='bbox 904 4020 1013 4080; x_wconf 85' lang='lat' dir='ltr'><strong>rationis,</strong></span> <span class='ocrx_word' id='word_1_367' title='bbox 1031 4020 1075 4068; x_wconf 87' lang='lat' dir='ltr'><strong>atsi</strong></span> <span class='ocrx_word' id='word_1_368' title='bbox 1099 4020 1134 4070; x_wconf 88' lang='lat' dir='ltr'><strong>rei</strong></span> <span class='ocrx_word' id='word_1_369' title='bbox 1154 4027 1237 4082; x_wconf 82' lang='lat' dir='ltr'><strong>gestae</strong></span> <span class='ocrx_word' id='word_1_370' title='bbox 1259 4022 1416 4083; x_wconf 83' lang='lat' dir='ltr'><strong>praeteritae,</strong></span> 
     </span>
     <span class='ocr_line' id='line_1_45' title="bbox 363 4083 1415 4148; baseline 0.002 -16"><span class='ocrx_word' id='word_1_371' title='bbox 363 4087 503 4148; x_wconf 79' lang='lat' dir='ltr'><strong>propinquo</strong></span> <span class='ocrx_word' id='word_1_372' title='bbox 513 4086 595 4146; x_wconf 79' lang='lat' dir='ltr'><strong>copias</strong></span> <span class='ocrx_word' id='word_1_373' title='bbox 606 4083 698 4132; x_wconf 87' lang='lat' dir='ltr'><strong>Stroth.</strong></span> <span class='ocrx_word' id='word_1_374' title='bbox 724 4085 874 4145; x_wconf 67' lang='lat' dir='ltr'><strong>Exproptn·</strong></span> <span class='ocrx_word' id='word_1_375' title='bbox 906 4089 935 4131; x_wconf 88' lang='lat' dir='ltr'><strong>ut</strong></span> <span class='ocrx_word' id='word_1_376' title='bbox 950 4099 990 4146; x_wconf 84' lang='lat' dir='ltr'><strong>ap.</strong></span> <span class='ocrx_word' id='word_1_377' title='bbox 1008 4084 1074 4134; x_wconf 87' lang='lat' dir='ltr'><strong>Flor.</strong></span> <span class='ocrx_word' id='word_1_378' title='bbox 1092 4084 1118 4132; x_wconf 89' lang='lat' dir='ltr'><strong>ii.</strong></span> <span class='ocrx_word' id='word_1_379' title='bbox 1136 4083 1160 4133; x_wconf 89' lang='lat'><strong>6.</strong></span> <span class='ocrx_word' id='word_1_380' title='bbox 1192 4087 1243 4134; x_wconf 83' lang='lat' dir='ltr'><strong>Hic</strong></span> <span class='ocrx_word' id='word_1_381' title='bbox 1259 4087 1307 4134; x_wconf 79' lang='lat' dir='ltr'><strong>erit</strong></span> <span class='ocrx_word' id='word_1_382' title='bbox 1322 4087 1415 4148; x_wconf 69' lang='lat' dir='ltr'><strong>Scipio,</strong></span> 
     </span>
     <span class='ocr_line' id='line_1_46' title="bbox 366 4147 1414 4262; baseline 0.002 -2"><span class='ocrx_word' id='word_1_383' title='bbox 366 4147 873 4262; x_wconf 50' lang='lat' dir='ltr'><strong>333m33n0..0,1.,..</strong></span> <span class='ocrx_word' id='word_1_384' title='bbox 905 4149 1414 4262; x_wconf 60' lang='lat' dir='ltr'><strong>tttttt‘ttttttbt‘ttntf·</strong></span> 
     </span>
    </p>

    <p class='ocr_par' dir='ltr' id='par_1_8' title="bbox 368 4225 1415 4413">
     <span class='ocr_line' id='line_1_47' title="bbox 402 4225 1415 4338; baseline 0.002 -14"><span class='ocrx_word' id='word_1_385' title='bbox 402 4277 485 4337; x_wconf 66' lang='lat' dir='ltr'><strong>qao</strong></span> <span class='ocrx_word' id='word_1_386' title='bbox 505 4279 553 4326; x_wconf 71' lang='lat' dir='ltr'><strong>mr</strong></span> <span class='ocrx_word' id='word_1_387' title='bbox 578 4249 686 4335; x_wconf 66' lang='lat' dir='ltr'><strong>rivae]</strong></span> <span class='ocrx_word' id='word_1_388' title='bbox 723 4273 764 4323; x_wconf 71' lang='lat' dir='ltr'><strong>ns</strong></span> <span class='ocrx_word' id='word_1_389' title='bbox 785 4273 873 4322; x_wconf 79' lang='lat' dir='ltr'><strong>osmi</strong></span> <span class='ocrx_word' id='word_1_390' title='bbox 935 4225 1050 4323; x_wconf 62' lang='lat' dir='ltr'><strong>braia</strong></span> <span class='ocrx_word' id='word_1_391' title='bbox 1062 4277 1178 4336; x_wconf 68' lang='lat' dir='ltr'><strong>ansere]</strong></span> <span class='ocrx_word' id='word_1_392' title='bbox 1202 4226 1415 4338; x_wconf 56' lang='lat' dir='ltr'><strong>rnatbie&#39;eaud</strong></span> 
     </span>
     <span class='ocr_line' id='line_1_48' title="bbox 368 4289 1149 4413; baseline -0.001 -26"><span class='ocrx_word' id='word_1_393' title='bbox 368 4353 419 4389; x_wconf 79' lang='lat' dir='ltr'><strong>aas.</strong></span> <span class='ocrx_word' id='word_1_394' title='bbox 443 4354 487 4400; x_wconf 88' lang='lat' dir='ltr'><strong>pro</strong></span> <span class='ocrx_word' id='word_1_395' title='bbox 510 4341 573 4401; x_wconf 79' lang='lat' dir='ltr'><strong>vulg.</strong></span> <span class='ocrx_word' id='word_1_396' title='bbox 596 4346 658 4400; x_wconf 80' lang='lat' dir='ltr'><strong>arat,</strong></span> <span class='ocrx_word' id='word_1_397' title='bbox 685 4339 769 4402; x_wconf 84' lang='lat' dir='ltr'><strong>probb.</strong></span> <span class='ocrx_word' id='word_1_398' title='bbox 797 4289 873 4390; x_wconf 73' lang='lat' dir='ltr'><strong>diroti.</strong></span> <span class='ocrx_word' id='word_1_399' title='bbox 906 4344 1010 4390; x_wconf 85' lang='lat' dir='ltr'><strong>sextum.</strong></span> <span class='ocrx_word' id='word_1_400' title='bbox 1024 4339 1117 4388; x_wconf 71' lang='lat' dir='ltr'><strong>Rosea.</strong></span> <span class='ocrx_word' id='word_1_401' title='bbox 1146 4408 1149 4413; x_wconf 23' lang='grc' dir='ltr'>ι</span> 
     </span>
    </p>
   </div>
   <div class='ocr_carea' id='block_1_7' title="bbox 0 0 1511 4798">
    <p class='ocr_par' dir='ltr' id='par_1_9' title="bbox 0 0 1511 4798">
     <span class='ocr_line' id='line_1_49' title="bbox 0 0 1511 4798; baseline 0 0"><span class='ocrx_word' id='word_1_402' title='bbox 0 0 1511 4798; x_wconf 95' lang='lat' dir='ltr'><strong> </strong></span> 
     </span>
    </p>
   </div>
  </div>
 </body>
</html>
