2888 4768
318 217 414 284 LIB.
439 215 548 282 XXV.
582 215 692 282 CAP.
717 224 746 282 8.
999 219 1062 284 239

36 353 176 440 quaedam
192 351 305 420 Cumis
319 377 385 420 non
402 356 484 420 ictae
502 355 597 421 modo
611 355 805 432 fulminibus,
820 355 876 420 sed
896 355 991 420 etiam
1005 354 1063 419 de·
1074 363 1107 416 U.
1118 365 1149 415 c.
1164 377 1220 426 540.

36 463 139 505 cussae.
183 441 285 508 Reate
307 463 417 507 saxum
443 441 555 530 ingens
577 443 679 507 visum
700 441 850 507 volitare:
878 441 924 507 sol
949 443 1062 507 rubere
1072 430 1102 480 A.
1120 429 1150 479 ⁰·
1166 441 1220 477 ²¹²·

36 527 116 592 solito
139 529 246 616 magis,
272 530 508 618 sanguineoque
534 529 652 594 similis.
699 528 824 594 Horum
848 528 1063 618 prodigiorum

36 635 118 679 causa
130 615 213 679 diem
231 638 332 681 unum
351 616 538 704 supplicatio
553 614 622 694 fuit,
638 630 671 681 et
689 638 747 703 per
765 614 886 703 aliquot
903 615 970 681 dies
988 637 1064 681 con·

36 699 108 765 sules
126 702 217 767 rebus
237 703 351 768 divinis
373 727 392 768 ο
434 725 501 767 ram
521 701 696 767 dederunt:
721 715 754 766 et
772 725 831 802 per
849 702 976 767 eosdem
995 701 1063 766 dies

36 809 145 852 sacrum
174 790 361 856 novendiale
389 726 459 855 liele
518 789 629 865 Quum
655 789 902 853 Tarentmorum
928 788 1199 878 desectioobsiues·

37 872 90 937 iam
112 874 166 939 diu
191 890 224 941 et
249 877 283 940 in
308 899 364 964 spe
387 875 571 954 Hannibali,
594 887 627 940 et
651 877 685 942 in
711 875 888 961 suspicione
912 875 1065 940 Romanis
1074 869 1201 982 {⁰³⁰le

36 973 116 1038 esset,
138 985 231 1027 eausa
252 963 332 1028 forte
354 965 549 1028 extrinsecus
570 962 775 1027 maturandae
797 961 864 1026 eius
886 961 1063 1026 intervenit
1075 947 1157 1060 3¹:12¹?
1194 957 1204 967 “

36 1045 149 1112 Phileas
164 1048 367 1126 Tarentinus,
382 1049 438 1115 diu
456 1049 520 1114 iam
539 1072 596 1136 per
612 1049 749 1137 speciem
763 1048 928 1134 legationis
944 1045 1066 1112 Romae

56 1155 125 1198 uum
138 1148 228 1215 esset,
243 1137 292 1201 vir
309 1135 446 1224 inquieti
467 1136 573 1214 enimi,
590 1149 622 1201 et
639 1136 769 1200 minime
787 1135 898 1211 otium,
914 1157 978 1221 quo
998 1147 1067 1198 tum

19 1155 148 1286 tdiutino
170 1245 332 1289 senescere
354 1223 528 1300 videbatur,
547 1223 705 1312 patientis,
724 1223 846 1286 aditum
867 1222 927 1285 sibi
949 1221 991 1285 ad
1012 1221 1068 1285 ob-

37 1305 109 1370 sides
123 1307 313 1375 Tsrentinos
332 1311 462 1375 invenit
511 1308 781 1375 Custodiebantur
801 1309 835 1372 in
858 1309 937 1373 atrio
954 1307 1067 1372 Liber·

37 1394 100 1458 tatis
113 1396 234 1462 minore
249 1420 333 1474 cura,
350 1397 426 1483 quia
439 1419 500 1461 nec
516 1397 602 1483 ipsis,
617 1419 677 1460 nec
697 1396 817 1461 civitati
837 1417 945 1459 eorum
961 1393 1068 1458 fallere

37 1477 187 1548 Romanos
210 1507 251 1548 ex
293 1483 409 1549 diebat.
455 1481 535 1560 Hos,
559 1483 675 1547 crebris
695 1479 859 1569 colloquiis
878 1481 1068 1557 sollicitatos,

36 1570 179 1656 corruptis
200 1507 337 1636 aeciiluis
359 1570 493 1647 duobus,
517 1591 616 1657 quum
638 1569 747 1672 primis
769 1568 906 1634 tenebris
928 1566 1071 1632 custodia

37 1652 195 1734 eduximet
211 1657 279 1746 ipse
294 1679 400 1722 comes
414 1656 530 1721 occulti
544 1657 665 1721 itineris
679 1657 779 1720 factus
793 1654 941 1742 prodigit
979 1654 1069 1718 Luce

37 1739 128 1823 prima
141 1743 268 1830 wlgate
281 1764 339 1844 per
352 1745 463 1808 urbem
476 1743 552 1829 suga
566 1755 633 1807 est:
655 1743 814 1828 missique,
830 1742 887 1828 qui
901 1761 1071 1827 sequeren-

17 1833 90 1902 stur,
105 1829 142 1893 eb
160 1829 333 1896 Tarracina
354 1830 597 1931 comprehensos
618 1851 728 1894 omnes
749 1839 956 1892 retraxerunt.
1002 1825 1071 1890 De·

37 1910 116 1977 ducti
136 1915 170 1980 in
195 1917 336 1994 comitio,
384 1917 391 1932 '
457 1938 530 2003 qne,
557 1916 749 2016 approbante
774 1913 902 2002 populo,
925 1912 1007 1977 caesi
1029 1912 1070 1976 de

18 2010 104 2063 usaxo
125 2001 326 2069 deiiciuntur.
419 2003 490 2068 uius
512 2013 657 2068 atrocitas
678 2023 799 2088 poenae
822 2001 955 2064 duarum
980 1997 1071 2062 nobi·
1159 2046 1167 2062 .

38 2083 212 2155 lissimamm
228 2091 264 2154 in
278 2089 371 2155 Italia
387 2089 579 2154 Graecarum
595 2086 769 2153 civitatium
787 2087 908 2150 animos
928 2084 1069 2161 irritavit,

38 2193 127 2256 quum
152 2177 289 2264 publice,
316 2187 385 2241 tum
410 2176 505 2240 etiam
531 2174 671 2276 singulos
696 2173 852 2261 privatim,
878 2172 1071 2272 utquisque

39 2269 94 2323 tam
108 2262 198 2330 foede
213 2265 421 2352 interemptos
436 2274 491 2326 aut
504 2260 749 2351 propmquitate‚
766 2272 821 2324 ant
839 2257 977 2323 amicitia
996 2279 1072 2322 eon·

21 2343 176 2434 “ingebat
225 2351 277 2416 Ex
298 2351 337 2415 iis
359 2349 510 2414 tredecim
530 2349 596 2413 fere
618 2346 740 2412 nobiles
762 2347 891 2411 iuvenes
906 2342 1072 2409 Tarentini
1081 2356 1224 2432 domueris

40 2433 282 2517 coniuraverunt,
295 2459 431 2524 quorum
442 2435 600 2523 principes
612 2433 696 2499 Nico
711 2446 744 2497 et
755 2431 961 2497 Philemenus
972 2443 1070 2495 erant.
1081 2423 1189 2472 Tarenti.

41 2514 89 2595 Hi,
121 2524 192 2603 rius,
205 2548 303 2612 quam
318 2523 438 2610 aliquid
453 2535 626 2598 moverent,
639 2519 883 2607 colloquendum
895 2540 968 2583 cum
982 2515 1073 2582 Han-

39 2544 133 2674 nibale
154 2613 225 2690 rati,
242 2623 335 2676 nocte
357 2631 415 2698 per
436 2610 572 2697 speciem
592 2606 729 2674 venandi
750 2607 863 2671 urbem
885 2605 1010 2694 egressi,
1032 2603 1074 2669 ad

40 2711 105 2757 cum
125 2700 375 2783 proficiscuntur.
422 2695 474 2773 Et,
495 2717 594 2784 quum
615 2694 702 2759 haud
724 2692 834 2781 procul
856 2693 963 2757 castris
985 2691 1074 2756 abes·

39 2793 110 2858 sent,
134 2785 233 2850 ceteri
255 2784 332 2848 silva
354 2805 451 2884 prope
474 2784 556 2848 viam
580 2805 648 2847 sese
672 2780 898 2846 occuluerunt:
932 2777 1017 2843 Nico
1040 2789 1073 2844 et

40 2859 246 2949 Philemenus,
269 2893 424 2958 progressi
444 2869 485 2934 ad
502 2870 651 2934 stationes
675 2867 967 2953 comprehensique,
991 2864 1074 2930 ultro

40 2947 70 3015 ld
98 2971 250 3042 petentes,
280 2958 321 3022 ad
348 2955 561 3022 Hannibalem
590 2953 719 3019 deducti
749 2963 831 3016 sunt
879 2952 946 3026 Qui
975 2969 1075 3036 quum

40 3049 69 3101 θῒ
97 3065 203 3111 causas
237 3043 358 3110 consilii
390 3044 449 3119 sui,
479 3053 512 3106 et
541 3038 619 3128 quid
758 3053 802 3116 nt,
832 3035 1051 3124 exposuissent
1063 3059 1072 3112 ;

39 3125 211 3210 collaudati,
227 3131 410 3218 oneratique
432 3128 600 3216 promissis,
621 3126 654 3191 iu
696 3137 779 3202 ntur,
799 3136 837 3189 ut
856 3122 951 3188 fidem
973 3144 1076 3209 popu-

21 3207 145 3282 alaribus
165 3219 318 3295 facerent,
334 3213 506 3304 praedandi
528 3235 621 3278 causa
642 3235 675 3277 se
698 3213 776 3276 urbe
798 3231 946 3298 egressos,
960 3229 1077 3296 pecora

43 3295 356 3393 Carthaginiensium,
372 3323 454 3389 quae
474 3312 598 3388 pastum
618 3297 766 3387 propulsa
780 3309 893 3374 essent,
909 3296 950 3360 ad
964 3295 1075 3360 urbem

42 3405 133 3470 agere.
178 3392 268 3457 Tuto
283 3412 320 3456 ac
333 3391 401 3454 sine
419 3387 589 3453 certamine
607 3385 642 3450 id
655 3385 801 3462 facturos,
816 3383 1003 3472 promissum
1017 3394 1074 3448 est.

43 3467 218 3566 Conspectu
241 3502 279 3544 ea
300 3475 418 3564 praeda
439 3475 591 3539 iuvenum
614 3484 681 3538 est:
709 3471 886 3557 minusque,
902 3469 1017 3534 iterum
1039 3488 1076 3532 ae

43 3564 158 3648 saepius
172 3565 207 3631 id
222 3587 275 3630 eos
290 3563 416 3640 audere,
432 3560 583 3627 miraculo
597 3559 666 3624 fuit.
714 3557 784 3623 Con
823 3556 883 3620 ersi
896 3577 969 3621 cum
985 3551 1078 3618 Han-

44 3644 139 3716 nibale
171 3675 288 3728 rursus,
317 3650 381 3716 fide
414 3661 596 3724 sanxerunt,
625 3646 740 3711 liberos
801 3642 959 3708 arentinos
991 3640 1077 3728 leges

75 3854 407 3914 lddohriderTarentimr]
429 3851 540 3900 Eorta
607 3847 855 3907 instaurarem]
883 3843 922 3892 Ex
936 3844 1078 3892 nummil-

44 3910 106 3963 ’ἕπου
115 3920 182 3968 addit
194 3919 337 3982 Heusinger.
572 3913 660 3972 lorum,
676 3923 778 3973 quornm
798 3908 929 3974 propinqui
947 3909 985 3956 vel
1004 3907 1077 3957 amici

75 3979 89 4024 8
104 3983 207 4034 Douma
223 3987 251 4034 ia
266 3983 371 4043 comula]
394 3981 496 4030 mma
511 3981 540 4028 ia
571 3975 710 4038 interempti
722 3979 808 4025 essent,
827 3975 897 4022 Dus.

45 4045 132 4095 mitia
147 4051 221 4112 stirpis
238 4048 367 4111 legendum
383 4050 465 4094 censet
480 4043 542 4093 Gro·
607 4057 620 4091 r
635 4041 778 4090 Prae-dandi
795 4053 869 4089 caasa
885 4055 910 4088 ee
925 4038 986 4087 urhe
1001 4053 1079 4112 sprea-

47 4115 110 4166 ¹¹⁰V·3
124 4115 217 4164 &caeti
228 4114 386 4162 incomitiare
397 4109 488 4159 Stroth.
574 4109 624 4168 sor]
653 4105 683 4154 cf.
700 4105 812 4168 Thucyd.
832 4103 863 4152 iv.
882 4101 921 4163 67.
941 4102 983 4149 ubi
1005 4100 1079 4148 simili

79 4176 238 4238 9Duarrmr]
267 4175 367 4226 Tarenti
392 4173 493 4232 scilieet,
517 4177 543 4222 et
574 4173 660 4221 hande
681 4171 782 4229 Nisiaea,
807 4169 961 4230 Megaromm
989 4169 1080 4226 ponus,

48 4227 189 4290 Thur-iorum
204 4243 235 4291 de
250 4241 337 4302 qmbus
352 4238 407 4288 inti.
422 4249 458 4300 15.
489 4236 543 4285 Imo
577 4235 764 4286 Atheniensibus
779 4232 1003 4306 proditanarratur.
1033 4228 1080 4275 Cs-
1149 4249 1156 4266 ,

49 4301 137 4362 term,
146 4318 234 4368 nempe
246 4303 394 4366 Metaponti,
402 4299 544 4351 utGronov,
576 4299 706 4410 ternm6de
724 4299 771 4346 hac
792 4299 929 4344 ammiane
946 4292 976 4339 cf.
992 4291 1079 4352 Polyb.

49 4371 134 4414 mmm.
578 4377 677 4410 vurta.
803 4387 806 4394 .
