2878 4772
350 237 416 298 380
735 228 848 294 ΤΙΤΙ
876 227 1013 295 LIVII

195 379 271 430 uc.
287 379 417 442 uatem
438 377 589 452 quattuor
615 361 715 428 millia
736 362 913 440 hominnm,
937 363 1062 450 pecoris
1086 362 1194 427 omnis
1217 363 1354 450 generis
1375 363 1406 426 al

194 444 225 495 A.
242 446 272 494 ⁰·
287 443 342 493 ²⁰⁸·
352 451 451 518 millia
464 451 594 537 viginti)
609 449 740 514 nuntius
758 471 800 513 ex
819 447 1013 515 Macedonia
1027 450 1126 527 venit,
1143 449 1300 536 Eropum
1316 473 1405 536 quen·

351 538 435 615 dam,
452 548 600 623 corrupto
615 535 695 599 arcis
709 535 922 622 praesidiique
941 535 1113 622 praelecto,
1129 535 1352 623 Lychnidum
1364 559 1415 610 oe,

351 625 433 711 pisse
446 646 453 688 ι
478 635 587 687 tenere
603 635 636 686 et
648 621 901 686 Dassaretiorum
912 621 1067 708 quosdam
1083 622 1183 699 vicos,
1195 635 1234 686 et
1247 622 1405 686 Dardana

194 719 271 769 Redit
282 719 326 794 in,
352 711 447 774 etiam
463 709 598 774 concire.
639 707 765 773 Omissa
781 707 878 793 igitur
893 707 1036 772 Achaico
1052 707 1147 784 bello,
1164 707 1295 774 relictis
1311 723 1403 772 tamen

194 784 337 833 Macedon-
352 795 477 860 duobus
502 793 641 859 millibus
667 807 700 858 et
723 793 907 880 quingentis
931 793 1034 858 omnis
1100 793 1191 858 neris
1219 809 1403 859 armatorum

193 862 241 896 Μ’
352 904 425 948 eum
442 879 599 966 Menippo
610 894 643 944 et
658 878 861 1028 Pogphanta
874 878 1010 944 ducibus
1032 816 1303 966 adeptaesidium
1319 882 1403 944 socio

352 991 433 1044 rum,
458 967 617 1055 profectus
643 966 683 1030 ab
740 989 761 1052 y
797 963 804 978 '

353 1053 528 1129 Euboeam,
545 1051 676 1117 decimis
692 1051 800 1115 castris
816 1049 1055 1116 Demetriadem
1071 1052 1107 1114 in
1118 1051 1333 1118 Thessaham
1348 1075 1404 1140 per-

242 1146 293 1206 33.
352 1140 448 1205 venit
494 1138 544 1203 Ibi
567 1138 630 1214 alii,
651 1138 801 1201 maiorem
824 1137 991 1202 afferentes
1013 1137 1206 1215 tumultum,
1229 1140 1343 1203 nuntii
1364 1163 1404 1202 oo

195 1227 305 1277 Dardani
320 1291 326 1303 ,
352 1237 500 1291 crurunt:
526 1224 705 1299 Dardanos,
718 1223 752 1286 in
765 1222 989 1288 Macedoniam
1004 1224 1130 1300 effusos,
1145 1223 1344 1290 Orestidem
1355 1227 1403 1288 ian

194 1292 336 1341 Macedoni·

194 1371 324 1470 ffitpppu-
352 1398 436 1464 inter
452 1397 600 1463 barbaros
620 1395 778 1460 celebrem
796 1417 874 1471 esse,
892 1394 1075 1481 Philippum
1097 1417 1272 1483 occisum..
1311 1397 1403 1483 Erpa

351 1484 472 1549 ditione
488 1506 535 1560 ea,
545 1505 610 1568 qua
620 1505 694 1546 cum
708 1481 948 1568 populatoribus
959 1481 1026 1568 agri
1037 1480 1079 1545 ad
1092 1479 1281 1568 Sicyonem
1295 1507 1401 1570 pugna·

351 1570 406 1647 vit,
422 1569 456 1633 in
478 1569 622 1635 arborem
641 1568 746 1632 illatus
767 1568 889 1653 impetn
910 1567 995 1654 equi,
1011 1567 1052 1631 ad
1067 1567 1281 1634 eminentem
1297 1591 1403 1634 rarum

351 1677 452 1719 cornu
473 1655 607 1719 alterum
630 1653 739 1741 galeae
761 1653 941 1740 praefregit,
987 1652 1027 1718 Id
1041 1653 1219 1719 inventum
1239 1657 1285 1720 ab
1303 1655 1415 1720 Aetolo‘

351 1741 500 1827 quodam,
524 1741 744 1828 perlatumque
769 1739 803 1802 in
826 1738 988 1804 Aetoliam
1012 1739 1053 1802 ad
1078 1738 1346 1818 Scerdilaedum,
1364 1741 1402 1806 rui

352 1841 464 1892 notum
478 1840 546 1892 erat
565 1826 689 1913 insigne
711 1825 829 1912 galeae,
846 1825 962 1890 famam
980 1825 1140 1890 interfecti
1155 1828 1252 1914 regis
1268 1829 1401 1928 vulgarit

352 1912 431 1978 Post
454 1913 683 2000 profectionem
709 1935 751 1977 ex
776 1911 901 1976 Achaia
925 1911 1017 1998 regis,
1044 1909 1224 2011 Sulpicius,
1257 1915 1402 2002 Aeginan

196 2009 289 2060 Achaei
352 2000 449 2064 classe
469 1999 637 2088 profectus,
653 2020 727 2063 cum
744 1998 854 2063 Attalo
876 2019 943 2062 sese
966 1997 1143 2062 coniunrut.
1196 2000 1335 2066 Achaei
1348 2023 1402 2065 cun

194 2076 319 2124 tenerem
354 2085 478 2152 Aetolis
493 2086 643 2172 Eleisque
659 2083 746 2148 haud
761 2083 870 2172 procul
888 2083 1037 2148 Messene
1057 2105 1256 2171 prosperam
1279 2109 1401 2175 pugnam

193 2145 288 2200 gemat,
352 2172 505 2238 feceruut.
557 2170 685 2237 Attalus
709 2193 767 2235 rex
788 2181 822 2236 et
845 2169 881 2234 P.
900 2169 1058 2257 Sulpicius
1081 2169 1240 2257 Aeginae
1272 2173 1402 2240 hiberae

352 2273 436 2324 mni,

195 2360 303 2423 eruptni
397 2345 498 2410 Exitu
507 2343 601 2409 huius
612 2342 689 2407 anni
701 2341 739 2406 T.
754 2342 927 2418 Quinctius
938 2339 1105 2429 Crispinus
1114 2344 1248 2422 consul,
1263 2345 1400 2410 dictatur

194 2425 251 2475 ⁰⁰⁸
263 2440 335 2474 Μ
353 2431 553 2496 comitiorum
564 2429 777 2514 ludorumque
789 2427 1006 2494 faciendorum
1017 2451 1112 2492 causa
1122 2427 1220 2495 dicto
1237 2431 1283 2496 T.
1298 2431 1401 2496 Mutilo

195 2528 309 2577 nietam
354 2515 528 2602 Torquato,
544 2539 586 2580 ex
601 2513 732 2580 vulnere
753 2515 894 2579 moritur.
941 2513 1009 2578 Alii
1025 2513 1170 2591 Tarenti,
1189 2516 1251 2580 alii
1269 2519 1308 2582 in
1326 2519 1401 2583 Can

195 2591 342 2654 Torquatru.
352 2603 448 2688 partia
463 2615 623 2666 mortuum
640 2601 778 2665 tradunt,
825 2599 865 2664 Id
879 2599 967 2686 quod
981 2598 1069 2664 nullo
1089 2613 1165 2664 aute
1182 2603 1282 2668 bello
1298 2603 1401 2669 arride

352 2701 410 2764 rat,
427 2687 492 2753 duo
511 2687 666 2764 consules,
682 2687 749 2751 sine
770 2686 976 2751 memorando
996 2685 1116 2785 proelio
1132 2686 1319 2768 interfecti,
1335 2689 1401 2754 velut

352 2773 462 2838 orbam
476 2771 704 2859 rempublicam
719 2773 923 2858 reliquerant.
968 2771 1116 2837 Drctator
1130 2771 1292 2840 Manlius
1307 2797 1400 2862 magu

353 2871 437 2924 trum
451 2859 597 2946 equitum
614 2856 653 2923 C.
670 2857 837 2924 Servilium
849 2859 934 2944 (turn
955 2858 1065 2923 aedilis
1078 2857 1203 2924 eurulis
1219 2863 1313 2949 erat)
1327 2863 1398 2926 dixit.

196 2962 260 3011 Ludi
355 2945 499 3024 Senatus,
516 2944 648 3034 quodie
668 2945 807 3032 primum
823 2960 871 3010 est
890 2944 1026 3022 habitus
1042 2944 1134 3010 ludos
1155 2967 1302 3034 magnos
1315 2949 1398 3012 feren

195 3027 284 3090 magni.
351 3032 540 3098 dictatorem
561 3032 661 3108 iussit,
678 3054 758 3118 quos
782 3029 830 3095 M.
842 3031 999 3095 Aemilius
1019 3043 1145 3119 praetor
1166 3032 1274 3111 urbis,
1293 3035 1332 3100 C.
1346 3033 1398 3097 lls·

353 3119 462 3196 minio,
480 3118 542 3183 Cu.
557 3117 692 3183 Servilio
707 3116 898 3194 consulibus,
910 3117 1037 3194 fecerat,
1049 3129 1082 3181 et
1097 3115 1130 3181 in
1147 3118 1397 3219 quinquennium

353 3218 489 3270 voverat.
535 3205 622 3269 Tum
652 3204 787 3269 dictator
816 3217 849 3268 et
878 3202 970 3268 ludos
995 3203 1080 3281 fecit,
1107 3215 1141 3268 et
1170 3203 1208 3268 in
1241 3225 1398 3293 msequeu

353 3291 487 3356 lustrum
508 3291 603 3356 vovit
650 3289 817 3368 Ceterum,
835 3312 936 3377 quum
958 3289 1024 3354 duo
1045 3287 1233 3356 consulares
1254 3293 1399 3358 exercitus

391 3484 405 3532 3
424 3469 590 3530 Lychnidum]
615 3469 689 3517 Hanc
711 3482 796 3516 rocem
819 3482 863 3530 pro
895 3482 973 3529 quum
989 3467 1041 3515 eina
1058 3467 1154 3515 landae
1171 3469 1287 3518 cultores
1305 3471 1330 3520 in
1344 3481 1398 3517 nere

763 987 831 1041 mre,
853 987 913 1052 per
934 964 1088 1030 Achaiam
1114 965 1360 1066 Boeotiamque
1380 987 1416 1030 er.

352 1323 471 1389 tenere,
487 1333 524 1376 ac
538 1309 737 1375 descendisse
753 1309 788 1373 in
801 1310 1010 1396 Argestaeum
1027 1331 1201 1410 campum:
1232 1311 1415 1397 famamque

354 3535 419 3596 vulg.
437 3533 592 3582 Baebindum
613 3531 721 3595 reposuit
743 3531 862 3594 Sigonius
895 3533 927 3579 ab
944 3531 1039 3579 Aetolis
1054 3539 1143 3590 essent,
1158 3537 1186 3579 ut
1204 3538 1316 3582 tenatur
1331 3533 1399 3582 lina*

355 3597 550 3648 etintendit.
564 3611 601 3658 34.
895 3595 980 3642 xxviii.
993 3599 1033 3656 52¹

387 3663 599 3722 4Erla'udoeam]
625 3661 766 3710 Boebeidrm
782 3673 863 3708 eman·
929 3661 1134 3720 strumosum]
1155 3659 1207 3707 Vel
1220 3671 1398 3724 oonuptnuet

356 3723 863 3784 davitSabellicusserlBoebeiasivepa·
896 3722 942 3770 hoc
956 3723 1106 3780 nomen‚rel
1119 3737 1207 3783 parum
1221 3731 1321 3774 nomm.
1352 3725 1398 3772 Gis

356 3791 403 3849 lua,
414 3789 464 3838 sive
480 3789 630 3852 regiuncula,
645 3788 708 3836 iacet
724 3788 769 3835 sub
786 3781 863 3836 Penei
896 3800 984 3833 reanua
995 3785 1053 3848 legit
1061 3787 1228 3846 Aesimum
1244 3787 1398 3851 Sigonirudr

356 3853 427 3910 ordo,
442 3853 514 3914 longe
530 3853 596 3900 ultra
613 3850 806 3908 Demetriadem,
822 3865 863 3898 ne
894 3849 1316 3912 pertaeam‚idest,'1'hesprotiurn.
1338 3853 1398 3900 rte

356 3929 405 3976 que
426 3915 511 3976 liquet,
531 3931 605 3976 quare
627 3915 768 3977 Philippus,
796 3919 864 3962 tauto
897 3913 1348 3978 protienimalionomineAegentan'
1368 3931 1398 3962 aa

356 3978 436 4040 spatio
444 3979 493 4026 iam
502 3994 661 4040 praegressus,
668 3979 719 4026 illic
728 3983 864 4026 reverteret.
898 3992 946 4039 que
957 3978 1116 4035 vocabantur,
1125 3981 1188 4025 teste
1198 3977 1342 4041 Stephano.
1356 3981 1393 4028 Cr.

359 4043 519 4102 Quapropter
541 4049 646 4090 veterem
671 4042 802 4091 lectionem
824 4043 865 4090 de·
930 4039 1046 4090 bilorna
1056 4042 1175 4102 niuniu]
1187 4041 1295 4092 Cornua
1305 4045 1397 4092 interr:-

357 4105 437 4154 fendit
460 4105 511 4153 Iac.
532 4105 678 4164 Gronovius,
696 4106 813 4168 “quippe
834 4106 865 4154 ob
898 4104 977 4166 signia
992 4119 1158 4153 urccwomm
1170 4105 1314 4156 Alexandri
1329 4107 1396 4165 liar?

359 4175 436 4218 certas
444 4183 528 4216 causas
539 4168 619 4228 potuit
629 4168 759 4230 Philippus
767 4174 866 4218 coactus
898 4169 1028 4217 illustravit
1045 4168 1209 4232 spanhemius
1227 4171 1263 4220 de
1276 4171 1396 4220 Praesta·-

358 4233 433 4280 lmese
454 4247 485 4280 ex
508 4231 612 4280 Boeotia
633 4231 763 4280 deflectere
785 4248 866 4280 venus
899 4239 924 4280 et
941 4231 995 4281 Usu
1011 4231 1177 4280 Nummorum
1194 4233 1239 4282 rii.
1258 4251 1285 4296 p.
1304 4239 1357 4298 387.
1369 4249 1394 4296 p

359 4296 470 4344 dextram
486 4293 513 4343 in
529 4295 665 4352 Euboeam,
676 4301 704 4341 ut
718 4311 757 4343 rer
772 4295 867 4344 insulae
900 4298 1044 4346 lassantem
1055 4301 1274 4363 cornutorum
1295 4301 1375 4349 Duru

360 4356 490 4420 inspiceret
515 4373 545 4406 ec
572 4356 737 4416 corratitueret,
759 4359 867 4408 maxime

1354 3933 1366 3978 ·
