3002 4798
327 179 365 240 16
709 174 820 241 ΤΙΤΙ
851 173 986 241 LIVII

233 353 239 366 ·
284 336 306 430 ὃ·
326 313 412 378 vium
442 313 579 378 maxime
607 311 758 378 Comelio
783 335 933 378 numerus
957 312 1148 378 deminutus.
1197 309 1372 400 Sexaginta

326 399 571 487 quinqueremes
592 399 683 464 datae
706 401 762 488 (ne
787 423 826 464 ue
849 401 934 465 enim
957 401 1034 464 mari
1056 414 1235 476 venturum,
1253 412 1308 464 aut
1330 421 1372 462 ea

325 497 414 573 parte
437 485 512 552 belli
534 423 905 552 dimicaturumqhostem
927 485 1112 572 credebant)
1134 499 1166 551 et
1188 486 1270 550 duae
1301 485 1372 550 Ro-

325 595 437 637 manae
452 572 592 659 legiones
614 595 687 638 cum
708 595 766 637 suo
787 573 870 639 iusto
891 573 1044 660 equitatu,
1060 590 1093 638 et
1138 571 1371 637 uattuordecim

325 658 464 724 millibus
499 660 655 724 sociorum
692 660 846 748 peditum,
882 659 1042 747 equitibus
1112 660 1119 674 '
1145 681 1163 723 e
1200 657 1368 724 sexcentis.

325 745 416 810 Duas
429 745 570 834 legiones
582 747 752 825 Romanas,
765 760 798 811 et
808 746 919 812 decem
934 745 1033 812 millia
1042 747 1198 812 sociorum
1211 745 1370 833 peditum,

325 831 411 896 mille
433 834 556 920 equites
576 834 687 912 socios,
708 847 874 898 sexcentos
896 832 1058 898 Romanos
1080 832 1186 898 Gallia
1206 830 1371 920 provincia

325 918 438 984 eodem
453 943 543 986 versa
555 921 590 984 in
604 920 764 986 Punicum
779 919 897 986 bellum
913 920 1031 984 babuit
1380 944 1395 992 3

244 1043 267 1098 .-
369 1004 431 1070 His
453 1007 498 1072 ita
518 1009 714 1095 comparatis,
731 1019 767 1072 ut
787 1006 896 1072 omnia
916 1006 998 1071 iusta
1018 1018 1092 1071 ante
1106 1005 1226 1070 bellum
1243 1005 1369 1081 fierent,

223 1153 228 1164 .
325 1091 445 1179 legatos
456 1094 590 1158 maiores
601 1107 688 1171 natu,
706 1093 748 1169 Q,
759 1093 902 1171 Fabium,
919 1091 966 1157 M.
978 1092 1115 1170 Livium,
1132 1092 1170 1156 L
1182 1091 1369 1167 Aemilium,
1380 1119 1395 1161 4

163 1216 296 1279 thegincm.

191 1153 196 1162 .
289 1178 299 1187 ”
328 1177 367 1244 C.
385 1178 556 1257 Licinium,
587 1179 629 1255 Q,
647 1180 812 1257 Baebium,
838 1180 873 1244 in
901 1179 1041 1244 Africam
1072 1179 1203 1243 mittunt
1229 1176 1269 1241 ad
1294 1199 1372 1264 per-

326 1266 520 1332 cunctandos
545 1266 833 1354 Carthaginienses,
855 1266 1025 1353 publicone
1047 1265 1178 1330 consilio
1204 1262 1370 1329 Hannibal

328 1350 505 1439 Saguntum
524 1375 588 1440 opp
655 1354 758 1418 asset?
780 1365 813 1418 et
831 1353 867 1430 si,
882 1352 918 1417 id
936 1352 1023 1440 quod
1042 1351 1154 1418 facturi
1168 1351 1368 1427 videbantur,

324 1438 508 1519 faterentur,
523 1463 559 1505 ac
574 1440 782 1505 desudarent
800 1439 928 1527 publico
945 1439 1076 1505 consilio
1089 1438 1217 1516 factum,
1233 1449 1270 1502 ut
1283 1436 1371 1502 indi·

324 1539 432 1591 cerent
454 1527 573 1616 populo
597 1525 852 1613 Carthaginiensi
867 1525 994 1592 bellum.
1040 1525 1179 1591 Romani
1200 1536 1370 1613 postquem

329 1612 556 1700 Carthaginem
580 1627 746 1691 venerunt,
769 1636 869 1701 quum
890 1627 1017 1678 senatus
1038 1614 1130 1679 dabas
1151 1625 1242 1689 esset,
1266 1625 1300 1675 et
1323 1609 1367 1685 Q.

327 1698 442 1764 Fabius
455 1701 538 1765 nihil
552 1700 642 1776 ultra,
658 1723 754 1787 quam
775 1723 884 1777 uuum,
900 1699 989 1786 quod
1005 1699 1190 1764 mandatum
1204 1712 1281 1776 erat,
1296 1717 1371 1785 per-

326 1798 491 1851 cunctatus
505 1800 605 1864 esset3
621 1801 689 1852 tum
700 1810 740 1851 ex
755 1785 1068 1886 Carthaginiensibus
1078 1809 1178 1851 unus:
1196 1785 1372 1871 ‘Praeceps

326 1879 457 1951 ‘vestra
473 1874 621 1951 Romani,
637 1887 670 1939 et
713 1874 776 1938 rior
797 1873 913 1961 legatio
934 1873 1004 1951 fuit,
1020 1895 1120 1960 quum
1143 1869 1368 1947 Hannibalem,

326 1964 495 2048 ‘tauquam
518 1984 575 2026 suo
597 1896 727 2026 consilio
757 1959 932 2048 Saguntum
954 1981 996 2047 op
1005 1971 1192 2110 ὃιὲῖιιειιιῐειῃ
1218 1958 1370 2046 deposce-

327 2047 442 2113 ‘batisz
481 2060 622 2114 ceterum
644 2047 722 2112 baec
744 2047 859 2132 legatio
881 2045 983 2111 verbis
1069 2068 1109 2110 uo
1130 2045 1232 2110 lenior
1253 2056 1310 2120 est,
1332 2065 1367 2108 re

327 2136 492 2222 ‘asperion
538 2135 632 2200 Tunc
647 2134 733 2199 enim
756 2127 918 2198 Hannibal
939 2145 973 2198 et
994 2130 1242 2209 insimulabatur,
1257 2142 1291 2196 et
1311 2129 1369 2194 de·

327 2223 549 2308 ‘poscebaturz
572 2245 659 2286 nunc
674 2221 714 2286 ab
725 2221 817 2286 nobis
827 2234 860 2286 et
870 2219 1024 2285 confessio
1038 2218 1150 2306 culpae
1162 2217 1365 2306 exprimitur3

328 2314 388 2386 ‘et,
405 2323 441 2375 ut
462 2333 482 2374 a
502 2309 661 2386 confessis,
676 2329 726 2372 res
744 2305 905 2407 extemplo
926 2317 1121 2394 repetuntur.
1168 2304 1238 2391 Ego
1260 2317 1366 2368 autem

328 2400 421 2471 ‘non‚
437 2396 559 2482 privato
572 2394 742 2481 publicone
754 2393 884 2458 consiho
898 2391 1074 2479 Saguntum
1085 2404 1302 2492 oppugnatum
1317 2389 1366 2466 sit,

328 2480 564 2567 ‘quaerendum
579 2501 741 2544 censeam:
765 2479 821 2543 sed
832 2490 939 2542 utrum
954 2479 1032 2555 iure,
1048 2501 1089 2542 au
1103 2479 1226 2542 miuria.
1251 2477 1368 2542 Nostra

328 2566 433 2632 ‘euim
448 2566 527 2631 haec
541 2566 684 2653 quaestio
705 2579 801 2652 atque
816 2564 1045 2630 animadversio
1060 2565 1094 2628 iu
1109 2565 1210 2630 civem
1225 2575 1366 2629 nostrum

328 2660 412 2730 ‘est3
435 2665 552 2730 nostro,
565 2675 605 2717 an
617 2675 674 2716 suo
688 2651 799 2716 fecerit
812 2652 949 2717 arbitrio.
978 2651 1152 2717 Vobiscum
1167 2673 1231 2716 una
1244 2650 1367 2750 discep-

328 2740 425 2805 ‘tatio
440 2753 497 2817 est,
512 2739 676 2804 licueritne
691 2761 749 2826 per
762 2738 874 2804 foedus
888 2739 965 2802 fieri.
1011 2737 1124 2825 Itaque
1140 2737 1290 2824 quoniam
1305 2737 1367 2801 drs-

327 2827 433 2893 ‘cerui
448 2827 560 2914 placet,
576 2825 654 2912 quid
668 2824 795 2912 publico
815 2825 956 2902 consilio,
972 2824 1051 2975 quid
1070 2847 1127 2888 sua
1141 2836 1252 2975 ῗοηῐε
1268 2823 1367 2911 impe·

327 2923 463 2980 ‘ratores
477 2913 610 2988 faciant3
635 2913 725 2976 nobis
744 2913 904 2976 vobiscum
924 2911 974 2977 foe
1000 2933 1035 2975 us
1050 2923 1131 2976 esta
1176 2911 1275 2976 utatio
1292 2932 1367 2975 oon-

327 3001 412 3065 ‘sule
435 3001 551 3065 ictum:
589 3000 623 3063 in
646 3021 710 3085 quo
732 3018 831 3085 quum
854 3011 1017 3062 caveretur
1038 3010 1243 3084 utrorumque
1266 2997 1366 3073 sociis,

328 3087 426 3150 ‘nihil
441 3087 482 3151 de
500 3086 682 3172 Saguntinis
697 3083 848 3171 (necdum
870 3085 955 3150 euim
976 3097 1065 3148 erant
1079 3083 1155 3149 socii
1170 3083 1280 3168 vestri)
1294 3105 1367 3147 cau·

252 3207 256 3218 ·
328 3183 415 3239 ‘tum
437 3187 493 3238 est
553 3176 601 3237 At
622 3171 707 3236 enim
737 3194 775 3236 eo
797 3171 933 3249 foedere,
957 3171 1044 3260 quod
1073 3193 1146 3235 cnm
1169 3169 1366 3234 Hasdrubale

328 3261 445 3326 ‘ictum
467 3273 523 3337 est,
549 3258 714 3346 Saguntini
738 3258 947 3345 excipiuntur.
996 3258 1157 3322 Adversus
1202 3256 1267 3321 uod
1288 3255 1391 3320 nihils

329 3357 407 3436 ‘ego
429 3348 571 3413 dicturus
589 3369 670 3423 sum,
689 3345 749 3410 nisi
771 3345 858 3432 quod
880 3369 899 3408 a
920 3346 1008 3410 vobis
1029 3344 1136 3408 didici.
1179 3280 1250 3407 isos
1271 3344 1367 3422 enim,

329 3435 433 3522 ‘quod
450 3433 488 3499 C.
502 3434 650 3499 Lutatius
665 3432 774 3497 consul
788 3431 891 3518 primo
905 3431 1070 3496 nobiscum
1087 3431 1198 3496 foedus
1213 3430 1277 3507 icit,
1294 3429 1370 3517 quia

329 3531 452 3610 ‘neque
474 3522 658 3586 auctoritate
685 3519 826 3592 Petrum,
849 3540 908 3582 nec
930 3517 1038 3604 populi
1062 3519 1147 3581 iussu
1170 3517 1267 3582 ictum
1290 3529 1368 3593 erat,

328 3609 482 3694 ‘negastis
504 3630 559 3670 vos
581 3629 619 3669 eo
642 3605 751 3669 teneri.
807 3603 918 3689 Itaque
942 3603 1028 3666 aliud
1050 3603 1090 3666 de
1113 3605 1236 3690 integro
1258 3603 1369 3666 foedus

361 3823 374 3868 3
386 3809 476 3856 Eodem
485 3809 567 3866 uerso]
581 3809 670 3855 Eodem
679 3823 745 3854 unna
754 3806 832 3854 Drak.
866 3813 914 3864 tus,
926 3808 998 3856 xxvii.
1012 3823 1049 3868 34.
1066 3809 1150 3856 Sinon.
1172 3809 1202 3854 cl.
1215 3809 1269 3856 Pol.
1283 3807 1315 3854 iii.
1330 3823 1370 3868 το,

328 3879 353 3920 et
364 3873 435 3920 Creu.
451 3873 565 3919 Noadma
576 3887 646 3919 versa
654 3885 685 3918 ex
695 3870 832 3919 coniectura
867 3886 904 3919 21.
916 3878 941 3919 et
954 3885 990 3933 33.

328 3937 354 3983 J.
363 3936 403 3984 Fr.
413 3935 519 3984 Gronov.
528 3934 654 3982 intextum
667 3935 833 3996 recepitBek·
902 3938 1065 3999 5Sayuntt'm'
1087 3937 1258 3998 accipiuntur]
1288 3935 1369 3983 Nimi-

329 4001 379 4048 ker.
866 4015 918 4048 mm
936 4016 951 4049 e
969 4015 1179 4060 numerosorum,
1196 3999 1291 4061 quibus,
1312 4015 1369 4048 cum

360 4084 375 4126 4
393 4067 431 4113 M.
442 4064 552 4122 Livium]
571 4063 605 4120 Is,
616 4063 658 4124 qui
673 4069 757 4125 postea
767 4064 829 4112 Sala·-
862 4081 911 4112 non
928 4070 1026 4113 cautum
1044 4065 1083 4123 sit,
1099 4079 1166 4113 arma
1183 4063 1271 4112 inferre
1287 4063 1370 4113 liceat.

327 4137 399 4178 nator
415 4127 494 4176 dictus
511 4135 556 4186 est,
573 4125 639 4175 xxix.
659 4139 696 4188 37.
712 4143 763 4176 asse
780 4143 829 4175 non
862 4132 981 4191 [acceptia
994 4129 1068 4186 enirn,
1079 4135 1107 4176 ut
1121 4129 1156 4176 ait
1167 4129 1219 4178 Cic.
1233 4143 1276 4190 pro
1288 4127 1369 4176 Balbo

328 4198 416 4256 potest,
427 4193 492 4253 quod
507 4192 590 4240 consul
608 4199 670 4240 esset
686 4197 738 4240 tum
753 4207 828 4254 quum
865 4208 900 4252 ¹4·
918 4197 993 4255 facit,
1017 4209 1049 4240 ac
1072 4193 1159 4251 Μαι,-
1190 4196 1232 4243 ubi
1258 4209 1307 4240 non
1332 4201 1369 4242 est

328 4257 388 4305 haec
406 4257 493 4318 legatio
508 4256 580 4304 missa
594 4257 733 4316 est,aut,si
751 4263 828 4318 poste-
861 4265 994 4318 acceptam,
1026 4258 1060 4306 tta
1091 4273 1185 4307 moeste
1220 4265 1255 4308 est
1287 4257 1368 4306 tione.

326 4322 388 4369 tiore
399 4335 463 4369 anuo
475 4319 545 4369 missa
557 4327 601 4380 est,
613 4337 667 4369 reus
681 4321 717 4369 vel
730 4321 828 4369 damna·
863 4321 985 4372 Rasouto.
1010 4321 1040 4370 cl.
1053 4321 1107 4372 Pol.
1120 4320 1152 4370 iii.
1166 4334 1203 4384 27.
