2966 4778
360 234 423 298 146
742 227 855 296 ΤΙΤΙ
886 227 1021 296 L'IVII

200 382 279 434 lac.
296 367 505 454 536.equitum
524 364 712 430 dictatorem
734 365 769 430 in
790 387 846 430 sex
869 387 994 430 menses
1015 363 1106 430 dixit.
1153 361 1194 441 la,
1210 363 1266 428 ubi
1285 383 1362 428 cum
1376 361 1409 426 li·

200 450 232 498 ·⁴·
250 448 280 538 ⁰3
297 444 351 498 ²¹⁶·
360 452 502 520 ctoribus
517 453 551 516 in
561 451 678 518 Rostra
691 451 844 529 escendit,
858 461 978 540 ‘neque
994 451 1075 516 duos
1089 449 1257 516 dictatores
1269 459 1428 548 temporeo

232 515 302 608 ,²¹3⁶
319 598 324 608 .
363 547 459 617 ‘uno,
469 539 557 627 qnod
572 561 737 626 nunquam
749 552 842 604 antea
856 539 975 604 factum
991 551 1082 616 esset,
1093 539 1226 625 probare
1241 537 1298 613 se,’
1314 535 1408 602 durit:

203 597 338 710 ssfflm
363 634 373 666 ⁶
383 649 490 712 neque
499 625 686 692 dictatorem
699 648 732 690 se
744 624 1141 712 sinemagistroequitnm:
1165 646 1225 688 nec
1236 623 1409 688 censoriam

363 712 447 776 ‘vim
469 711 526 778 uni
541 712 741 864 &missam
757 724 790 776 et
807 711 913 776 eidem
934 712 1066 776 iterum:
1091 733 1151 776 nec
1173 709 1335 785 dictatori,
1355 708 1428 773 nisit

363 798 428 864 ‘rei
442 822 540 887 geren
613 821 707 864 causa
721 812 837 875 creato,
853 799 887 863 in
902 821 959 880 sex
971 820 1095 863 menses
1109 798 1221 863 datum
1232 796 1408 883 imperium

363 893 373 924 ‘
386 885 479 963 Quae
495 884 703 951 immoderata
713 885 785 962 fors,
798 901 923 972 tempus
938 908 975 949 ac
989 885 1159 950 necessitas
1173 882 1321 958 fecerint,
1334 882 1371 946 iis
1380 894 1429 944 ses

360 981 372 1026 .‘
382 972 513 1038 modum
541 972 773 1058 impositurum.
825 971 910 1036 Nam
940 993 1047 1058 neque
1075 984 1188 1036 senatu
1218 991 1410 1056 quemquam

363 1067 543 1124 ‘moturum
558 1081 598 1123 ex
618 1058 666 1134 iis,
681 1080 761 1144 quos
778 1055 818 1122 C.
831 1056 1015 1134 Flaminius,
1034 1056 1071 1121 L.
1087 1056 1246 1122 Aemilius
1268 1076 1411 1120 censores

282 1219 287 1231 ,
363 1146 417 1210 ‘in
440 1157 586 1210 senatum
609 1143 776 1232 legissent:
802 1143 984 1208 transscribi
1006 1157 1130 1209 tantum
1151 1142 1347 1228 recitarique
1364 1161 1411 1205 cos

363 1231 559 1307 ‘iussurum3
582 1253 623 1294 ne
642 1253 741 1317 penes
755 1253 855 1296 uuum
876 1229 1038 1295 hominem
1059 1230 1214 1294 indicium
1233 1229 1412 1292 arbitrium·

364 1326 375 1356 ‘
383 1340 446 1404 que
462 1317 503 1382 de
517 1317 601 1382 fama
615 1339 652 1380 ae
667 1317 807 1382 nroribus
826 1317 979 1382 senatoris
993 1315 1106 1381 fuerit:
1132 1316 1224 1381 etita
1238 1315 1276 1378 in
1291 1314 1411 1378 demor-

365 1414 512 1470 ‘tuornm
528 1403 632 1470 locum
648 1402 873 1480 sublecturum,
889 1417 925 1467 ut
940 1402 1018 1467 ordo
1032 1401 1147 1480 ordini,
1163 1425 1229 1466 non
1244 1401 1348 1466 horno
1361 1400 1412 1464 ho·

364 1491 462 1556 ‘mini
484 1489 642 1577 praelatus
665 1489 843 1554 videretur?
889 1489 1037 1554 Recitato
1063 1503 1169 1554 vetere
1192 1503 1321 1565 senatu,
1345 1485 1411 1550 inde

362 1577 481 1664 primos
496 1577 530 1640 in
545 1576 783 1641 demortuorum
799 1575 903 1640 locum
924 1574 1010 1662 legit,
1027 1577 1083 1662 qui
1098 1586 1170 1663 post
1184 1575 1223 1639 L.
1239 1573 1412 1640 Aemilium

362 1676 397 1727 et
416 1662 454 1728 C.
469 1661 660 1726 Flaminium
682 1685 827 1728 censores
846 1662 988 1727 curulem
1012 1662 1229 1762 magistratum
1246 1661 1430 1748 sepimenta

363 1748 502 1814 necdum
517 1749 551 1812 in
566 1760 712 1815 senatum
727 1748 801 1814 lecti
819 1761 943 1824 essent3
967 1761 1004 1812 ut
1018 1771 1153 1835 qursque
1168 1769 1281 1812 corum
1298 1747 1413 1834 primus

363 1847 486 1900 creatus
501 1847 585 1900 erat:
611 1847 679 1900 tum
695 1834 782 1923 legit,
795 1835 851 1935 qui
865 1835 993 1912 aediles,
1007 1835 1126 1899 tribuni
1140 1833 1256 1921 plebei,
1270 1847 1428 1920 quaestor

363 1943 451 1987 resve
472 1921 614 1986 fuerant:
640 1934 708 1987 tum
730 1943 771 1986 err
794 1923 841 1998 irs,
861 1921 917 2008 qui
940 1921 1139 2008 magistratus
1159 1942 1226 1984 non
1245 1920 1411 2007 cepissent,

339 2053 342 2060 -
363 2008 420 2094 qui
435 2007 534 2095 spolia
545 2030 585 2073 ex
600 2007 691 2072 hoste
702 2007 767 2072 fixa
782 2007 869 2072 domi
883 2006 1047 2084 haberent,
1057 2019 1113 2072 aut
1124 2006 1255 2071 civicam
1265 2025 1429 2070 coronara²

364 2095 568 2182 accepissent.
613 2094 674 2171 Ita,
690 2107 819 2158 centurn
839 2093 1039 2181 septuaginta
1058 2105 1179 2180 septem
1201 2114 1277 2157 curn
1295 2090 1413 2179 ingenti

364 2182 591 2282 approbatione
608 2180 773 2245 hominum
790 2180 822 2244 in
842 2193 988 2244 senatum
1005 2178 1104 2256 lectis,
1121 2192 1228 2244 extem
1251 2178 1288 2242 lo
1304 2201 1340 2244 se
1356 2199 1413 2242 rna·

364 2282 498 2354 grstratu
512 2265 678 2344 abdicavit,
693 2267 897 2353 privatusque
909 2265 949 2330 de
966 2264 1091 2330 Rostris
1105 2265 1222 2330 descen
1247 2265 1283 2342 't‚
1302 2264 1413 2329 lictori·

365 2355 424 2418 bus
438 2353 525 2418 abire
541 2353 649 2418 iussis:
674 2354 849 2438 turbaeque
865 2374 898 2416 se
914 2351 1086 2416 immiscuit
1099 2353 1236 2451 privatas
1250 2353 1413 2438 agentium

365 2461 424 2514 res,
444 2452 508 2504 tem
533 2461 570 2503 us
589 2438 650 2504 boc
668 2437 780 2504 sedulo
796 2453 911 2514 terena,
927 2461 969 2502 ne
987 2437 1170 2503 deducendi
1184 2460 1234 2502 sur
1248 2460 1351 2505 causa
1363 2461 1413 2524 pu-

364 2523 477 2674 pulum
506 2461 548 2588 de
572 2523 640 2588 foro
664 2524 844 2590 abduceret.
891 2524 1008 2612 Neque
1039 2537 1146 2590 tamen
1171 2523 1202 2588 el
1295 2525 1320 2589 't
1346 2545 1414 2588 cura

389 2631 532 2676 ominum
547 2633 586 2674 ea
601 2632 697 2688 mora,
707 2610 954 2698 frequentesque
968 2633 1043 2674 enm
1057 2610 1223 2675 domumd
1266 2622 1412 2676 uxernnt

368 2693 491 2760 Consul
514 2709 608 2760 nocte
632 2697 814 2784 insequenti
843 2696 885 2761 ad
908 2697 1084 2762 exercitum
1110 2696 1214 2774 rediit,
1241 2719 1313 2761 non
1338 2697 1413 2762 facto

365 2781 499 2849 certiore
514 2793 635 2859 senatu,
651 2804 693 2847 ne
708 2783 910 2848 comitiorum
924 2805 1020 2848 causa
1033 2783 1066 2847 in
1082 2783 1159 2848 urbe
1174 2783 1380 2850 retineretur.

299 2911 307 2928 .
409 2867 541 2934 Postero
560 2868 614 2933 die
636 2868 798 2934 consultus
818 2893 838 2934 a
856 2868 913 2934 M’.
924 2869 1103 2957 Pomponio
1122 2882 1267 2956 praetore
1289 2885 1413 2936 senatus

365 2954 515 3032 decrevit,
534 2954 680 3019 dictatori
700 2955 913 3032 scribendum,
930 2955 988 3031 uti,
1003 2956 1030 3021 si
1049 2979 1068 3020 e
1090 2955 1254 3042 republica
1271 2967 1429 3022 censuere

365 3063 442 3119 esse,
462 3042 504 3106 ad
521 3040 666 3106 consules
684 3041 900 3128 subrogandos
914 3042 1039 3106 veniret
1059 3064 1133 3106 cum
1153 3063 1184 3105 m
1228 3041 1308 3106 'tro
1329 3041 1413 3128 equi·

365 3140 433 3192 tum
449 3143 482 3192 et
495 3141 639 3215 praetore
654 3126 703 3192 M.
718 3126 882 3206 Marcello,
898 3141 935 3193 ut
948 3149 990 3194 ex
1001 3127 1040 3192 iis
1053 3129 1210 3215 praesenti
1235 3151 1273 3192 us
1285 3149 1413 3196 noscere

365 3337 510 3400 scriptonrm
538 3337 691 3386 testimoniis.
728 3336 786 3385 vid.
807 3351 872 3398 supr.
906 3336 972 3386 sitas.
990 3339 1071 3388 Cras.

367 3401 415 3454 riii.
429 3415 466 3463 ²3·
484 3402 565 3452 Orias.
939 3417 955 3465 9
969 3402 1085 3453 cumam
1100 3404 1269 3465 nmmum
1282 3403 1410 3468 ceptum]

398 3463 499 3514 6Duor
515 3466 653 3526 dictatores]
681 3463 795 3514 Dictator
812 3465 875 3513 alter
907 3463 963 3514 Hos
982 3467 1081 3527 quidem
1101 3467 1128 3515 in
1150 3467 1242 3514 curiam
1265 3483 1342 3516 curru
1364 3465 1412 3516 vehi

366 3533 418 3579 erat
430 3530 466 3578 M.
480 3527 567 3578 Iunius
581 3529 652 3578 Pera.
675 3528 706 3576 cf.
717 3544 782 3590 supr.
797 3543 834 3589 ¹4·
850 3535 875 3576 ct
908 3529 991 3578 solitos
999 3529 1082 3578 scribit
1091 3529 1298 3580 GaviusBaasus:
1318 3539 1412 3586 cetam

367 3592 427 3642 xxii.
439 3604 477 3654 57.
907 3593 949 3654 qui
966 3594 1134 3656 magistratum
1151 3595 1261 3642 curulem
1279 3611 1332 3643 non
1349 3609 1411 3656 cepe

401 3668 414 3720 7
435 3659 485 3707 Uni
493 3657 760 3719 mammaeam
771 3657 873 3717 iterum]
907 3663 971 3716 rant,
989 3657 1093 3718 pedibus
1110 3657 1208 3706 itavisse
1224 3657 1251 3706 in
1270 3660 1375 3715 curiam,
1391 3665 1411 3706 et

369 3721 479 3769 Primum
496 3721 561 3782 quod
578 3718 687 3770 censoria
704 3719 739 3768 ris
758 3720 876 3782 permissa
907 3720 998 3770 idcirco
1022 3721 1134 3784 pellarios
1159 3721 1307 3774 nominatos.
1340 3724 1370 3772 cd
1386 3725 1412 3770 A.

368 3783 399 3832 sit
409 3783 461 3840 uni,
472 3798 547 3844 quurn
558 3782 628 3832 iuxta
640 3785 706 3846 leges
716 3785 812 3832 duobus
822 3798 874 3846 per-
908 3783 974 3834 Gall.
985 3784 1019 3834 iir.
1035 3786 1070 3834 ra.

368 3846 433 3894 mitti
450 3847 563 3895 deberetz
583 3849 718 3898 secundum
734 3849 799 3909 quod
816 3861 874 3897 cun·
946 3863 955 3896 r
974 3849 1085 3909 Aediles]
1110 3864 1143 3898 rc.
1163 3848 1254 3910 Plebis,
1267 3851 1364 3914 quippe
1378 3863 1411 3898 ae

369 3910 426 3958 dem
445 3915 510 3958 certe
528 3910 565 3958 bis
580 3910 712 3958 Censorem
731 3911 806 3960 creari
825 3926 874 3959 non
907 3911 1076 3962 dilesenrules
1087 3927 1143 3962 eum
1155 3913 1295 3964 manuum
1309 3921 1336 3964 et
1350 3929 1411 3978 prae

369 3972 468 4029 liceret3
484 3987 558 4033 quam
575 3973 653 4034 legem
667 3971 700 4021 U.
711 3972 741 4020 C.
752 3975 807 4032 488.
818 3974 876 4022 tulit
908 3976 1001 4024 toribus
1016 3975 1080 4024 inter
1092 3978 1189 4026 curules
1204 3978 1363 4041 magistratus
1375 3992 1411 4026 arr

369 4038 399 4087 G.
411 4035 520 4086 Marcius
532 4035 641 4094 Rutilus,
654 4037 803 4086 Oemcrinm
817 4036 876 4086 inde
908 4045 1075 4088 numerantur.

369 4099 613 4214 cvcgpqmpppxmsivcf.
626 4099 693 4148 Plnt.
708 4099 735 4148 in
748 4099 839 4149 Coriol.
850 4106 876 4150 st
941 4117 954 4151 c
973 4105 1022 4162 Qus·
1032 4105 1110 4166 spolia
1124 4121 1155 4154 ee
1167 4105 1245 4166 tau]
1265 4106 1296 4156 ct
1309 4105 1380 4169 Supr.
1391 4119 1411 4152 ι

396 4180 454 4213 ae.
531 4199 537 4212 .
574 4198 580 4212 .
608 4199 614 4212 .
925 4202 932 4216 .

405 4229 421 4276 8
440 4230 509 4286 Quas
525 4228 693 4287 immoderate]
723 4226 797 4283 Quas
812 4229 877 4277 ultra
911 4177 925 4227 ⁷
942 4244 956 4291 3
972 4231 1271 4293 marmaritanorum]
1289 4233 1410 4284 subdiu

369 4291 480 4350 modum,
501 4291 567 4338 ultra
592 4289 768 4352 praescriptum
793 4292 876 4353 legum
909 4291 960 4351 nio,
975 4293 1015 4342 cui
1033 4294 1148 4358 magister
1164 4295 1276 4358 equitnm
1293 4297 1332 4346 Ti.
1350 4299 1410 4348 seo·

360 4353 422 4408 “fieri
433 4353 567 4414 wtgiuent
577 4353 634 4412 lora,
641 4359 747 4416 ternpus,
755 4369 784 4404 ae
795 4370 876 4404 neees-
910 4355 1010 4417 pronius
1020 4364 1081 4417 crat,
1091 4373 1158 4422 supr.
1169 4359 1228 4409 xxii.
1240 4371 1280 4422 57.
