2888 4768
324 252 420 319 LIB.
445 241 555 320 xxv.
593 251 702 320 car.
726 257 778 322 ιι.
1006 257 1069 320 aaa

39 402 87 453 ant
99 388 231 476 neglecti
246 390 435 479 desertique,
475 393 507 456 ui
522 392 715 470 incidissent,
730 402 935 468 morerentur,
951 403 1007 456 ant
1020 413 1069 456 as-
1078 401 1113 452 U·
1125 401 1155 452 0.
1171 413 1225 464 540·

38 475 164 540 sidentes
184 491 393 566 curantesque
416 417 527 544 eadem
545 480 576 543 vi
597 479 698 543 morbi
720 502 753 544 re
777 478 857 544 letos
878 500 985 542 secum
1006 468 1108 542 tra·L
1125 467 1155 517 0·
1170 481 1225 515 ²¹²·

36 561 157 628 herent:
203 563 430 653 uotidianaque
452 566 564 630 funera
584 579 617 630 et
638 589 721 630 mors
740 502 781 630 ob
802 564 909 630 oculos
930 575 1020 642 esset,
1036 577 1069 630 et

22 648 168 736 'undique
181 585 252 714 dies
267 665 438 739 noctesque
454 652 593 740 ploratus
608 652 800 717 audirentur.
846 651 1011 716 Postremo
1025 651 1070 715 ita

35 736 226 803 assuetudine
242 738 317 802 mali
332 740 538 803 efferaverant
552 739 683 816 animos,
695 752 732 803 ut
746 761 812 803 non
824 738 919 802 modo
932 737 1071 802 lacrimis

35 821 171 909 iustoque
185 824 381 912 comploratu
401 839 667 914 prosequerentur
686 838 835 903 mortuos,
851 824 907 889 sed
921 847 962 889 ne
977 825 1069 888 effer·

35 921 99 971 rent
122 910 263 994 quidem,
289 925 344 976 aut
369 911 548 999 sepelirent,
575 912 777 998 iacerentque
804 923 901 976 strata
922 911 1070 974 exanima

35 1015 156 1081 corpora
169 996 204 1060 in
219 1011 391 1084 conspectu
405 998 540 1063 similem
555 1011 689 1063 mortem
701 998 969 1086 exspectantium
986 1019 1070 1060 mor-

34 1079 136 1167 tuique
160 1105 281 1170 aegros,
296 1085 381 1172 aegri
395 1085 524 1162 validos,
563 1107 641 1150 uum
660 1098 758 1163 metu,
775 1097 842 1149 tum
866 1084 938 1148 tabe
957 1105 994 1148 ac
1013 1105 1069 1184 pe-

34 1165 131 1232 stifero
156 1168 254 1234 odore
280 1193 318 1236 co
376 1193 456 1248 rum,
483 1108 695 1237 coniectent:
728 1185 770 1250 et,
797 1186 834 1237 ut
857 1171 939 1235 ferro
964 1183 1070 1270 potiris

34 1269 232 1333 morerentur,
267 1193 397 1344 quiiffin
425 1257 617 1324 invadebant
647 1259 706 1324 soli
737 1257 877 1324 hostium
909 1270 1068 1321 stationes.

35 1337 133 1406 Multo
152 1344 320 1408 tamensis
340 1345 439 1409 maior
455 1345 552 1432 pestis
567 1345 749 1410 Poenorum
767 1361 876 1422 castra,
892 1366 987 1430 quam
1004 1342 1071 1408 Ro-
1080 1348 1139 1424 Qua
1149 1350 1219 1398 ansu-

34 1447 127 1505 mana‚
150 1429 225 1518 (diu
248 1430 507 1496 circumsedendo
533 1431 709 1520 Syracusas,
733 1431 822 1496 coelo
845 1431 998 1519 aquisque
1022 1419 1228 1526 wmpunpxeq

34 1527 152 1580 onerant
173 1539 203 1580 m
249 1516 464 1604 ')affecerat
511 1517 563 1582 Ex
585 1519 723 1583 hostium
745 1519 887 1583 exercitu
911 1517 1018 1594 Siculi,
1034 1529 1071 1581 ut
1079 1493 1141 1592 {if
1175 1491 1218 1525 um

34 1599 162 1684 primum
184 1540 294 1668 nigre
317 1627 359 1668 ex
381 1605 533 1692 gravitate
556 1605 618 1670 loci
641 1604 762 1692 vulgari
786 1607 921 1682 morbos,
942 1605 977 1669 iu
1000 1626 1072 1668 suas

35 1686 160 1774 quisque
189 1691 384 1791 propinquas
410 1691 504 1756 urbes
529 1691 641 1779 dilapsi
666 1703 748 1756 sunt
795 1692 843 1756 At
870 1690 1072 1778 Carthagini-

35 1793 127 1852 enses,
149 1779 267 1865 qusbus
288 1800 332 1841 nu
373 1801 445 1844 uam
469 1791 615 1866 receptus
641 1791 716 1856 erat,
741 1801 815 1843 oum
840 1779 915 1865 ipsis
938 1777 1073 1842 ducibus

35 1855 222 1956 ffipmte
238 1801 542 1951 atquesilimilcone,
558 1864 598 1929 ad
613 1864 862 1930 internecionem
877 1887 987 1929 omnes
1001 1885 1073 1952 per·

35 1959 139 2013 lenmt
182 1949 364 2028 Marcellus,
379 1962 417 2015 ut
431 1962 519 2016 tanta
532 1951 579 2015 vis
601 1951 769 2038 ingruebat
790 1950 874 2027 mali,
890 1950 1073 2014 traduxerat

35 2029 66 2093 in
84 2036 194 2101 iubem
216 2060 308 2102 suos:
333 2037 521 2124 infirmaque
547 2059 677 2124 corpora
702 2048 787 2102 tecta
811 2049 844 2101 et
869 2035 998 2100 umbrae
1024 2057 1074 2100 re-

36 2137 216 2190 creaverant.
252 2123 351 2188 Multi
366 2137 473 2188 tamen
487 2146 528 2188 ex
540 2123 687 2188 Romano
701 2123 844 2187 exercitu
858 2121 970 2187 eadem
983 2134 1073 2209 peste

36 2203 185 2297 absumpti
200 2223 285 2276 sunt.

74 2291 188 2362 Deleto
206 2297 345 2362 terrestri
360 2297 484 2362 Punico
504 2297 655 2375 exercitu,
674 2295 782 2374 Siculi,
797 2295 854 2383 qui
870 2294 1074 2383 Hippocratis
1130 2293 1181 2358 27.

21 2378 143 2447 imilites
156 2385 292 2462 fuerant,
308 2384 343 2448 in
362 2383 449 2448 haud
469 2407 584 2471 magna
603 2383 729 2471 oppida,
746 2395 886 2449 ceterum
907 2395 940 2448 ct
959 2382 1020 2446 situ
1041 2393 1074 2446 et

37 2467 236 2536 munimentis
250 2482 327 2547 tuta,
343 2471 419 2557 (tria
433 2470 532 2536 millia
545 2470 679 2536 alterum
697 2471 737 2535 ab
754 2469 925 2559 Syracusis,
941 2469 1073 2534 alterum

22 2552 213 2636 §quindecim
233 2556 337 2644 abest)
357 2580 396 2622 eo
415 2570 449 2622 et
469 2571 662 2623 commeatus
676 2580 694 2622 e
710 2557 887 2622 civitatibus
907 2556 971 2620 suia
988 2579 1075 2620 com·

37 2642 206 2721 portabant,
221 2657 256 2708 et
270 2643 388 2708 auxilia
402 2645 607 2710 arcessebant.
640 2643 767 2709 Interea
778 2643 946 2721 Bomilcar,
958 2643 1075 2708 iterum
1083 2650 1175 2728 clami
1184 2651 1232 2702 Pu-

37 2744 104 2790 cum
123 2729 220 2795 classe
239 2731 398 2818 profectus
415 2729 652 2819 Carthaginem,
667 2732 713 2795 ita
727 2731 870 2819 exposita
883 2731 1009 2795 fortuna
1026 2733 1146 2795 εο-ωαει

37 2809 160 2895 ciorum,
181 2831 219 2881 ut
237 2840 325 2905 spem
345 2817 470 2896 faceret,
488 2841 554 2883 non
577 2819 654 2905 ipsis
677 2816 771 2883 modo
794 2817 961 2882 salutarem
982 2839 1075 2904 opem

37 2895 104 2963 feni
128 2925 230 2990 posse,
252 2904 309 2986 sed
334 2903 495 2970 Romanos
517 2927 645 2991 quoque
669 2904 704 2967 in
727 2917 819 2990 capta
841 2903 1076 2990 quodammodo

37 2985 108 3051 urbe
122 2991 204 3080 capi,
219 2989 367 3078 perpulit,
383 3002 419 3054 ut
434 2991 590 3054 onerarias
605 3013 700 3053 naves
714 3011 809 3076 quam
824 2989 974 3076 plurimas
989 2989 1076 3052 omni

39 3073 122 3158 copia
146 3100 253 3142 rerum
278 3089 406 3141 onustas
431 3097 539 3139 secum
568 3076 741 3151 mitterent,
767 3075 960 3174 classemque
987 3097 1075 3139 suam

39 3177 193 3246 augerent
238 3162 350 3249 Igitur,
373 3175 502 3227 centum
525 3161 655 3249 triginta
675 3161 806 3225 navibus
827 3161 929 3248 longis
951 3174 985 3225 et
1005 3183 1076 3247 sep-

39 3243 183 3333 ringentis
202 3249 353 3315 onerariis
373 3248 531 3335 profectus
553 3271 572 3312 a
593 3247 694 3313 Carth
735 3247 796 3324 ine,
815 3248 889 3311 satis
910 3269 1076 3348 prosperos

24 3339 142 3401 §ventos
171 3337 212 3401 ad
241 3335 462 3401 traiiciendum
491 3336 526 3399 in
557 3334 696 3400 Siciliam
763 3333 840 3399 buit
889 3333 953 3399 Sed
978 3333 1076 3398 iidem

41 3563 75 3612 ¹15⁵
99 3572 218 3622 exercitus
242 3572 394 3634 gravabatur,
415 3570 441 3619 id
463 3585 539 3633 genus
571 3570 604 3619 ix.
623 3584 661 3631 42.
682 3585 705 3620 x.
726 3583 764 3632 53.
790 3570 931 3620 Diuisio
951 3569 1003 3618 xiii.
1025 3585 1077 3630 ¹¹4·

42 3633 101 3700 quod
112 3637 215 3700 anglice
230 3637 329 3684 menalca
343 3636 492 3697 appellatur,
503 3635 539 3682 fu·
571 3634 621 3684 xiv.
633 3649 672 3694 41.
685 3646 723 3696 45.

42 3705 84 3743 1¹⁸0
100 3707 180 3750 censet
194 3699 296 3748 Nieblsr.
308 3699 333 3748 ii.
345 3715 370 3748 n.
384 3697 451 3747 1126.
463 3713 539 3760 quum
608 3701 718 3758 4Hnud
843 3698 945 3762 oppidu]
975 3697 1078 3760 Quippe

43 3754 227 3813 Diodorusvoce
235 3761 366 3826 φλύκταινα
374 3762 457 3812 utitur.
474 3762 540 3812 Fieri
572 3762 710 3813 Siculorum
726 3780 757 3811 πο
784 3779 870 3822 onera,
884 3763 935 3811 sive
951 3762 1079 3824 oppidula,

43 3825 119 3876 lamen
130 3833 255 3891 potestat
264 3828 339 3889 pestis
350 3827 394 3876 illa
402 3842 466 3888 quae
473 3828 541 3888 apud
573 3827 598 3875 in
614 3827 676 3890 iugis
691 3828 821 3886 montium,
834 3828 875 3889 qui
892 3827 1022 3888 Syracusas
1038 3827 1078 3875 de-

44 3881 114 3938 Indos
137 3893 309 3942 occidentales
332 3891 436 3954 Anglice
457 3893 541 3952 yellow
573 3897 694 3954 spectant,
702 3893 783 3954 posita
793 3891 866 3940 luisse
877 3891 943 3953 apud
954 3889 1078 3953 Thucydi-

38 3950 106 4006 sever
115 3957 262 4019 appellauit,
272 3961 298 4004 et
309 3957 408 4017 quaein
420 3955 543 4017 Hispania
574 3956 630 4004 darn
642 3956 752 4018 legimus.

44 4015 72 4060 ad
85 4033 162 4068 arcem
174 4021 278 4083 Calpem
291 4019 414 4081 qnondam
431 4019 542 4067 saeviisse
611 4023 680 4080 5Eo
698 4027 722 4069 et
740 4021 895 4079 cornmeoms]
923 4019 1080 4080 Supervacua

43 4079 97 4148 Pii!
111 4085 223 4144 creditur,
234 4085 273 4134 vel
289 4083 333 4131 illu
344 4098 406 4144 quaa
422 4083 495 4130 bodie
511 4082 542 4130 ab
575 4081 670 4130 videtur
693 4085 814 4146 particula
835 4101 868 4134 eu.
910 4083 944 4130 At
970 4097 1079 4130 nonnun-

44 4146 118 4195 mtula
131 4149 236 4212 Smyrna
251 4163 341 4196 nomen
357 4147 433 4206 ducit,
444 4152 470 4194 et
480 4161 543 4207 quae
575 4161 648 4208 quam
660 4153 726 4195 amat
738 4147 822 4196 Livius
838 4147 873 4195 ita
885 4146 961 4208 loqui,
972 4151 999 4192 ut
1010 4143 1079 4192 clari·

45 4205 182 4275 Plerumque
204 4211 304 4262 vomicis
331 4227 419 4274 corpus
445 4225 545 4272 aegrum
575 4210 621 4259 tati
632 4211 727 4260 serviat.
750 4209 1082 4273 Vid.supr.i.19.et58.at

46 4280 121 4386 ἢ
135 4275 545 4404 ξὲιιιοιῗιξιωαίῗιῗιῗέηάῖωᾞ
576 4275 857 4398 audigdbidznbcund]
875 4333 1023 4396 Cartbagine
1034 4333 1081 4381 Pa·

47 4395 82 4446 ὓῑὶ
103 4405 207 4468 etaupr.
217 4403 284 4464 iiio,
294 4415 315 4465 7.
325 4417 363 4466 3²·
374 4403 406 4452 iv.
416 4417 454 4464 30.
469 4401 542 4451 Dion.
577 4403 684 4464 thynum
704 4407 815 4464 petentes
834 4405 921 4450 ventus
941 4398 972 4446 ab
994 4411 1081 4446 occasu
