2878 4772
333 251 429 317 LIB.
454 249 600 317 XXVlL
635 249 747 317 CAP.
772 255 823 315 29.
1043 253 1105 318 375

50 387 226 452 Romanus
239 386 323 474 erat)
333 399 371 453 ut
381 388 449 454 sine
464 388 581 452 arbitro
593 386 719 464 milites,
731 407 813 473 quae
824 382 953 462 vellent,
965 399 1104 472 agerent,
1116 397 1150 449 U.
1162 399 1192 449 u.
1208 411 1263 462 544

50 473 235 574 oppidanos
249 496 307 562 per
321 493 428 539 muros
442 473 592 560 urbisque
604 485 782 561 opportuna
791 471 861 538 loca
871 471 906 536 in
916 470 1106 537 stationibus
1115 463 1145 512 k
1163 463 1193 514 ⁰·
1208 465 1263 514 ²0⁸·

49 560 253 646 disponuntz
276 560 435 625 custodias
454 559 638 648 vigiliasque
658 559 693 624 in
712 581 784 623 eam
803 570 931 622 noctem
951 557 1106 623 intentius

49 647 227 710 instruunt.
275 645 372 712 Circa
385 659 517 733 portam,
534 669 598 732 qua
611 658 781 710 venturum
800 643 924 709 hostem
944 644 1104 722 rebantur,

50 731 147 818 quod
160 733 281 797 roboris
295 732 330 797 in
344 732 501 820 praesidio
516 745 593 809 crat,
605 754 648 820 op
690 743 780 795 nunt
816 729 981 794 Hannibal
992 742 1106 816 quarta

49 818 166 904 vigilia
179 819 277 884 ferme
293 818 334 884 ad
349 819 459 884 urbem
473 819 612 883 accessit
686 817 758 880 rimi
775 816 910 902 agminis
928 830 1018 882 erant
1032 839 1104 916 per-

49 904 150 991 fugae
168 905 396 982 Romanorum,
412 917 445 970 et
459 927 547 970 arum
561 904 708 968 Romana
724 903 891 968 habebant.
938 901 976 979 Ii,
992 903 1047 968 ubi
1062 901 1104 966 ad

50 1005 182 1077 portam
205 1004 252 1056 est
273 1004 415 1068 ventum,
431 991 548 1056 Latine
572 1012 682 1055 omnes
705 989 872 1075 loquentes
895 988 1036 1052 excitant
1057 987 1104 1052 vi-

50 1075 145 1164 giles,
157 1077 336 1165 aperirique
351 1091 473 1164 portam
489 1077 618 1142 iubent:
635 1074 798 1141 consulem
813 1074 931 1140 adesse.
970 1072 1102 1159 Vigiles,

50 1162 145 1226 velut
164 1162 206 1226 ad
225 1186 336 1228 vocem
355 1185 465 1228 eorum
485 1163 624 1240 excitati,
639 1160 836 1238 tumultuari,
851 1174 898 1225 tre
923 1159 1019 1237 idare,
1035 1183 1105 1225 mo-

23 1248 107 1322 slin·
129 1261 262 1336 portam
310 1248 477 1314 Cataracta
497 1248 621 1313 deiecta
641 1247 746 1312 clausa
764 1260 839 1312 erat
916 1269 968 1310 am
987 1247 1103 1333 partim

52 1337 201 1400 vectibus
215 1336 340 1400 lerant:
364 1335 479 1423 partim
493 1334 622 1399 funibus
640 1333 823 1398 subducunt
839 1333 874 1397 in
892 1345 1015 1397 tantum
1032 1331 1103 1396 alti-

53 1420 190 1501 tudinis,
206 1434 242 1486 nt
256 1421 361 1486 subire
376 1422 455 1487 recti
466 1431 602 1509 possent.
642 1418 787 1485 Vixdum
801 1419 876 1483 satis
890 1419 1019 1505 patebat
1031 1418 1102 1496 iter,

53 1530 159 1594 quum
220 1507 328 1594 rfugae
348 1508 492 1573 certatim
511 1518 609 1572 ruunt
627 1529 685 1594 per
700 1519 844 1592 portam:
869 1517 902 1570 et
917 1527 1017 1590 quum
1031 1526 1104 1569 sex-

53 1593 143 1658 centi
181 1616 267 1658 erme
292 1594 471 1671 intrassent,
494 1593 626 1658 remisso
651 1592 738 1669 fune,
763 1614 828 1691 quo
851 1611 1003 1690 suspensa
1024 1601 1102 1668 erat,

54 1694 215 1744 cataracta
237 1703 353 1768 magno
374 1681 481 1744 sonitu
504 1679 628 1745 cecidit.
676 1677 858 1778 Salapitani,
881 1677 934 1742 alri
956 1677 1103 1764 pertingas

54 1765 257 1853 negligenter
275 1789 317 1831 ex
336 1766 450 1832 itinere
470 1787 622 1853 suspensa
644 1763 792 1842 humens,
808 1777 846 1828 ut
864 1763 949 1828 inter
965 1777 1102 1850 pacatos,

54 1867 204 1939 gerentes
221 1875 316 1929 arma,
332 1852 506 1918 invaduntt
530 1851 616 1916 aliie
632 1851 712 1914 turri
729 1851 797 1915 eius
814 1863 922 1937 portae
941 1872 972 1913 m
1013 1849 1020 1864 ⁸
1062 1872 1102 1914 ne

55 1939 150 2016 saxis,
165 1938 306 2016 sudibus,
322 1939 404 2026 pilis,
419 1939 596 2003 absterrent
608 1936 742 2002 hostem.
783 1934 834 2000 Ita
848 1935 923 2000 inde
940 1871 1103 1999 Hlad'nltal

55 2037 181 2090 suamet
202 2025 269 2112 ipse
291 2025 401 2090 fraude
424 2037 534 2112 captus
556 2023 650 2088 abiit:
676 2021 898 2109 profectusque
920 2020 961 2087 ad
984 2020 1104 2086 Locro·
1113 2033 1245 2084 Locrorum

55 2133 128 2174 rum
150 2111 333 2176 solvendam
349 2111 556 2188 obsidionem,
572 2131 668 2197 quam
686 2107 819 2173 Cincius
833 2129 956 2172 summa
969 2107 1010 2185 vi,
1026 2098 1262 2211 ope,obpponem

54 2198 145 2262 ribus
167 2210 459 2284 tormentorumque
475 2197 562 2262 omni
577 2218 693 2282 genere
709 2217 749 2259 ex
767 2193 874 2260 Sicilia
887 2193 1030 2272 advecto,
1046 2177 1138 2280 op-⁸0
1150 2177 1192 2214 ῃ·

55 2285 227 2370 pugnabat
277 2283 421 2372 Magoni,
443 2283 506 2348 iam
529 2282 616 2348 baud
636 2282 735 2347 ferme
757 2280 881 2357 fidenti,
904 2293 1104 2346 retenturum

56 2370 325 2457 defensurumque
340 2394 373 2436 se
389 2371 510 2446 urbem,
547 2369 628 2433 rima
641 2390 722 2454 spes,
737 2379 838 2432 morte
853 2366 999 2430 nuntiata
1014 2365 1103 2432 Mar·

56 2455 140 2534 celli,
155 2457 280 2523 affulsit
328 2457 462 2522 Secutus
483 2392 559 2520 inde
582 2454 722 2532 nuntius,
744 2452 969 2530 Hannibalem,
986 2452 1104 2517 Numi-

56 2543 170 2608 darum
185 2544 330 2630 equitatu
347 2541 527 2630 praemisso,
542 2542 656 2628 ipsum,
695 2552 827 2604 uanmm
842 2537 1016 2604 accelerare

57 2639 115 2706 set,
131 2652 203 2694 cum
217 2629 364 2729 peditum
459 2629 511 2694 ine
534 2627 632 2714 sequi.
672 2563 792 2714 ltaque
807 2625 862 2691 ubi
876 2625 1015 2726 primum
1066 2649 1103 2690 u-

58 2715 159 2780 midas
173 2716 261 2780 edito
275 2739 294 2781 e
309 2738 383 2803 spec
419 2715 444 2780 ‘s
458 2715 549 2801 signo
564 2713 733 2779 aduentam
751 2713 859 2791 sensit,
874 2728 908 2777 et
921 2734 999 2862 rppe,
1014 2725 1104 2812 pate-

988 2821 1010 2884 P

57 2801 141 2866 facta
160 2815 292 2888 repente
312 2815 412 2889 porta,
433 2801 523 2866 ferox
543 2801 579 2864 in
600 2801 705 2865 hostes
730 2799 876 2887 erumpit.
1011 2820 1102 2875 nmo,

58 2887 159 2976 magis
180 2889 256 2975 quia
279 2889 448 2974 improviso
471 2886 506 2952 id
527 2887 655 2963 fecerat,
701 2909 776 2950 uam
797 2884 885 2972 qnod
906 2905 964 2970 par
984 2883 1103 2948 viribus

58 2988 150 3052 esset,
174 2997 289 3062 auceps
310 2987 471 3040 certamen
493 2987 577 3036 crat:
602 2909 729 3048 deinde,
748 2985 785 3035 ut
804 2990 1013 3056 supervenere
1031 2967 1103 3033 Nu·

59 3061 174 3139 midae,
197 3074 304 3126 tantus
351 3081 426 3125 avor
448 3057 603 3121 Romanis
626 3068 674 3120 est
696 3056 841 3132 iniectus,
860 3067 899 3118 ut
920 3053 1036 3152 passim
1062 3053 1104 3117 ad

60 3170 145 3211 mare
160 3170 197 3212 ac
212 3169 307 3212 naves
317 3083 482 3233 figerem
502 3141 621 3206 relictis
632 3142 780 3228 operibus
795 3139 897 3204 machi
970 3162 1021 3216 ue,
1055 3140 1104 3203 ni-

59 3235 119 3298 bus
138 3256 243 3299 muros
280 3232 451 3298 uatiebant
498 3228 549 3294 Ita
563 3227 703 3293 adventu
718 3162 1024 3292 Hmnibabllsbluu

60 3341 183 3384 crorum
198 3257 320 3384 obsidio
334 3331 390 3384 est

107 3403 280 3493 Crispinus,
296 3417 464 3492 postquam
486 3402 520 3467 in
537 3399 679 3466 Bruttios
696 3398 870 3487 profectum
887 3395 1102 3462 Hannibalem
1160 3399 1211 3460 29.

34 3491 167 3567 ssensit,
182 3491 367 3568 exercitum,
383 3490 435 3555 cui
450 3488 573 3574 collega
586 3485 773 3574 praefuerat,
784 3483 831 3548 M.
845 3481 1035 3548 Marcellum
1048 3483 1103 3547 tri·
1111 3481 1239 3558 caspinus

60 3579 181 3642 bunum
198 3576 335 3641 militum
350 3575 525 3641 Venusiam
547 3572 703 3636 abducere
725 3570 824 3635 iussit.
870 3568 953 3656 Ipse,
968 3591 1043 3634 cum
1057 3547 1260 3634 lc·¹⁸⁰⁸¹'¹¹‘²¹¹¹·

60 3663 205 3750 gionibus
226 3663 290 3728 suis
314 3662 363 3728 Ca
387 3685 460 3726 uam
481 3659 650 3748 profectus,
670 3657 725 3720 vix
746 3655 877 3721 lecticae
899 3656 1103 3742 agitationem

61 3772 134 3836 prae
149 3750 302 3836 gravitate
317 3686 483 3814 vulberum
504 3745 636 3833 patiens,
655 3743 791 3808 Romam
813 3742 919 3808 literas
940 3742 980 3806 de
1003 3754 1103 3808 morte

61 3835 198 3922 collegae
213 3835 347 3923 scripsit,
362 3849 546 3921 quantoque
568 3831 636 3919 ipse
658 3831 693 3895 in
709 3829 890 3894 discrimine
906 3841 995 3892 esset
1041 3827 1103 3894 ‘Se

63 3922 283 3986 ‘comitiorum
306 3943 400 3986 causa
425 3943 490 3984 non
515 3939 606 4005 posse
628 3915 764 3982 Romam
786 3915 915 3982 venire:
943 3913 1019 4002 quia
1043 3936 1104 3980 nec

97 4147 110 4194 3
126 4133 257 4182 Cataracta
266 4133 370 4192 ddecta]
389 4132 519 4182 Cataracta
529 4133 567 4177 cst
598 4129 695 4179 sublata
704 4127 790 4190 aperit
807 4127 888 4177 cm.

64 4203 132 4259 portu
146 4196 245 4258 pensilis
259 4212 274 4244 e
290 4194 430 4245 tmnsversiu
440 4192 511 4255 lignis
521 4193 566 4240 ier-
632 4207 647 4252 4
662 4193 703 4240 M.
713 4191 873 4250 Marcellum]
893 4187 1009 4248 intelligo
1020 4201 1105 4234 consu·

63 4275 137 4321 roquc
154 4260 179 4308 in
198 4260 293 4308 reticuli
310 4261 411 4308 modum
431 4261 568 4318 compacta,
600 4255 630 4304 lia
648 4255 769 4302 interfecti
788 4253 877 4310 filium,
895 4251 965 4299 euius
982 4264 1049 4311 supr.
1066 4247 1105 4298 26.

64 4339 125 4386 quac
143 4324 228 4372 addita
249 4323 352 4386 principi
374 4327 458 4384 portae
475 4319 569 4368 claudit
600 4317 692 4367 mentio
703 4318 823 4366 tactacm.
841 4315 939 4364 Rasum

64 4387 154 4436 aditum
171 4402 248 4450 quum
265 4385 368 4437 demissa
384 4391 430 4444 cst,
445 4384 471 4434 in
490 4383 568 4432 altum
