2878 4772
330 227 426 294 LIB.
450 228 616 296 XXVIII.
647 229 759 298 CAP.
783 237 834 300 27.
1037 241 1100 302 431

45 370 107 428 ‘et
132 361 302 449 imperium
327 362 368 426 ad
392 362 551 429 Umbrum
575 364 703 430 Atrium
728 379 762 432 et
785 366 944 434 Calenum
969 370 1103 436 Albium
1114 391 1189 444 mc,
1206 391 1262 457 546·

44 449 240 516 ‘detulistis
288 448 425 538 Negate‚
440 473 497 515 vos
517 451 551 515 id
571 475 682 516 omnes
701 453 821 532 fecisse,
840 469 896 520 aut
914 457 1033 522 factum
1048 480 1104 524 vo·
1112 457 1144 508 A·
1159 460 1189 509 ⁰·
1205 457 1262 509 ⁹⁰⁶·

45 535 178 613 ‘luisse
198 536 330 600 milites:
355 560 529 624 paucorum
552 561 626 602 eum
648 538 786 605 furorem
810 556 906 630 atque
931 545 1103 610 amentiam

44 629 152 700 ‘esse‚
178 623 315 688 libenter
343 623 472 689 credam
500 625 698 711 negantibus.
745 627 817 692 Nec
846 630 932 694 enim
962 654 1001 696 ea
1029 644 1104 696 sunt

45 716 57 746 ‘
71 709 248 786 commissa,
265 733 346 797 quae
362 711 490 797 vulgata
504 712 538 775 in
553 734 681 776 omnem
697 715 872 779 exercitum
887 717 956 781 sine
970 718 1103 803 piaculis

45 797 257 883 ‘ingentibus
273 797 394 884 expiari
409 798 538 884 possint.
585 798 709 864 Invitus
729 823 776 878 ea,
794 815 945 888 tanquam
960 804 1101 882 vulnera,
1198 833 1201 840 ⁴

46 884 214 968 ‘attingot
239 883 295 947 sed
321 883 382 948 nisi
408 897 492 948 tacta
517 897 714 973 tractataque
739 889 842 952 sanari
868 912 933 954 non
982 904 1100 956 ossunt.

46 976 58 1005 ‘
75 968 247 1055 Equidem,
269 969 367 1056 pulsis
391 969 548 1058 Hispania
564 969 889 1060 Carthaginiensibus,
910 913 1036 1041 nulum
1055 977 1103 1041 lo·

46 1063 148 1119 ‘cum
172 1069 239 1121 tota
259 1057 431 1143 provincia,
455 1057 558 1122 nullos
584 1058 730 1124 homines
755 1061 921 1126 credebam
945 1085 1023 1140 esse,
1046 1064 1102 1128 ubi

47 1143 141 1206 ‘vita
154 1142 255 1208 invisa
269 1156 351 1207 esset
365 1165 445 1208 mea
493 1143 545 1208 Sic
561 1167 612 1209 me
627 1168 693 1210 non
713 1147 815 1212 solum
836 1148 986 1213 adversus
1001 1149 1101 1214 socios

47 1236 59 1266 ‘
71 1251 241 1402 gesseram,
257 1229 314 1294 sed
334 1230 429 1294 etiam
450 1230 600 1296 adversus
619 1231 734 1298 hostes.
780 1233 818 1297 In
835 1236 943 1300 eastris
960 1259 1001 1300 en
1023 1236 1101 1300 meis

47 1322 60 1352 ‘
89 1340 112 1402 <r

113 1330 245 1381 uantum
268 1339 319 1380 me
342 1339 362 1380 o
385 1317 451 1380 inio
470 1317 583 1382 fefellit
592 1317 615 1401 l)
629 1318 713 1384 fama
732 1321 841 1385 mortis
861 1344 1033 1387 mesenen
1049 1344 1099 1387 ac·

48 1409 110 1466 ‘ce
134 1416 168 1468 ta
189 1402 301 1480 solum,
320 1339 384 1467 sed
400 1403 496 1468 etiam
521 1427 539 1468 e
600 1417 703 1470 ectata
725 1419 781 1472 est
828 1406 906 1472 Non
929 1409 1017 1495 quod
1041 1431 1101 1496 ego

48 1425 196 1575 ‘vulgari
210 1489 332 1554 facinus
347 1513 404 1576 per
419 1513 529 1555 omnes
541 1427 647 1556 lselim.
695 1491 856 1580 Equidem
877 1495 903 1558 si
924 1507 1026 1559 totum
1045 1519 1101 1559 ex·

47 1575 207 1640 ‘ercitum
222 1599 330 1641 meum
348 1589 483 1641 mortem
502 1576 582 1641 mihi
600 1591 722 1665 optasse
737 1581 909 1658 crederem,
925 1581 979 1646 bic
993 1583 1100 1646 statim

47 1670 147 1726 ‘ante
170 1662 278 1727 oculos
296 1675 415 1728 vestros
438 1687 593 1740 morerer;
617 1687 677 1729 nec
698 1688 749 1730 me
767 1667 833 1731 vita
852 1667 983 1746 iuvaret,
1001 1667 1102 1733 invisa

48 1749 195 1814 ‘civibus
209 1762 243 1815 et
257 1749 411 1814 militibus
426 1751 513 1815 meis.
556 1749 621 1815 Sed
636 1752 808 1817 multitudo
823 1755 935 1832 omnis,
948 1756 1030 1820 sicut
1044 1778 1101 1820 na-

48 1843 144 1901 ‘tura
158 1837 261 1914 maris,
319 1859 335 1900 r
354 1859 387 1902 se
408 1836 580 1902 immobilis
594 1849 652 1915 est,
667 1840 756 1904 venti
771 1853 804 1904 et
818 1864 913 1906 aurae
929 1843 1015 1906 cient
1024 1865 1033 1917 ;
1057 1842 1102 1906 ita

48 1931 129 1987 ‘aut
154 1860 370 2011 tranquillirm,
395 1937 451 1989 aut
475 1923 631 2011 procellae
658 1926 692 1990 in
718 1927 807 1991 vobis
832 1941 924 1992 sunt:
948 1940 981 1992 et
1007 1949 1102 1992 causa

48 2017 170 2096 ‘atque
185 2012 274 2097 origo
292 2012 395 2076 omnis
411 2011 525 2076 furoris
547 2033 646 2098 penes
668 2025 812 2077 auctores
832 2025 898 2090 est3
922 2037 977 2078 vos
992 2026 1101 2078 conta-

47 2097 167 2183 ‘gione
189 2097 356 2162 insanistis.
405 2097 472 2173 Qui
492 2098 571 2161 mihi
592 2120 634 2162 ne
656 2098 751 2163 hodie
770 2099 901 2186 quidem
917 2100 996 2165 scire
1012 2100 1101 2165 vide·

48 2183 162 2260 ‘mini
178 2206 244 2270 quo
265 2184 422 2248 amentiae
444 2185 601 2271 progressi
616 2185 701 2262 sitis3
725 2185 804 2272 quid
818 2186 964 2251 facinoris
984 2187 1019 2250 in
1037 2209 1099 2264 me,

47 2277 59 2306 ‘
97 2269 153 2334 uid
175 2269 210 2333 in
234 2271 367 2358 patriam
388 2285 599 2358 parentesque
622 2295 659 2336 ac
681 2271 796 2337 liberos
815 2287 944 2351 vestros,
964 2273 1043 2360 quid
1065 2273 1101 2338 in

48 2292 159 2433 ‘deos
172 2357 359 2421 sacramenti
373 2369 477 2434 testes,
492 2358 571 2444 quid
586 2358 734 2424 adversus
749 2360 897 2448 auspicia,
909 2361 968 2425 sub
984 2360 1100 2448 quibus

47 2449 59 2480 ‘
71 2441 224 2522 militatis,
251 2443 330 2531 quid
355 2442 503 2509 adversus
529 2467 651 2510 morem
676 2445 808 2512 militiae
834 2447 1099 2534 disciplinamque

48 2536 59 2566 ‘
71 2528 237 2606 maiorum,
257 2528 336 2617 quid
357 2529 506 2594 adversus
528 2533 644 2596 summi
666 2533 790 2620 imperii
812 2534 1008 2600 maiestatem
1032 2534 1099 2598 ausi

48 2622 59 2652 ⁶
71 2615 147 2679 sitis.
193 2615 246 2680 De
270 2638 321 2680 me
345 2615 413 2702 ipso
437 2628 534 2682 taceo.
582 2618 718 2684 Temere
741 2621 856 2708 potius,
877 2645 972 2708 quam
996 2621 1098 2698 avide,

48 2701 278 2766 ‘credideritis
324 2701 476 2789 Denique
492 2726 552 2790 ego
567 2704 636 2783 sim,
651 2706 742 2771 cuius
760 2707 886 2795 imperii
900 2709 1027 2774 taedere
1043 2729 1099 2774 ex·

47 2788 205 2852 ‘ercitum
220 2789 351 2853 minime
367 2789 546 2854 mirandum
562 2791 610 2856 sit.
657 2791 764 2858 Patria
779 2794 913 2880 quidde
929 2797 1017 2860 vobis
1032 2819 1099 2859 mc·

48 2882 188 2952 ‘ruerat
203 2898 299 2962 quam
315 2898 387 2940 cum
403 2875 583 2941 Mandonio
597 2891 631 2942 et
645 2877 777 2944 Indibili
797 2879 1008 2944 consociando
1023 2903 1099 2945 con·

49 2961 141 3026 ‘silis
161 2960 364 3048 prodebatis?
411 2963 500 3038 Quid
523 2964 660 3051 populus
683 2964 858 3040 Romanus,
875 2987 974 3049 quum
997 2965 1099 3050 impe-

21 3055 59 3113 3‘
71 3049 165 3126 rium,
191 3047 329 3114 ablatum
359 3049 399 3114 ab
428 3050 562 3113 tribunis
591 3048 739 3135 suffragio
768 3049 878 3148 populi
908 3050 1030 3126 creatis,
1057 3050 1099 3114 ad

48 3134 216 3199 ‘homines
228 3135 368 3286 privabis
383 3135 563 3200 detulistis?
585 3156 696 3221 quum,
712 3157 751 3199 eo
769 3157 838 3222 rpso
858 3158 924 3199 non
944 3137 1098 3212 contenti,

48 3222 99 3285 ‘si
112 3243 171 3309 pro
186 3222 225 3286 tri
250 3222 322 3286 unis
342 3221 413 3287 illos
432 3221 600 3298 haberetis,
616 3220 715 3285 fasces
731 3222 933 3308 imperatoris
947 3221 1043 3286 vestri
1058 3221 1099 3286 ad

48 3313 134 3386 ‘eos‚
151 3308 266 3395 quibus
280 3331 396 3386 servus,
413 3308 466 3373 cui
486 3309 689 3396 imperarent,
710 3329 876 3394 nunquam
896 3308 1008 3386 fuerat,
1031 3307 1099 3373 Ro·

48 3400 183 3460 ‘manus
200 3393 357 3461 exercitus
378 3394 543 3460 detulistis.
589 3394 628 3458 In
644 3395 803 3481 praetorio
818 3395 1024 3460 tetenderunt
1039 3395 1099 3459 Als

48 3481 141 3546 ‘bins
155 3495 189 3546 et
204 3481 333 3548 Atrius:
356 3481 520 3548 classicum
535 3481 619 3568 apud
635 3503 689 3544 eos
704 3481 839 3559 cecinit3
863 3482 990 3570 signum
1006 3483 1044 3546 ab
1060 3481 1099 3546 iis

22 3568 207 3654 4‘petitum
233 3582 297 3634 est:
326 3569 476 3634 sederunt
505 3568 541 3631 in
569 3567 721 3632 tribunali
746 3568 783 3632 P.
809 3567 982 3655 Scipionis:
1007 3567 1099 3633 lictor

32 3655 233 3744 5‘apparuitz
272 3667 430 3721 summoto
453 3655 667 3720 incessenmt:
700 3654 799 3719 fasces
828 3677 902 3720 cum
936 3655 1099 3720 securibus

82 3877 96 3925 3
107 3866 146 3913 At
157 3865 264 3913 mbuaie
277 3877 308 3913 aa
330 3865 399 3926 rapio
407 3865 494 3926 populi
505 3877 555 3912 ore·
621 3880 636 3924 4
653 3863 736 3912 lictor
746 3864 879 3938 apparuit]
899 3862 984 3912 Lictor
993 3861 1044 3912 illis
1053 3862 1098 3912 mi-

47 3931 108 3990 arta]
127 3929 195 3978 Care
204 3928 263 3977 inde
273 3928 298 3976 in
324 3943 362 3976 ras
372 3927 482 3976 tribunos
492 3926 556 3974 mili·
587 3926 665 3976 nister
679 3926 776 3990 imperii
786 3927 840 3977 fuit.
875 3927 934 3977 Vid.
945 3943 1010 3992 supr.
1021 3927 1047 3979 ii.
1059 3941 1098 3991 55.

47 3997 102 4040 tum
119 4007 204 4042 omnes
219 4007 264 4055 per
279 3993 340 4040 haee
357 3997 470 4053 tempora
483 4005 499 4038 a
513 4005 556 4052 po-
589 3991 671 4041 Cast.

48 4058 109 4116 pulo
120 4061 220 4106 creatos.
254 4056 410 4106 Contrarium
422 4054 488 4103 enim
500 4069 555 4102 con-
622 4067 636 4118 5
652 4057 774 4105 Samnmto
793 4057 957 4118 amamur]
977 4059 1099 4107 Sammo

48 4126 98 4168 stat
108 4135 172 4184 supr.
185 4120 260 4170 xxvii.
273 4118 311 4182 36.
345 4120 394 4170 Sed
406 4118 491 4167 Livius
505 4133 556 4167 orer
590 4121 701 4170 incedere
717 4119 861 4168 dicebantm
877 4121 1032 4183 magistratus
1047 4123 1098 4170 Ro·

48 4184 110 4232 toris
124 4199 176 4232 rem
191 4188 273 4246 auget,
283 4189 312 4232 ut
326 4183 433 4232 aboeius
448 4183 558 4232 vidam
590 4184 667 4244 mani,
678 4197 755 4259 quum
769 4183 833 4232 inter
845 4185 1007 4246 frequentiam
1020 4184 1098 4232 homi·

47 4247 156 4297 militum
172 4247 306 4306 minuant
322 4247 426 4297 tribunis
442 4261 497 4296 eam
513 4261 557 4310 po·
589 4263 659 4308 num,
670 4249 784 4297 hetorum
798 4248 935 4296 ministerio
950 4253 976 4294 et
989 4247 1098 4297 animad-

48 4313 162 4360 tantem
184 4310 329 4378 ademap'nt,
350 4325 425 4374 quam
450 4311 558 4374 populus
590 4311 700 4362 versione
719 4313 806 4361 cedere
825 4312 957 4372 locumque
974 4311 1033 4361 dare
1051 4311 1098 4361 lus·

49 4373 259 4426 demandaverat.
276 4375 357 4426 esav.
590 4391 652 4437 sam,
663 4375 885 4440 progrediebantur.
902 4374 985 4428 (inv.
