2874 4772
360 207 422 270 362
748 201 862 270 ΤΙΤΙ
893 201 1029 270 LIVII

201 351 238 404 tt.
249 353 280 404 ο.
295 367 350 418 543·
359 343 528 429 haruspex,
540 340 718 406 cavendum
729 365 749 406 a
762 341 873 406 fraude
884 341 992 407 hostili
1004 353 1038 407 et
1048 342 1089 408 ab
1100 341 1235 420 insidiis,
1243 341 1371 430 praedixit

201 418 233 468 A.
250 419 280 470 ⁰·
296 433 351 484 ²⁰⁹·
361 427 586 516 Metapontini,
604 439 774 516 postquam
796 427 837 494 ad
855 429 1059 494 constitutam
1078 449 1147 493 non
1167 441 1292 494 venerat
1306 428 1371 502 dien

359 515 490 592 remissi,
509 527 546 579 nt
565 529 768 580 cunctantem
791 514 1004 593 hortarentur,
1025 528 1161 603 repente
1184 513 1371 602 compreheus',

360 618 448 666 metu
463 602 614 688 gravioris
629 600 832 689 quaestionis,
849 601 1005 688 detegunt
1019 602 1161 666 insidias.

252 695 301 758 17.
406 689 547 752 Aestatis
561 689 630 752 eius
644 688 812 776 principio,
829 711 892 775 qua
907 689 985 753 haec
1000 690 1190 775 agebantur,
1205 688 1242 752 P.
1257 687 1342 774 Scipio
1352 687 1371 747 in

202 779 340 842 Hispaniae
362 775 519 862 Hispania
540 797 639 861 quum
661 775 797 839 hiemem
820 787 917 839 totam
940 774 1189 840 reconciliandis
1211 775 1371 840 barbaranu

200 845 351 956 {33⁰¹}
360 862 482 938 animis,
500 861 617 948 partim
637 861 739 938 donis,
760 861 874 948 partim
896 862 1079 925 remissione
1100 862 1252 926 obsidum
1272 860 1372 947 captivo

200 971 255 1021 aas.
291 924 324 957 un
358 971 503 1035 rumque,
525 947 765 1035 absumpsisset3
790 947 914 1012 Edesco
930 948 1071 1025 adeum,
1087 947 1196 1012 clarus
1217 947 1371 1012 interdices

360 1033 531 1122 Hispanos,
543 1035 640 1099 venit.
687 1032 788 1098 Erant
798 1035 916 1098 coniux
931 1033 1086 1121 liberique
1103 1036 1178 1098 eius
1193 1034 1276 1122 apud
1289 1033 1372 1097 Bona·

358 1143 425 1186 nos.
473 1120 538 1186 Sed
548 1133 752 1208 praeteream
764 1142 890 1185 causam
902 1121 998 1185 etiam
1008 1119 1095 1186 velut
1106 1117 1371 1186 fortuitaincliusio

358 1207 547 1284 animorum,
560 1229 642 1294 quae
659 1205 848 1294 Hispaniam
859 1228 986 1272 omnem
998 1221 1158 1272 averterat
1173 1208 1216 1272 ad
1232 1207 1371 1271 Romamn

357 1318 378 1359 a
392 1293 515 1358 Punico
527 1293 669 1380 imperio,
683 1294 780 1358 traxit
793 1315 876 1357 eum.
924 1292 1047 1358 Eadem
1057 1316 1157 1357 causa
1169 1293 1295 1359 Indibili
1308 1290 1372 1355 ldm-

357 1381 519 1468 donioque
546 1380 616 1457 fuit,
639 1379 726 1444 haud
751 1379 848 1444 dubie
874 1380 977 1445 omnis
1003 1379 1183 1468 Hispaniae
1207 1379 1371 1468 principibu

357 1489 432 1531 curn
446 1466 534 1531 omui
548 1465 749 1554 popularium
760 1489 867 1544 mauu,
883 1466 994 1531 relicto
1010 1465 1228 1546 Hoedrubale,
1243 1460 1371 1531 aecedfflll

357 1554 392 1617 in
413 1553 617 1617 imminentes
634 1553 742 1617 castris
764 1552 832 1616 eius
854 1551 1001 1630 tumulos,
1023 1553 1109 1617 unde
1178 1576 1196 1617 r
1216 1549 1372 1618 continentis

357 1640 433 1724 iuga
446 1652 534 1704 tutus
553 1653 699 1726 receptus
716 1639 758 1703 ad
779 1639 941 1704 Romanos
961 1651 1050 1704 esset
1235 1638 1291 1715 bal,
1304 1657 1371 1724 qum

357 1725 496 1790 hostiurn
511 1747 561 1790 res
581 1726 677 1790 tantis
691 1749 859 1813 augescere
874 1726 1078 1791 incrementis
1090 1739 1251 1805 cerneret,
1266 1745 1325 1790 suas
1335 1723 1372 1785 in·

357 1813 469 1890 minui,
484 1835 521 1877 ac
540 1811 616 1889 fore,
631 1825 678 1889 ut,
693 1813 754 1876 nisi
773 1811 921 1878 audendo
941 1812 1062 1900 aliquid
1082 1829 1240 1890 moveret,
1257 1833 1313 1900 qua
1325 1831 1372 1872 tur·

357 1899 486 1986 pissent,
508 1898 654 1975 fluerent,
677 1898 828 1964 dimicare
854 1901 1108 1986 quamprimum
1131 1901 1257 1965 statuit.
1299 1895 1371 1980 Scipio

356 1986 478 2051 avidior
492 1987 588 2050 etiam
602 1985 784 2050 certaminis
802 1998 877 2062 erat,
894 2007 994 2072 quum
1009 2009 1028 2050 a
1044 2007 1110 2072 spe,
1127 2007 1232 2071 quam
1250 2001 1372 2050 suarm

355 2094 462 2137 rerum
478 2073 629 2160 augebat3
654 2083 723 2136 tum
735 2072 822 2159 quod
833 2073 930 2160 prins,
941 2094 1037 2159 quam
1047 2073 1263 2160 iungerentur
1272 2070 1372 2135 hostium

356 2160 524 2236 exercitus,
536 2171 609 2224 cum
625 2181 691 2223 uno
706 2157 857 2223 dimicare
872 2159 954 2223 duce
969 2159 1192 2245 exercituque,
1205 2181 1297 2248 quarn
1309 2149 1371 2219 simul

355 2267 430 2310 cum
451 2245 613 2323 universis,
629 2243 774 2309 malebat.
822 2243 987 2322 Ceterum,
1002 2246 1107 2322 etiem,
1124 2246 1151 2310 si
1176 2269 1254 2310 cum
1267 2241 1372 2332 plun'lm

355 2332 475 2482 lirim
499 2331 718 2396 dimicandum
746 2331 837 2408 foret,
864 2345 931 2396 arte
960 2331 1097 2418 quadam
1127 2334 1242 2420 copias
1269 2341 1370 2395 auxent

392 2441 443 2483 am
458 2441 559 2569 qqum
578 2418 710 2494 videret,
726 2417 849 2482 nullum
865 2441 932 2483 esse
948 2419 1076 2483 navium
1097 2439 1206 2496 usum,
1223 2418 1372 2506 quietatur

355 2504 458 2568 omnis
510 2505 650 2593 ispaniae
665 2527 721 2569 ora
735 2504 884 2570 classibus
899 2505 1030 2569 Punicis
1044 2517 1121 2582 erat,
1137 2505 1303 2570 subductis
1315 2500 1372 2594 nan'·

355 2589 414 2654 bus
438 2590 628 2668 Tarracone,
653 2590 779 2655 navales
804 2592 905 2656 socios
929 2591 1128 2656 terrestribus
1149 2593 1255 2680 copiis
1275 2586 1370 2654 addida

356 2674 400 2739 Et
426 2698 585 2741 armorum
608 2677 727 2742 affatim
753 2690 820 2741 erat
844 2690 1009 2764 captorum
1035 2676 1248 2764 Carthagine,
1269 2690 1301 2742 et
1318 2691 1372 2759 quit

377 2775 427 2827 ost
446 2776 571 2850 captam
593 2786 664 2828 eam
685 2763 812 2841 fecerat,
834 2776 923 2828 tanto
945 2765 1096 2864 opificum
1117 2787 1257 2830 numero
1276 2759 1370 2826 indm

354 2785 443 2913 Huni
458 2849 496 2913 iis
507 2849 606 2937 copiis
620 2849 736 2937 Scipio,
746 2851 828 2914 veris
840 2850 996 2950 principio
1006 2853 1045 2916 ab
1061 2850 1372 2942 Tarraconeegreffijut

354 2935 432 3023 (iam
457 2937 542 3001 enim
565 2948 599 3001 et
628 2936 758 3001 Laelius
780 2937 917 3002 redierat
940 2938 980 3002 ab
1005 2936 1118 3014 Roma,
1141 2938 1216 3003 sine
1240 2959 1301 3024 quo
1319 2925 1372 2996 nihl

198 3049 313 3100 {adibilis
355 3023 481 3089 maioris
496 3025 541 3088 rei
557 3036 679 3089 motum
694 3023 835 3108 volebat)
849 3023 965 3089 ducere
984 3023 1025 3087 ad
1042 3024 1165 3088 hostem
1183 3023 1296 3112 pergit.
1333 3017 1372 3082 Pe

195 3121 222 3190 ‘l
233 3116 327 3164 Mando
354 3111 461 3176 omnia
474 3123 587 3197 pacata
601 3109 701 3188 eunti,
718 3123 755 3174 ut
769 3110 923 3198 cuiusque
938 3110 1048 3211 populi
1063 3110 1143 3174 fines
1158 3113 1313 3184 transiret,
1325 3124 1372 3192 prr

196 3181 323 3293 fflffie·
354 3198 561 3283 aequentibus
572 3196 868 3284 excipientibusque
883 3198 984 3274 sociis,
997 3196 1144 3262 Indibilis
1159 3211 1195 3262 et
1211 3191 1372 3262 Mmdonia

196 3277 290 3358 ficiunt.
354 3305 427 3346 cum
442 3283 507 3347 suis
522 3284 621 3370 copiis
635 3296 848 3348 occurrerunt.
894 3282 1040 3348 Indibilis
1049 3306 1108 3371 pro
1120 3301 1261 3371 utroque
1273 3283 1370 3346 locutus,

354 3369 600 3456 haudquaquam
624 3383 660 3435 ut
681 3370 830 3436 barbarus
856 3369 969 3435 stolide
993 3370 1196 3457 incauteque,
1221 3369 1278 3435 sed
1298 3364 1370 3454 polisti

353 3477 426 3520 cum
436 3455 616 3522 verecunda
623 3457 791 3543 gravitate:
809 3457 1000 3544 propiorque
1010 3457 1174 3522 excusanti
1185 3455 1371 3521 transitimem

353 3556 390 3607 ut
407 3545 626 3621 necessariam,
665 3563 739 3607 narn
758 3543 905 3631 glorianti
920 3566 990 3608 eam
1006 3542 1093 3608 velut
1112 3543 1252 3631 primam
1269 3536 1383 3606 ortait-

352 3649 428 3694 nem
439 3643 570 3718 raptam.
617 3638 628 3669 ‘
638 3567 725 3695 Scire
737 3631 824 3694 enim
836 3653 879 3706 se,
890 3630 1068 3717 transfugae
1080 3651 1200 3694 nomen
1213 3619 1372 3694 errsecrable

354 3717 531 3781 ‘veteribus
545 3716 646 3793 sociis,
662 3717 752 3781 novis
769 3729 949 3803 suspectum
970 3739 1055 3782 esse:
1079 3738 1185 3804 neque
1207 3738 1282 3781 enm
1299 3733 1326 3775 se
1341 3728 1373 3770 rt·

353 3802 569 3890 ‘prehendere
579 3824 699 3868 morem
708 3803 885 3881 hominum,
896 3803 922 3867 si
934 3816 1040 3868 tamen
1052 3825 1167 3890 anceps
1175 3803 1289 3867 odium
1298 3809 1384 3865 camai

389 4025 403 4060 a
425 4011 548 4060 drouart
568 4013 634 4072 cam]
671 4013 780 4062 Gloriari
802 4025 860 4061 cum
893 4010 1014 4060 veteribus
1031 4011 1111 4070 sociis,
1129 4016 1182 4058 tum
1200 4026 1218 4058 a
1237 4010 1310 4068 noris,
1324 4015 1372 4053 ran

369 4081 439 4124 nerto
458 4090 516 4124 casu
533 4076 650 4124 construit
666 4076 741 4124 etiam
758 4076 811 4126 Cic.
828 4077 860 4124 de
893 4075 1081 4137 uniuscuiusque
1103 4074 1225 4137 inspecta,
1242 4089 1289 4121 non
1310 4081 1372 4119 nond

386 4145 449 4190 nect
461 4153 497 4188 ιο.
515 4138 603 4187 Dran.
892 4140 974 4202 ipsum
996 4139 1135 4202 transbrgao
1156 4138 1239 4187 aciat
1260 4139 1331 4188 cm.
1353 4129 1372 4177 d

385 4205 444 4264 33⁸·
461 4210 542 4252 mmm
558 4217 647 4264 anceps
663 4204 757 4264 dium]
782 4201 808 4253 Si
825 4209 860 4252 te·
894 4203 1007 4280 Thucpd.
1016 4217 1049 4251 ιιι
1059 4219 1082 4267 9.
1094 4203 1136 4251 ubi
1148 4195 1371 4266 Mitylenaeumlr

352 4280 411 4315 men
431 4267 555 4330 geminum
581 4265 644 4314 illud
666 4265 749 4316 odium
771 4271 825 4315 tum
845 4283 863 4316 a
892 4266 1194 4330 gntiumilialoquuulur.
