2874 4772
351 218 447 285 LIB.
475 218 604 286 XXVI
643 219 753 286 CAP.
777 226 829 288 39.
1053 227 1115 288 325

32 358 169 423 tinstae
189 369 419 423 concurrerunt
434 355 564 433 clames3
588 358 707 445 quippe
727 380 828 444 quum
848 358 884 421 in
905 357 1031 422 maioris
1050 357 1201 423 dis-U.c.
1216 383 1271 434 54²·

33 427 190 508 ⁵crimen
205 444 259 521 rei,
271 465 367 530 quam
381 465 468 594 ppsee
482 458 582 523 erant,
597 457 794 531 pugnarent:
818 443 996 523 Tarentini,
1006 457 1051 522 ut,
1063 467 1113 509 re-
1122 435 1153 484 Α*
1170 437 1200 485 ⁰·
1215 449 1271 484 ²¹0·

32 543 219 618 ocuperata
232 530 310 595 urbe
325 531 365 594 ab
413 530 535 595 omanis
556 544 627 618 post
644 531 853 596 centesimum
866 553 966 618 prope
981 553 1111 610 annum,

59 639 174 682 arcem
196 617 292 682 etiam
313 616 500 692 liberarent3
523 638 578 703 spe
599 630 794 682 commeatus
808 641 936 705 quoque
958 617 1110 697 hostibus,

60 705 91 768 si
112 703 219 768 navali
240 702 360 792 proelio
382 703 609 790 possessionem
630 703 725 768 maris
745 703 947 782 ademissent,
962 704 1112 770 interclu-

60 813 177 855 surosr
202 789 351 867 Romani,
366 803 412 867 ut,
426 802 550 855 retenta
570 812 766 876 possessione
788 790 877 869 areis,
896 790 1110 869 ostenderent,

60 900 134 942 non
149 877 181 940 vi
195 889 251 941 aut
263 877 391 953 virtute,
404 875 461 941 sed
475 876 655 963 proditione
670 899 707 941 ac
720 876 816 954 firrto,
828 876 1003 942 Tarentum
1017 877 1113 942 amis-

60 985 149 1030 sum.
193 962 306 1051 Itaque
331 985 371 1027 ex
397 975 531 1050 utraque
556 975 645 1050 parte
668 963 759 1050 signo
780 963 856 1028 dato
900 986 979 1028 uum
1003 964 1111 1030 rostris

61 1050 309 1128 concurrissent,
329 1071 435 1136 neque
457 1071 570 1114 navem
592 1049 783 1128 inhiberent,
805 1072 865 1114 nec
878 986 993 1114 (dirimi
1015 1051 1056 1116 ab
1077 1073 1110 1116 se

61 1137 192 1202 hostem
213 1149 406 1224 paterentur,
422 1158 519 1223 quam
534 1136 606 1222 quis
622 1136 773 1223 indeptus
789 1159 903 1202 navem
918 1149 994 1214 erat,
1009 1137 1112 1204 ferrea

62 1224 186 1290 iniecta
207 1246 324 1300 manu;
346 1223 392 1288 ita
411 1223 620 1288 conserebant
641 1245 682 1288 ex
704 1223 884 1324 propinquo
904 1246 927 1311 p
1045 1271 1055 1302 ,
1073 1238 1111 1289 ut

62 1334 134 1375 non
149 1310 317 1375 missilibus
332 1308 770 1396 tantum,sedgladiiset1am
807 1332 883 1397 rope
898 1333 937 1374 co
980 1322 1013 1376 to
1026 1311 1109 1398 pede

63 1409 231 1484 gererettn
244 1419 303 1461 res.
348 1395 465 1460 Procae
480 1395 565 1461 inter
585 1419 619 1460 se
640 1396 767 1461 iunctae
851 1398 972 1475 rebant,
986 1419 1110 1485 puppes

39 1484 173 1556 ralieno
187 1483 319 1570 remigio
332 1482 634 1569 circnnmgebantru.
680 1483 731 1547 Ita
743 1483 777 1547 in
793 1497 860 1549 arto
874 1485 1006 1572 stipatae
1020 1499 1112 1550 erant

64 1592 174 1646 naves,
198 1569 311 1635 utrix
335 1568 436 1633 ullum
462 1568 560 1634 telum
590 1569 624 1633 in
654 1569 733 1634 mari
757 1593 875 1635 vanum
897 1571 1109 1637 intercideret

66 1656 238 1722 Frontibus
252 1656 339 1721 velut
360 1655 514 1742 pedestris
533 1656 616 1722 acies
630 1657 795 1744 urgebant,
810 1659 1000 1746 perviaeque
1015 1681 1111 1724 naves

91 1743 284 1830 ugnautibus
308 1755 408 1808 erant.
457 1741 594 1831 Insignis
617 1755 725 1808 tamen
750 1744 835 1810 inter
859 1759 979 1810 ceteras
1003 1768 1113 1833 pugna

65 1766 131 1894 luit
151 1829 295 1906 duarum,
316 1852 398 1918 quae
419 1829 539 1916 primae
560 1829 695 1916 agminis
716 1845 941 1897 concurrerant
962 1833 1046 1898 inter
1066 1855 1109 1898 se.

68 1915 111 1982 In
129 1915 274 1981 Romana
295 1939 375 1980 nave
398 1916 464 2003 ipse
483 1915 654 1990 Quinctius
673 1929 750 1994 erat,
770 1917 804 1981 in
823 1918 999 1985 Tarentina
1015 1918 1267 1997 Nico,Quinetitet

68 2002 123 2068 cui
137 2002 273 2068 Perconi
286 2002 347 2067 fuit
361 2024 548 2090 cognomen,
564 2025 629 2067 non
650 2003 779 2090 publico
799 2003 905 2083 modo,
920 2005 976 2070 sed
990 2006 1112 2092 privato
1121 2002 1224 2051 Niconis

68 2090 167 2154 etiam
186 2089 260 2154 odio
280 2089 401 2154 invisus
422 2101 519 2174 atque
536 2089 669 2153 infestus
687 2089 857 2155 Romanis:
882 2091 969 2192 quod
983 2091 1052 2156 eiua
1066 2092 1112 2156 sa·
1120 2071 1251 2116 ceramon.

68 2176 184 2242 etionis
206 2188 283 2253 erat,
305 2198 387 2262 quae
411 2175 588 2240 Tarentum
610 2173 785 2240 Hannibali
809 2176 1000 2263 prodiderat.
1046 2176 1195 2243 Hiccsdit

73 2262 272 2340 Quinctium,
294 2260 389 2328 simul
410 2273 607 2350 pugnantem
628 2261 872 2350 hortantemque
897 2286 980 2343 suos,
1002 2265 1112 2330 inean-
1121 2256 1262 2315 euinctus

70 2362 141 2415 tum
157 2349 246 2415 hasta
263 2347 435 2436 transigit:
460 2362 556 2436 atque
575 2346 629 2412 ille
650 2371 800 2436 praeceps
825 2371 897 2415 cum
922 2352 1017 2417 armis

70 2435 150 2536 cidit
170 2449 243 2501 ante
265 2457 399 2524 proram.
446 2436 560 2502 Victor
574 2433 777 2514 Tarentinus,
795 2436 831 2501 in
853 2439 1009 2505 turbatam
1029 2375 1113 2506 (iride

70 2545 185 2588 amisso
213 2545 325 2588 navem
354 2521 430 2610 imp‘
517 2534 735 2610 transgressus,
765 2545 865 2611 quum
894 2527 1113 2593 summovisset

70 2611 185 2688 hostes,
198 2623 231 2675 et
244 2609 413 2698 proraiam
456 2609 671 2674 arentinorum
686 2623 777 2688 esset,
777 2611 923 2763 ,ffippm
939 2611 1021 2679 male
1035 2637 1113 2679 con-

69 2696 190 2785 globati
209 2707 374 2761 tuerentur
389 2694 545 2773 Romani3
569 2709 700 2784 repente
722 2710 756 2761 et
859 2720 966 2788 apup
988 2699 1000 2764 i
1021 2701 1113 2767 trire-

69 2782 132 2848 mis
148 2782 285 2848 hostium
306 2783 460 2871 apparuit.
505 2781 604 2848 Itain
619 2783 724 2850 medio
738 2785 953 2851 circumventa
1000 2800 1204 2863 omanacapta

70 2870 160 2935 navis
188 2870 319 2957 eapitur.
364 2868 453 2934 Hinc
481 2870 594 2934 ceteris
624 2883 725 2935 terror
752 2871 896 2950 iniectus,
925 2885 963 2938 ut
1012 2862 1244 2978 racto-PfgutwR'ff:

71 2957 152 3022 riam
172 2979 285 3022 navem
307 2969 432 3044 captam
452 2956 577 3021 videre:
601 2956 822 3043 fugientesque
841 2959 966 3044 passim,
982 2895 1088 3024 diae·
1124 2945 1146 2976 '¹
1183 2991 1189 3003 ·

72 3042 138 3108 alto
151 3065 281 3122 mersae,
297 3042 376 3107 aliae
397 3041 433 3106 in
454 3055 569 3107 tanam
591 3042 686 3106 remis
706 3043 865 3130 abreptae,
881 3067 956 3110 moa
977 3046 1114 3132 praedae

71 3129 161 3195 fuere
176 3129 328 3194 Thurinis
342 3127 646 3216 Metapontinisqne.
692 3127 745 3192 Ex
765 3130 925 3209 onerariis,
940 3153 1023 3218 quae
1040 3154 1114 3197 cum

72 3229 251 3282 commeatu
272 3215 494 3302 sequebantur,
511 3236 688 3302 perpaucae
710 3215 745 3279 in
765 3227 955 3303 potestatem
975 3216 1114 3284 hostium

73 3325 188 3367 venere
200 3327 208 3367 ε
232 3303 322 3379 aliae,
336 3301 379 3366 ad
392 3301 529 3366 incertos
543 3313 654 3365 ventos
672 3299 748 3366 hinc
768 3314 864 3390 atque
883 3303 972 3369 illinc
986 3305 1116 3393 obliqua

74 3389 296 3454 transferentes
308 3387 389 3465 vela,
403 3387 439 3452 in
453 3385 552 3452 altum
567 3399 695 3452 evectae
710 3401 793 3454 sunt.

119 3474 332 3563 Nequaquam
348 3474 417 3562 pari
430 3474 558 3540 fortuna
570 3496 629 3562 per
642 3497 697 3540 eos
710 3474 779 3540 dies
793 3475 926 3544 Tarenti
946 3501 996 3544 res
1016 3492 1113 3566 gesta

77 3560 162 3627 Nara
188 3562 229 3626 ad
250 3574 400 3650 quattuor
425 3561 524 3628 millia
548 3561 714 3627 hominum
739 3562 967 3630 humectatum
992 3588 1117 3653 egressa

75 3670 175 3736 quum
196 3649 230 3714 in
252 3647 334 3737 agris
354 3649 470 3737 passim
487 3660 686 3737 vagarentur,
701 3648 822 3728 Livius,
838 3651 895 3737 qni
914 3652 978 3716 arci
999 3653 1117 3740 praesi-

110 3867 224 3926 alurtas
238 3868 410 3928 ....olarsar]
437 3867 534 3918 Classes
549 3883 579 3916 eo
612 3867 892 3931 moxexplieatLirius.
909 3869 990 3921 Cart.

78 3929 175 3980 narium
193 3945 295 3980 nurnero
313 3937 459 3992 constantes,
477 3937 506 3980 ut
524 3947 580 3981 rere
643 3930 659 3981 6
675 3935 735 3982 Post
750 3935 904 3984 ammam
917 3951 995 3998 prope
1010 3941 1116 4001 onnam]

78 4011 108 4044 ac
118 3996 203 4044 merito
213 3995 302 4044 elarses
311 3995 360 4045 dici
370 4001 475 4058 possent.
503 3995 580 4044 Nem-
614 3995 664 4044 Hie
674 3997 838 4060 sexagesimus
848 3997 934 4048 tertius
949 4015 1028 4052 annus
1039 4003 1119 4066 agitur

81 4075 112 4121 pe
122 4058 204 4122 viginti
214 4073 289 4108 nares
303 4065 431 4108 noueram
445 4060 579 4108 iustaelas·
612 4062 644 4108 ah
666 4076 704 4121 eo,
723 4076 772 4124 qno
793 4067 894 4124 captum
916 4069 954 4113 est
975 4065 1119 4124 Tarentum,

80 4121 120 4182 sis,
129 4124 171 4172 sed
181 4122 281 4185 aliquod
293 4123 376 4172 elassis
385 4123 466 4173 instar.
484 4125 564 4172 Casv.
614 4124 643 4173 L.
655 4125 763 4188 Papirio,
774 4126 818 4190 Sp.
829 4127 946 4188 Camillo,
956 4135 1059 4190 utroque
1075 4129 1118 4177 ite-

113 4199 126 4248 5
141 4189 221 4246 Quam
230 4189 259 4236 r'n
268 4188 378 4247 mulmis]
394 4189 479 4244 Quum
490 4187 515 4236 in
527 4187 580 4236 illa·
613 4203 666 4238 rum
680 4191 749 4241 Coss.
763 4207 837 4254 quem
855 4207 900 4240 uos
916 4207 1072 4240 numeramus
1087 4193 1119 4240 ab

81 4267 132 4299 ram
149 4267 231 4314 pugna
247 4257 358 4315 ageretur
372 4252 404 4300 de
419 4253 491 4300 rebus
506 4252 580 4300 maio
613 4269 678 4304 auno
691 4255 762 4305 tto.
774 4257 828 4316 480.
846 4255 927 4305 esav.

82 4315 113 4364 ris
127 4315 243 4364 momenti
254 4331 327 4376 quarn
339 4315 424 4376 quanti
439 4315 507 4378 ipsae
522 4317 581 4364 elas·
648 4321 762 4379 7A1t'eao
771 4320 883 4379 saraipta]
899 4317 1010 4365 Aliamm
1022 4316 1120 4366 navirun

83 4395 118 4428 ses
127 4385 201 4428 crant
232 4379 304 4436 Quae
315 4379 364 4428 sint
374 4385 456 4428 autam
467 4379 526 4428 illae
536 4395 582 4438 res,
615 4382 723 4444 remigio,
734 4383 822 4444 quihus
832 4381 946 4442 alligatae
957 4385 1033 4429 arant.
