3002 4798
400 228 496 294 LIB.
520 229 617 294 XXI.
651 228 763 294 CAP.
786 235 838 294 46.
1103 235 1142 294 41

137 363 202 428 His
212 362 487 428 adhortationibus
494 385 597 513 fluum
613 363 773 449 utrimque
789 363 830 428 ad
845 363 1145 426 certamen-accensi
1156 381 1189 431 U.
1201 381 1230 430 ο.
1244 393 1298 444 534·

96 449 234 514 militum
249 449 347 514 animi
361 461 476 526 essent,
526 450 632 514 omani
650 463 747 536 ponte
763 449 913 514 Ticinum
931 448 1079 534 iungtmt,
1095 446 1185 512 tu-A·
1202 445 1232 495 ⁰·
1245 447 1300 498 ²¹⁸·

97 535 251 623 tandique
262 536 368 623 pontis
382 547 476 600 causa
486 535 650 600 castellum
660 536 791 622 insuper
799 535 976 622 imponunt.
1008 533 1145 612 Poenus,
1206 514 1258 576 45·

94 645 191 708 opere
202 621 365 708 occupatis
378 621 531 698 hostibus,
544 621 763 686 Maharbalem
774 642 847 685 cunr
858 621 909 684 ala
920 619 1145 698 Numidarum,

94 705 258 793 equitibus
273 708 466 794 quingentis,
478 708 518 792 ad
530 706 770 806 depopulandos
784 707 941 771 sociorum
953 705 1066 806 populi
1078 706 1146 772 Rc-

94 794 182 856 mani
212 815 303 880 agros
332 794 439 858 mittit
498 793 600 858 Gallrs
628 793 715 879 parci
752 815 848 879 quam
877 815 1014 856 maxime
1046 793 1146 870 iubet,

93 879 342 965 principumque
367 879 489 944 animos
518 879 679 944 sollicitari
707 878 746 942 ad
774 877 995 943 defectionem.
1041 877 1145 942 Ponte

93 963 247 1050 perfecto,
261 965 423 1029 traductus
436 965 769 1029 Romanuaexercitus
782 964 817 1027 in
829 986 940 1050 agrum
952 963 1144 1041 Insubrium,

69 1049 242 1136 equinque
257 1050 357 1115 millia
377 1073 526 1138 passuum
544 1075 564 1116 a
579 1049 772 1115 Victumulis
785 1049 937 1114 consedit.
984 1048 1034 1112 Ibi
1052 1047 1145 1114 Han-

94 1135 202 1200 nibal·
220 1149 322 1200 castra
354 1137 508 1202 habebat:
547 1150 757 1222 revocatoque
792 1157 926 1224 propere
958 1135 1144 1201 Maharbale
1154 1144 1269 1219 Praemia

94 1233 194 1308 atque
225 1222 395 1309 equitibus,
422 1246 522 1310 quum
553 1224 668 1288 instare
695 1235 856 1287 certamen
886 1235 1041 1298 cerneret,
1064 1221 1267 1320 nihil⁸¹¹¹⁸l³t>

94 1329 240 1394 unquam
254 1309 329 1380 sads
342 1309 464 1373 dictum
484 1309 781 1399 praemonitumque
798 1308 840 1373 ad
859 1308 1071 1373 cohortandos
1085 1286 1290 1390 mi-iffibq,

93 1392 169 1456 lites
183 1407 280 1471 ratus,
294 1396 413 1460 vocatis
427 1395 469 1458 ad
486 1395 672 1460 concionem
689 1407 776 1458 certa
792 1395 933 1481 praemia
948 1395 1144 1480 pronuntiat,

93 1479 130 1541 in
174 1501 288 1544 uorum
347 1502 399 1545 em
420 1502 443 1567 p
563 1494 607 1544 nt
654 1480 798 1567 ‘Agrum
820 1501 888 1544 asse
909 1479 1058 1544 daturum
1078 1503 1145 1550 esse

95 1501 271 1642 ‘inqltalia
290 1503 410 1643 Asiilca,
471 1567 601 1652 spania,
624 1567 681 1631 ubi
704 1566 839 1652 quisque
862 1565 948 1642 velit,
969 1565 1145 1632 immunem

95 1650 191 1736 ‘ipsi,
222 1652 278 1737 qui
312 1653 491 1738 accepisset,
523 1651 712 1738 liberisque3
751 1652 808 1738 qni
837 1649 1016 1738 pecuniam,
1048 1673 1145 1753 quam

95 1744 242 1836 ‘agrum
266 1737 435 1815 maluisset,
460 1739 490 1802 ei
515 1761 549 1802 se
575 1751 706 1824 argento
729 1737 989 1802 satisfacturum!
1013 1761 1070 1825 qu1
1095 1761 1149 1806 σοι

95 1831 242 1886 ‘crorum
274 1824 358 1888 cives
390 1823 671 1910 Carthaginienses
701 1823 770 1889 fieri
798 1823 927 1901 vellent,
956 1837 1145 1912 potestatem

96 1908 296 1972 ‘facturumr
322 1910 378 1995 qui
393 1910 504 1974 domos
518 1910 622 1975 redire
638 1911 778 1986 mallent,
793 1910 990 1982 daturumse
1006 1931 1145 1997 operam,

96 2003 161 2058 ‘ne
185 1996 276 2059 cuius
298 2018 427 2059 suorum
451 1996 651 2086 popularium
675 2008 830 2060 mutatam
853 1987 961 2070 secum
986 1997 1146 2060 fortunam

96 2089 188 2144 ‘eme
213 2078 352 2144 vellent’
397 2080 501 2146 Servis
526 2103 655 2168 quoque
680 2081 825 2146 dominos
849 2083 1023 2168 prosecutis
1051 2083 1146 2146 liber·
1173 2147 1175 2154 ,

96 2178 198 2230 tatem
212 2167 371 2253 proponit,
386 2168 525 2253 bina'que
546 2191 603 2254 pro
623 2166 673 2230 his
693 2166 851 2253 mancipia
864 2165 1001 2232 dominis
1021 2191 1054 2232 se
1074 2167 1146 2232 red·

95 2251 249 2316 dittrrum.
297 2251 413 2339 anue
429 2267 466 2318 ut
485 2266 552 2318 rata
571 2254 688 2318 scirent
707 2253 783 2330 fore,
799 2275 917 2338 agnum
935 2252 1024 2317 laeva
1038 2273 1144 2331 manu,

95 2337 212 2402 derha
233 2338 354 2403 silicem
376 2339 525 2416 retinens,
541 2341 568 2404 si
588 2338 721 2416 falleret,
739 2337 849 2402 Iovem
870 2351 1054 2426 ceterosque
1074 2361 1146 2427 pre·

96 2436 189 2487 catus
211 2423 297 2501 deos,
318 2425 363 2488 ita
384 2448 418 2490 se
443 2437 626 2502 mactarent,
652 2423 921 2511 quemadmodum
941 2425 1009 2512 ipse
1028 2449 1147 2513 agnum

72 2521 274 2586 attrectasset,
289 2511 465 2575 secundum
480 2511 696 2599 precationem
710 2523 805 2597 caput
819 2510 951 2596 pecudis
964 2533 1040 2578 saxo
1054 2512 1145 2576 elisit.

70 2593 186 2664 4Tum
200 2617 276 2660 vero
290 2619 410 2674 omnes,
426 2595 514 2662 velut
528 2597 589 2661 diis
603 2596 782 2661 auctoribus
799 2597 834 2659 in
850 2619 940 2682 spem
958 2619 1047 2662 ruam
1061 2597 1147 2684 quis·

58 2681 1069 2856 '⁵iiiiii-{idriifsstilimnlllulnlmuiniinioeld
1083 2707 1147 2834 tt.

455 2816 465 2846 θ

175 2866 242 2916 unt.

95 2873 245 3024 polipud
261 2920 423 3004 Romanos
437 2939 684 3040 haudquaquam
700 2952 789 3004 tanta
802 2939 943 3004 alacritas
958 2952 1035 3018 erat,
1050 2963 1147 3029 super
1206 2949 1258 3011 46.

98 3036 206 3088 cetera
224 3026 405 3090 recentibus
419 3025 515 3090 etiam
538 3039 661 3091 temtos
682 3024 844 3127 prodigiis.
891 3025 975 3090 Nam
999 3039 1032 3092 et
1053 3027 1147 3116 lupus
1156 3033 1271 3096 Prodigia
1284 3033 1309 3084 in

98 3111 271 3176 intraverat
284 3124 393 3188 castra,
405 3111 597 3198 'laniatisque
618 3111 718 3176 obviis
741 3134 807 3198 rpse
829 3113 965 3177 intactus
987 3097 1301 3214 evaseranfflffl'

100 3325 174 3375 finxit
195 3335 347 3387 momentum,
368 3329 434 3390 quod
456 3327 607 3376 verissimum
641 3341 663 3374 v.
681 3341 705 3386 p.
724 3328 777 3374 rra.
794 3333 819 3374 at
833 3327 897 3376 Plin.
916 3328 951 3376 H.
969 3328 1004 3376 N.
1021 3329 1106 3378 xxxiii.
1123 3349 1147 3391 4.

100 3390 207 3453 putavit,
221 3398 295 3453 atque
309 3393 371 3440 adeo
387 3391 569 3440 uondubitavit
582 3389 607 3437 in
639 3395 797 3448 memoratur,
823 3389 942 3451 oppidum
967 3391 1034 3439 haud
1061 3395 1147 3454 procul

100 3461 198 3507 textum
219 3456 357 3504 immittere.
402 3455 473 3504 Prius
495 3455 554 3504 editi
576 3469 607 3502 ex
641 3452 777 3502 Placentia.
789 3454 820 3502 cf.
838 3454 892 3502 Pol.
905 3453 938 3502 iii.
952 3452 992 3502 66.
1003 3455 1045 3515 qui
1062 3456 1147 3504 Publi·

102 3518 192 3566 Vullae
214 3519 352 3568 coniectura
377 3519 500 3568 habebant
520 3520 607 3568 insito
641 3533 682 3565 um
695 3523 774 3565 casua
784 3531 860 3579 prope
872 3517 1027 3566 Placentiam
1038 3519 1147 3580 posuisse

100 3589 217 3640 mlum,
233 3583 299 3643 quod
320 3582 401 3644 aptius
420 3582 529 3646 congruit
551 3597 607 3631 cum
639 3587 729 3629 narrat.

101 3645 222 3694 adiectis-o
230 3649 320 3694 miae.
347 3647 398 3696 Iac.
407 3647 545 3695 Gronovius
553 3661 606 3708 pro-
672 3659 686 3706 3
703 3645 769 3692 Suro
778 3645 855 3704 aihu]
868 3644 898 3692 cf.
911 3645 982 3706 Supr.
993 3644 1009 3694 i.
1022 3659 1060 3707 24.
1071 3646 1104 3694 ix.
1117 3662 1139 3710 5.

101 3709 157 3770 pius
167 3708 279 3758 insistens
289 3709 348 3772 ipsis
360 3710 470 3771 apicibus
482 3710 606 3758 literarum
671 3727 687 3769 4
703 3711 737 3756 In
750 3725 817 3770 mam
829 3725 899 3757 utum
913 3712 1015 3772 quisque
1027 3713 1144 3772 amends]

101 3771 207 3834 scriptae
224 3773 336 3821 lectionis
352 3774 489 3836 suspicatur
511 3774 607 3820 nullum
641 3771 744 3820 Insolitu
761 3773 908 3820 constructio
925 3773 969 3819 τοῦ
984 3776 1085 3837 quisque
1103 3789 1147 3836 pro

101 3837 313 3886 catalanense.
639 3838 733 3898 cuique.
757 3835 1148 3896 Nosterinanimchabuimelut

134 3901 349 3959 ratramnum]
372 3901 427 3949 Vico
440 3900 540 3948 tumidis
555 3913 606 3947 risa.
638 3901 660 3946 ei
675 3899 729 3948 deor
746 3907 859 3949 certmst
871 3901 900 3948 in
913 3915 979 3962 rpem
994 3917 1065 3950 rrum
1081 3903 1145 3964 quie·

101 3977 187 4010 omnes
211 3969 237 4010 et
259 3963 314 4011 edd
340 3963 489 4012 vetustiores.
532 3963 607 4013 Unde
638 3970 829 4025 qrtauooeparat.

102 4031 188 4087 postea
210 4025 338 4074 Rubenius
363 4026 445 4075 effecit
472 4028 610 4076 Victumulis
675 4029 736 4088 5ld
751 4029 845 4086 mmor]
871 4026 901 4074 Id
920 4031 1016 4076 tantum
1033 4027 1078 4076 sibi
1095 4043 1146 4077 essa

101 4091 167 4150 quod
176 4090 321 4138 recentiores
329 4091 383 4140 edd.
392 4097 543 4152 receperunt.
571 4091 609 4138 Vt·
641 4104 725 4138 morae
741 4092 796 4150 rati,
813 4089 943 4152 quominus
963 4092 1065 4154 speratis
1084 4092 1146 4153 poti-

100 4155 223 4202 ammeta
243 4154 298 4203 infr.
317 4171 337 4204 c.
356 4166 394 4216 57.
413 4159 550 4212 occurrunt,
567 4156 609 4203 sed
642 4160 734 4213 rentur,
759 4155 825 4216 quod
855 4157 964 4203 nondum
993 4162 1147 4216 pugnarentr

65 4229 81 4234 ··
100 4217 178 4265 alium
210 4217 291 4266 locum
322 4218 356 4266 ibi
386 4217 491 4280 intelligi
525 4223 608 4266 censet
639 4220 1146 4281 atqueadeosese,atatimatquepugnarc

102 4281 195 4329 Stroth.
215 4280 256 4343 qui
282 4283 426 4330 Victumulis
444 4282 484 4329 hic
503 4281 606 4343 reponit.
640 4282 1145 4344 daretur,compotesvotorumiore.Gnav.

101 4346 219 4393 Ictumuii
234 4343 284 4393 aira
300 4346 430 4394 Victumuli
444 4359 484 4406 ap.
494 4345 606 4394 strabon.
634 4402 638 4410 ¹
