2866 4770
325 227 390 294 472
715 218 828 286 ΤΙΤΙ
858 219 995 286 len

172 370 206 420 U·
218 369 248 420 0·
264 380 318 431 547·
327 361 423 426 verba
433 359 518 436 fecit,
530 370 564 422 et
616 357 667 422 tiit
677 357 772 422 simul
780 357 821 421 ab
832 380 907 445 rege
917 370 950 422 et
961 357 1001 422 ab
1014 357 1211 444 imperatore
1229 353 1369 421 Romana

173 435 366 510 Α·(1·“’5·ιιῐ
391 447 489 510 finem
515 443 590 508 beli
612 444 763 520 facerent,
786 443 962 530 darentque
984 465 1057 508 eam
1083 441 1231 527 Epirotis
1252 439 1369 504 reniam

329 533 366 598 P.
383 531 588 618 Sempronius
606 529 805 594 conditiones
885 531 911 594 is
930 529 1022 606 dixit,
1038 541 1077 592 ut
1095 527 1260 603 Parthini,
1274 539 1306 590 et
1323 525 1370 588 Di·

331 617 471 694 mallum,
495 629 528 681 et
549 615 734 702 Bargulnm,
757 629 790 680 et
843 616 995 704 ngenium
1021 615 1253 678 Romanorum
1273 627 1368 675 esent
1430 690 1431 693 Ἴ

331 703 509 780 Atintania,
525 703 561 780 si,
577 702 679 766 missis
700 701 837 766 Romam
853 702 974 789 legatis,
990 701 1029 765 ab
1043 714 1162 764 senatu
1177 699 1385 785 impetrmts

332 788 505 854 Macedoni
519 788 692 853 accederet
739 787 779 852 Iu
794 811 847 854 eas
861 788 1062 853 conditiones
1073 808 1178 872 quum
1195 807 1262 872 par
1276 805 1371 849 coure-

332 876 424 953 niret‚
437 876 477 940 ab
488 897 562 960 rege
574 875 693 940 foederi
708 875 845 961 ascripti,
857 874 969 939 Prusia
981 873 1159 960 Bithyniae
1171 895 1244 948 rex,
1258 869 1370 942 annet

333 961 458 1038 Boeoti,
482 960 636 1038 Thessali,
661 961 853 1038 Acarnanes,
879 961 1045 1047 Epirotae:
1075 959 1117 1022 ab
1143 958 1310 1032 Romana,
1331 955 1386 1018 llis

332 1071 433 1125 enses,
451 1047 580 1112 Attalus
595 1069 661 1124 rex,
678 1047 855 1124 Pleuratus,
872 1046 973 1111 Nabis
988 1045 1322 1110 Lacedaemonionnn
1335 1058 1372 1128 tt·

332 1156 460 1211 rannus,
492 1133 574 1210 Elei,
604 1132 768 1211 Messenii,
800 1133 1022 1197 Athenienses
1085 1129 1182 1194 Haec
1215 1129 1372 1214 consumti

333 1221 581 1306 consignataque
607 1233 690 1296 aunt,
715 1233 748 1284 at
774 1221 808 1283 in
837 1219 917 1284 dnos
946 1240 1071 1282 menaea
1100 1216 1256 1280 indutiae
1280 1216 1372 1288 bena
1429 1285 1430 1288 Ἴ

323 1307 436 1371 ,donec
453 1306 589 1370 Romam
608 1305 809 1370 mitterentur
826 1305 932 1392 legati,
948 1317 984 1368 ut
998 1302 1139 1391 populus
1155 1303 1192 1366 in
1208 1303 1268 1366 has
1281 1301 1373 1365 condi
1429 1319 1430 1330 ¹

335 1394 436 1458 tiones
457 1415 569 1479 pacem
591 1393 723 1456 iuberet.
770 1391 996 1477 Iussernntqne
1019 1411 1133 1455 omnes
1157 1389 1282 1452 tribus:
1305 1387 1372 1472 quia,
1429 1445 1430 1450 ,

333 1502 423 1543 verso
445 1479 480 1542 in
499 1478 640 1542 Africam
661 1477 756 1555 bello,
776 1478 921 1542 omnibus
941 1476 1009 1541 aliis
1028 1477 1060 1539 in
1085 1475 1276 1561 praesentis
1295 1473 1374 1536 letari

333 1564 482 1628 volebant
497 1564 596 1628 bellis.
642 1564 679 1629 P.
696 1562 910 1651 Sempronius,
925 1585 1002 1650 pace
1016 1562 1110 1638 tacta,
1126 1561 1173 1626 ad
1187 1560 1374 1626 consulatum

335 1649 473 1714 Romam
488 1649 632 1716 decessit.

226 1739 276 1799 13.
378 1735 415 1800 P.
431 1734 504 1799 Sem
528 1737 629 1813 ronio,
645 1735 692 1800 M.
708 1735 861 1801 Cornelio
880 1735 1062 1801 consulibus
1076 1735 1235 1820 (quintus
1250 1735 1374 1798 decimu

178 1821 213 1873 U·
225 1823 255 1871 0·
271 1823 325 1885 54⁸·
335 1823 361 1886 is
387 1844 488 1886 annius
506 1757 628 1886 Punici
653 1822 728 1886 belli
754 1823 836 1908 erat)
861 1822 1051 1909 provinciae,
1077 1819 1241 1885 Cornelio
1266 1819 1391 1884 Etruria:

176 1888 214 1998 ff
225 1887 326 1998 &13⁰4
335 1931 408 1972 cnm
423 1920 529 1973 vetere
545 1909 696 1986 exercitu,
713 1907 901 1996 Sempronio
917 1907 1044 1984 Bruttii,
1061 1921 1098 1970 nt
1117 1929 1224 1971 novas
1244 1907 1374 1970 scriberet

176 2012 251 2072 aelio,
264 2015 292 2062 P.
335 1994 484 2081 legiones,
512 1995 666 2059 decretae.
723 1995 934 2071 Praetoribus,
961 1993 1009 2058 M.
1027 1992 1157 2058 Marcio
1189 1995 1322 2064 urbana,
1347 1989 1374 2052 1.

176 2075 322 2138 Sempronio
338 2079 502 2146 Sembonto
517 2080 635 2144 Liboni
650 2082 826 2168 peregrina,
842 2095 876 2145 et
889 2081 993 2146 eidem
1012 2079 1129 2156 Galba,
1148 2079 1199 2143 M.
1211 2077 1376 2166 Pomponio

177 2139 486 2254 gssndoeuMathoni
524 2165 640 2243 Sicilia,
674 2167 725 2231 Ti.
749 2167 885 2232 Claudio
922 2166 1047 2231 Neroni
1085 2164 1243 2229 Sardinia
1278 2164 1375 2230 event

335 2253 373 2318 P.
391 2251 532 2339 Scipioni
548 2275 621 2316 cnm
637 2275 676 2317 eo
690 2254 842 2332 exercitu,
859 2275 933 2317 eum
947 2275 986 2316 ea
999 2251 1108 2328 classe,
1150 2275 1229 2316 narn

358 2352 538 2438 rorogatum
561 2339 595 2402 in
618 2361 737 2403 annum
761 2340 929 2427 imperium
950 2352 1016 2402 est:
1041 2275 1181 2402 itemhl
1195 2337 1334 2410 Licinio,
1351 2349 1378 2396 nt

335 2361 479 2489 Prntnos
502 2447 575 2488 cnm
596 2424 718 2490 duabus
739 2425 916 2512 legionibus
938 2425 1107 2500 obtineret,
1124 2423 1241 2509 quoad
1264 2421 1378 2488 eumin

335 2511 498 2597 provincia
519 2533 592 2574 cnm
615 2511 749 2596 imperio
771 2511 886 2576 morari
908 2509 1032 2575 consuli
1055 2533 1074 2573 e
1096 2509 1272 2596 republica
1293 2510 1379 2573 viarm

336 2609 426 2660 esset.
473 2595 517 2660 Et
532 2596 580 2660 M.
594 2595 697 2674 Livia,
713 2610 747 2662 et
764 2596 816 2684 Sp.
830 2596 990 2673 Lucretio,
1006 2618 1079 2660 cum
1099 2595 1187 2660 binis
1201 2595 1379 2682 legioniba

336 2682 452 2766 quibus
472 2681 621 2747 adversus
639 2681 811 2770 Magonem
830 2682 956 2772 Galliae
975 2681 1132 2769 praesidio
1153 2681 1304 2758 fuissent,
1323 2701 1380 2783 pro·

336 2778 481 2853 rogatum
505 2768 674 2853 imperium
698 2783 754 2834 est.
801 2767 845 2833 Et
870 2769 931 2834 Cn.
949 2767 1094 2844 Octavio,
1118 2781 1167 2844 ut,
1193 2791 1300 2854 quum
1323 2777 1380 2829 bar·

336 2852 456 2917 diniam
480 2852 703 2940 legionemque
725 2855 775 2919 Ti.
794 2853 932 2919 Claudio
956 2853 1147 2928 tradidisset,
1169 2854 1181 2916 i
1264 2851 1380 2917 naribos

336 2938 439 3026 longis
454 2938 665 3026 quadraginta
678 2934 867 3005 maritimam
883 2963 979 3017 oram,
996 2939 1112 3024 quibus
1127 2939 1190 3002 fini
1213 2963 1255 3003 ns
1270 2955 1380 3004 senatus

336 3026 517 3100 censuisset,
550 3039 714 3091 tutaretur.
762 3026 809 3091 M.
833 3026 1010 3114 Pomponio
1041 3026 1183 3111 praetori
1216 3027 1255 3089 in
1291 3023 1381 3090 Sicilia

338 3111 517 3177 Cannensis
532 3113 690 3177 exercitus
705 3113 787 3177 duae
802 3113 944 3198 legiones
958 3111 1112 3176 decretae.
1162 3111 1205 3176 T.
1221 3110 1396 3187 Quinctius

337 3197 522 3275 Tarentum,
552 3197 590 3263 C.
612 3197 769 3264 Hostilius
799 3199 946 3264 Tubulus
974 3197 1130 3283 Capuam,
1159 3211 1383 3285 propraetores

370 3391 658 3455 5Si...impetrosset]
673 3393 773 3454 Nempe
785 3391 842 3442 Phi·
876 3408 907 3440 ex
925 3393 992 3441 Plut.
1007 3391 1033 3439 in
1050 3391 1103 3440 eius
1117 3391 1180 3440 rita.
1216 3391 1335 3441 Ceterum
1351 3387 1384 3450 eri

347 3456 353 3503 i
391 3471 426 3506 us.
877 3456 966 3505 dicitur
987 3455 1029 3502 hic
1053 3457 1201 3512 Tarentum,
1222 3459 1293 3504 sieut
1314 3457 1384 3518 pase

368 3473 514 3581 dlltema]
540 3519 611 3566 Haec
628 3519 715 3582 prima,
735 3519 781 3569 nisi
801 3535 845 3569 nos
877 3537 951 3578 onae,
970 3520 1078 3568 obtinere
1099 3518 1192 3576 iussus,
1210 3535 1336 3581 nusquam
1354 3533 1384 3564 aa

336 3584 402 3631 fallit
421 3583 514 3645 opinio,
534 3584 638 3631 occurrit
659 3585 726 3646 apud
746 3585 845 3632 Livium
878 3599 923 3646 pra
938 3588 1087 3631 memoratus
1099 3587 1137 3630 est
1147 3581 1298 3632 Tarentum
1313 3583 1387 3630 missa

336 3646 430 3695 mentio
445 3647 588 3695 Iliensium:
606 3663 667 3708 quos
681 3647 721 3695 hic
737 3647 845 3696 Romani
878 3663 930 3696 eme
946 3661 1000 3695 cum
1017 3644 1129 3707 imperio.
1165 3647 1242 3702 Quin
1256 3647 1389 3696 mini

336 3711 422 3768 socios,
449 3710 517 3769 alibi,
545 3717 573 3758 ut
600 3711 654 3759 inlr.
682 3713 775 3760 xxxvii.
804 3725 843 3774 37.
875 3711 960 3759 xxviii.
975 3725 1010 3759 ro.
1023 3715 1097 3772 et45.
1110 3709 1183 3770 sequi
1196 3710 1389 3766 sidetemntob

336 3775 437 3823 xxxiiii.
455 3788 493 3838 39.
512 3775 585 3822 etiam
605 3775 703 3836 originis
725 3791 783 3823 snae
802 3792 844 3824 an·
876 3781 955 3823 servat
972 3772 1113 3822 Perizonius
1131 3774 1275 3824 animadv.
1295 3776 1359 3824 tta-a
1373 3794 1390 3829 ᾳ

336 3843 415 3886 ctores
433 3845 574 3899 agnoscunt.
591 3839 671 3888 Char.
698 3839 728 3887 ef.
741 3839 844 3888 Niebhr.
878 3839 912 3895 Q.
934 3837 1077 3896 Claudium,
1094 3838 1227 3899 superiore
1249 3855 1330 3898 anno,
1351 3838 1391 3885 Te

337 3900 352 3950 i.
363 3917 386 3950 n.
400 3915 454 3962 543.
876 3908 946 3950 rento
968 3902 1108 3963 praebuisse.
1151 3901 1205 3950 Sed
1229 3903 1290 3951 fleri
1312 3903 1391 3965 praa

371 3967 507 4025 7Etrario
531 3983 586 4015 com
613 3973 692 4016 vetere
719 3966 841 4028 exercita]
876 3965 1227 4027 utOhudiuapostquamei
1239 3980 1390 4028 prorogatun

336 4027 401 4078 Cum
429 4044 458 4077 eo
485 4031 594 4090 exercitu
621 4044 694 4091 qnam
721 4031 844 4078 Arretium
876 4030 1008 4092 imperinm
1018 4029 1159 4088 fuerawel
1175 4039 1300 4080 mortuus
1311 4032 1391 4083 ait-tr·-

336 4091 433 4138 duxisse
461 4093 584 4140 Laevinus
614 4099 762 4142 memoratur
788 4094 843 4143 infr.
877 4094 960 4154 aliquo
978 4109 1035 4142 casn
1052 4099 1096 4140 aut
1111 4093 1216 4154 negotio
1232 4095 1391 4157 impeditae

336 4154 419 4202 xxviii.
432 4153 471 4214 46.
488 4156 569 4204 Cant.
875 4157 1001 4220 provincia
1018 4155 1157 4214 decesserit,
1177 4157 1258 4219 eique
1277 4171 1392 4208 samem

368 4219 427 4265 ST.
437 4220 568 4274 Quinctius
584 4218 730 4280 Tarentum]
745 4220 796 4268 llic
806 4227 842 4269 est
876 4221 1010 4278 Quinctius
1021 4220 1107 4268 missua
1119 4219 1206 4270 tuerit.
1234 4223 1333 4284 Itaque
1342 4231 1390 4270 tnnc

336 4279 366 4325 T.
378 4279 511 4350 Ιῑὶιιίιιιττίιιε
526 4281 688 4340 Flamininus,
699 4284 740 4342 qui
758 4291 843 4344 postea
875 4285 937 4332 nihil
954 4285 1023 4333 alind
1042 4283 1114 4332 obiici
1134 4286 1232 4344 poterit
1253 4287 1339 4346 livio,
1356 4287 1390 4334 ait

226 4375 229 4382 .
338 4339 481 4402 Philippum
498 4358 578 4404 regem
594 4344 692 4404 devicit,
702 4351 730 4394 nt
747 4353 843 4397 eotrstat
876 4349 941 4410 qnod
961 4363 1012 4398 rem
1032 4362 1097 4407 mn,
1115 4348 1147 4396 ds
1166 4363 1224 4411 qna
1243 4351 1392 4402 mantissa
