2966 4778
354 208 449 274 LIB.
473 209 606 274 XXIII.
641 209 753 275 CAP,
776 217 829 276 49.
1055 213 1115 278 173

62 357 139 408 sent
152 345 352 430 patrimonia,
368 358 405 409 ut
424 345 626 431 reipublicae,
642 367 683 408 ex
698 367 763 431 qua
779 345 958 421 crevissent,
975 345 1016 409 ad
1036 358 1159 412 tem-U.
1171 363 1201 412 c,
1217 373 1272 425 537·

35 411 126 517 ⁶pus
155 431 415 506 commodareut;
452 431 730 516 conducerentque
761 453 799 494 ea
826 430 896 517 lege
925 431 1115 516 praebenda,
1124 428 1155 476 A.
1172 428 1202 478 0·
1218 439 1274 490 ²¹⁵·

38 489 149 603 ⁷quae
172 517 214 580 ad
236 517 412 581 exercitum
436 515 682 616 Hispaniensem
708 539 787 602 opus
813 530 925 593 essent,
946 530 993 594 ut,
1015 540 1116 604 quum

62 604 204 702 pecunia
214 603 248 666 in
259 603 380 666 aerario
391 616 482 681 esset,
495 603 533 666 rie
546 603 657 689 primis
671 602 852 666 solveretur.
885 601 975 668 Haec
991 617 1117 689 praetor

62 712 100 752 sn
121 690 276 753 concione
297 689 407 765 edixit,
423 701 458 752 et
470 711 535 774 qua
549 689 601 752 die
617 689 814 764 vestImenta,
829 689 1023 752 frumentum
1039 689 1116 752 His-

63 775 212 862 paniensi
227 775 380 839 exercitui
395 774 584 860 praebenda,
600 795 746 873 quaeque
764 774 826 837 alia
844 797 923 860 opus
941 787 1046 838 essent
1060 798 1116 839 na-

63 859 191 924 valibus
210 861 311 937 sociis,
327 875 409 925 esset
427 858 594 924 locaturus
641 859 709 924 Ub1
728 881 767 923 ea
784 859 852 924 dies
866 860 962 936 venit,
979 859 1020 924 ad
1039 882 1116 924 con·
1171 871 1225 931 49.

64 945 253 1010 ducendum
279 960 342 1010 tres
367 946 532 1010 societates
557 945 689 1010 aderant
713 945 878 1008 hominum
906 944 1115 1032 undeviginti,
1126 952 1274 1026 Parnase

39 1049 206 1182 tignorum
229 1031 294 1096 duo
375 1031 474 1096 tulate
495 1031 603 1096 fuere:
633 1053 744 1108 unum,
769 1043 805 1094 ut
828 1029 941 1095 militia
959 1045 1116 1108 vacarent,
1126 1031 1276 1142 ffiffid

39 1139 56 1188 9
91 1140 147 1181 um
168 1118 201 1180 in
220 1140 260 1182 eo
277 1140 321 1203 pu
344 1117 405 1182 lico
420 1133 543 1182 esseut:
568 1116 711 1194 alterum,
727 1129 772 1194 ut,
789 1139 870 1217 quae
890 1117 924 1180 iu
944 1139 1039 1182 naves
1058 1117 1246 1193 immin„

64 1203 257 1291 posuissent,
278 1204 318 1267 ab
336 1203 475 1268 hostium
499 1203 757 1290 tempestatisque
777 1227 809 1268 vr
828 1202 956 1290 publico
976 1203 1117 1291 periculo
1125 1213 1172 1260 tur.

66 1301 182 1354 essent
230 1289 376 1375 Utroque
399 1289 576 1388 impetrato,
600 1288 832 1366 conduxerunt,
856 1290 1040 1377 privataque
1062 1313 1118 1390 pe·

66 1377 166 1440 crinis
178 1374 355 1462 respublica
369 1375 586 1440 admmistrata
599 1389 656 1440 est.
703 1374 750 1438 Hi
766 1398 876 1452 mores,
892 1399 993 1461 eaque
1008 1390 1119 1440 cantas

66 1461 189 1550 patriae
258 1483 273 1524 r
298 1483 408 1526 omnes
434 1459 562 1525 ordines
587 1460 675 1525 velut
699 1473 810 1526 tenore
836 1483 902 1524 uno
930 1462 1117 1547 pertinebat
1190 1505 1193 1516 ·

71 1547 200 1623 Quema
224 1546 353 1612 modum
378 1546 537 1612 conducta
561 1547 668 1610 omnia
693 1568 809 1646 magno
835 1547 940 1611 animo
966 1561 1049 1624 sunt,
1074 1549 1119 1610 sic

68 1655 194 1698 summa
209 1632 272 1696 fide
287 1632 439 1718 praebita,
451 1655 511 1696 nec
522 1654 613 1696 secus
625 1654 720 1719 quam
731 1655 758 1696 ss
769 1654 810 1697 ex
821 1633 972 1719 opulento
987 1635 1118 1710 aerario,

45 1735 106 1786 rut
146 1719 295 1795 nondam,
311 1717 479 1782 alerentur.

43 1837 59 1871 α
117 1743 228 1880 &uum
244 1805 277 1867 hi
289 1817 482 1868 commeatus
494 1816 659 1881 venerunt,
672 1802 808 1890 Illiturgi
819 1805 972 1891 oppidum
984 1807 1023 1870 ab
1036 1805 1248 1883 Has-tlltturgis

43 1889 213 1967 adrubale,
229 1912 266 1954 ac
287 1889 326 1954 M
367 1912 438 1966 one,
455 1903 488 1954 et
508 1889 689 1952 Hamilcare
710 1889 895 1954 Bomilcaris
915 1892 991 1969 filio,
1007 1893 1048 1956 ob
1064 1885 1249 1958 de-⁰¹?⁸“⁵⁸⁸

70 1976 243 2040 lectionem
269 1976 310 2040 ad
368 1997 498 2040 omanos
525 1974 775 2062 oppugnabatur.
822 1974 910 2040 Inter
934 1977 1013 2041 haec
1037 1948 1276 2060 irinassssffiffi

70 2075 173 2126 castra
186 2062 326 2126 hostium
343 2060 516 2148 Scipiones,
531 2083 631 2147 quum
652 2060 686 2123 in
706 2061 818 2124 urbem
833 2061 989 2126 sociorum
1004 2073 1119 2148 magno
1127 2073 1203 2127 usta.

70 2148 245 2246 certamine
262 2170 303 2246 ac
322 2161 423 2234 strage
438 2145 659 2210 obsistentium
674 2147 900 2294 pervenissent,
915 2147 1119 2246 frumentum,
1206 2181 1211 2190 ·

70 2255 163 2297 curus
182 2255 292 2320 mopts
311 2247 386 2310 erat,
402 2233 620 2297 advexerunt:
644 2254 683 2294 co
706 2244 863 2318 ortatrque
884 2232 1068 2318 oppidanos,
1084 2247 1123 2297 ut

71 2423 190 2472 bendum.
224 2422 293 2471 Hinc
308 2425 452 2485 redemptor,
466 2423 508 2486 qui
525 2437 580 2470 con·
613 2421 671 2471 inde
690 2425 818 2486 prtiiioam
839 2426 1015 2488 appellarim
1038 2425 1074 2475 ita
1092 2433 1121 2476 ut

72 2487 155 2535 ducit:
179 2488 344 2548 redemptura,
363 2485 499 2536 conductio.
532 2487 581 2544 Qui
613 2487 742 2535 definitum
761 2488 801 2548 sit,
818 2487 877 2552 quid
899 2505 943 2551 pro
962 2490 992 2538 iis
1013 2492 1120 2552 pendere

72 2552 235 2612 samsima
265 2552 392 2598 casinam
422 2552 581 2611 patriarcam,
612 2549 874 2601 illidebesutserario:
892 2553 1120 2616 sisemuneraope·

73 2619 131 2662 sunt
146 2613 194 2661 hoc
212 2614 266 2662 loco
282 2611 416 2674 publicani,
433 2613 475 2674 qui
491 2613 581 2661 condu-
613 2629 669 2662 rave
678 2620 721 2662 aut
728 2615 1066 2666 structionesscnecessitates
1075 2617 1120 2666 rei·

73 2678 152 2726 cando
164 2677 264 2738 publica
274 2676 344 2725 ditati
355 2678 458 2726 fuerant.
475 2677 556 2727 Cass.
612 2677 735 2739 publicae,
757 2684 819 2740 puta
840 2680 927 2742 templi
952 2681 1056 2729 alicuius
1076 2687 1121 2729 aut

106 2739 123 2790 6
139 2741 334 2800 Commodamst]
352 2740 468 2790 Dukerus
478 2739 581 2800 pulchre
612 2739 695 2802 pontis
711 2743 889 2802 exaedificatio,
900 2745 1022 2794 frumenta
1036 2761 1065 2794 sc
1081 2761 1119 2794 ve-

74 2803 137 2852 ridit
155 2818 240 2852 rocem
262 2805 437 2852 commodarent
452 2802 493 2850 hic
509 2802 580 2864 signi-
613 2804 727 2852 stimantes
741 2806 867 2865 exercitui,
878 2823 942 2869 quaa
956 2809 1068 2857 molendo
1080 2811 1119 2858 vel

73 2869 157 2924 ficare,
171 2872 199 2916 ut
214 2865 364 2929 reipublicae
381 2867 509 2914 commodo
525 2881 582 2914 con·
615 2869 754 2928 praebenda
772 2871 885 2918 locantur
901 2871 987 2919 itidem
1008 2887 1024 2919 a
1044 2873 1119 2934 magi-

74 2932 190 2980 sulerent.
215 2931 371 2992 Iurequippe
379 2929 582 2978 Pacciolatusne-
614 2931 737 2988 stratibus,
751 2933 922 2981 conducuntur
937 2950 952 2982 a
968 2934 1120 2996 publicanis;
1196 2955 1198 2962 ’

73 2995 330 3058 gaseratcommodure
346 3009 361 3041 a
376 2993 447 3041 bonis
462 2993 583 3054 scriptori-
616 2993 651 3042 ita
669 2997 697 3041 ut
715 2995 844 3043 delinitum
864 2997 903 3054 sit,
922 2997 981 3058 quid
1000 2998 1026 3045 hi
1049 2997 1121 3058 pretii

74 3059 123 3106 bus
132 3057 383 3119 usurpatumessade
399 3055 504 3118 pecunia
518 3056 582 3104 auis
615 3057 669 3105 loco
696 3057 807 3119 accipere
830 3060 936 3107 debeant
963 3076 993 3108 ex
1021 3061 1121 3111 aerario.

74 3136 125 3184 que
140 3121 220 3178 rebus,
235 3135 298 3182 quae
314 3135 363 3168 non
379 3121 514 3168 redduntur
529 3134 582 3168 eae·
617 3119 752 3168 Posteriora
773 3121 820 3170 hoc
841 3137 912 3170 sensu
933 3125 1059 3184 publicam
1080 3123 1122 3174 hio

74 3187 142 3243 dem,
153 3184 177 3233 id
189 3185 255 3246 quod
267 3184 405 3233 Schellenss
419 3198 468 3234 non
479 3181 583 3244 accepit,
615 3183 732 3246 intellige.
764 3187 832 3233 Dum
842 3187 870 3232 in
880 3200 908 3234 eo
919 3189 1017 3246 publico
1027 3195 1121 3238 essem:

74 3255 151 3310 atque
164 3247 230 3296 hunc
245 3249 327 3295 locum
338 3247 430 3296 citavit.
453 3247 483 3295 ci.
496 3245 583 3294 Ruhn·
615 3247 731 3308 qusmdiu
747 3249 817 3296 illam
834 3247 993 3309 curationem,
1004 3255 1121 3311 tanquam

74 3312 134 3361 ken.
146 3313 238 3374 Opusc.
249 3326 274 3374 p.
288 3322 341 3372 717·
615 3311 774 3359 conductores
797 3317 822 3359 et
849 3311 982 3373 publicani,
1002 3320 1122 3374 gererent

110 3387 124 3438 7
141 3375 354 3437 assumamque
363 3389 393 3423 sa
403 3375 468 3435 ispe]
487 3372 582 3421 Gonda-
616 3373 687 3421 Haec
703 3373 754 3422 sere
768 3373 907 3424 Gronovius
921 3376 1023 3426 Observ.
1037 3376 1070 3427 iv.
1082 3391 1121 3440 ²3-

74 3438 211 3490 candelis
222 3437 319 3496 dicitur,
329 3436 371 3499 qui
387 3442 461 3498 pacta
471 3436 583 3484 mercede
615 3436 695 3485 Cass.

74 3502 170 3564 aliquid
190 3502 366 3564 perficiendum
387 3499 532 3562 suscipiunt,
549 3501 582 3548 lo-
646 3514 662 3562 9
682 3501 723 3558 Ut,
733 3515 796 3562 quaa
810 3502 838 3548 in
852 3516 927 3552 rsaass
937 3503 1119 3565 imposuissent]

74 3583 133 3616 sara
144 3567 176 3615 de
186 3564 223 3625 iis,
234 3565 385 3627 quialiquid
401 3563 456 3612 aliis
471 3561 582 3612 commit·
602 3561 730 3624 =Ut,quae
741 3563 767 3610 in
778 3579 853 3612 navas
863 3565 1067 3626 impomrissentsi
1078 3573 1122 3616 aut

75 3635 141 3678 tunt.
158 3629 188 3678 ci
199 3629 254 3677 intr.
265 3629 348 3678 xxxiv.
359 3627 382 3676 6.
615 3631 714 3688 propter
732 3626 846 3675 hostilem
863 3627 922 3688 vim,
937 3635 981 3677 sut
1000 3645 1044 3692 per
1060 3636 1121 3679 tem·

109 3693 178 3742 8Ut
192 3693 280 3740 militia
295 3697 421 3750 oacarsrst,
436 3691 540 3738 damin
555 3705 583 3738 so
615 3695 734 3751 pestatem
759 3689 913 3751 interiissent,
934 3691 982 3741 hoc
1003 3694 1121 3742 damnum

73 3757 172 3820 publico
181 3756 272 3816 mersi]
292 3755 364 3803 Haec
373 3752 490 3803 Gronovii
501 3768 582 3801 emen·
615 3753 753 3816 respublica
762 3753 900 3814 sustineret,
909 3770 958 3803 non
968 3756 1023 3818 ipsi.
1040 3757 1122 3808 cnm.

76 3819 146 3868 datio
166 3835 216 3867 non
241 3819 348 3866 multum
369 3817 421 3866 abit
443 3819 474 3865 ab
496 3831 511 3864 o
529 3815 583 3864 timi
651 3831 661 3864 1
678 3817 826 3879 disseritur]
844 3833 877 3867 sc.
890 3819 1025 3868 Exerciuts.
1043 3819 1101 3870 Srn.

77 3881 168 3932 codicis
177 3881 303 3944 scriptura.
329 3881 412 3943 Longe
422 3881 497 3929 sliam
509 3831 585 3928 istis
648 3881 789 3944 altisimi
807 3883 935 3945 oppidum]
963 3883 993 3931 In
1012 3883 1123 3944 Baetica,

78 3947 182 3995 finxerat
199 3945 338 4001 lectionem,
351 3960 425 4006 quam
443 3944 509 4006 prius
525 3943 585 3991 editt
618 3943 683 3994 drea
694 3945 783 3994 Baetin
798 3945 898 3995 flumen.
920 3947 950 3997 ct'.
963 3945 1027 3998 Plio.
1040 3948 1076 3999 H.
1088 3948 1123 3999 N.

78 4011 255 4073 praeferebant,
270 4025 302 4058 ns
318 4009 363 4056 aiii
379 4010 485 4058 triennio
496 4023 524 4056 so
537 4023 585 4069 pu·
617 4007 651 4058 iii.
665 4023 685 4056 r.
703 4008 808 4058 Durata

78 4075 168 4123 bibant
178 4079 263 4123 asam.
288 4073 394 4121 Publica
405 4071 585 4130 dicuntur,sive
649 4085 664 4134 3
674 4074 818 4122 Hamilcare
824 4074 968 4123 Bomilcaris
971 4075 1041 4137 silio]
1051 4077 1123 4124 Ham

79 4136 208 4199 vectigalis
223 4141 248 4184 et
264 4135 356 4186 reditm
370 4134 456 4198 populi
469 4133 584 4192 Romani,
616 4137 706 4194 nibeis,
717 4137 783 4197 quod
794 4138 929 4199 malsago
944 4137 1045 4201 plurimi
1061 4139 1123 4200 opti·

78 4215 142 4264 quse
152 4197 377 4260 inferendamario
387 4200 499 4248 locantur
508 4213 525 4250 s
534 4213 584 4246 ms·
617 4199 700 4262 mique
715 4198 807 4248 habent
817 4205 842 4250 et
854 4199 963 4252 Gronov.
977 4201 1073 4264 probat,
1088 4216 1124 4252 rs·

78 4261 334 4328 gistmu'hqssuenda
345 4263 515 4312 conducuntur
524 4277 541 4310 a
550 4261 585 4310 lo
618 4261 700 4325 posuit
711 4263 803 4314 Stroth.

80 4327 218 4390 cupletrbus
234 4333 259 4375 at
274 4326 369 4376 idoneis
383 4325 530 4386 homiuibus,
543 4325 586 4386 qui
