2888 4768
383 215 448 280 270
773 206 885 273 ΤΙΤΙ
911 203 1056 272 LIVII'

227 365 304 416 uc,
320 376 375 428 540·
428 345 610 412 Hasdrubal
630 358 798 434 postquam
821 343 1053 422 animadvertit,
1071 344 1218 431 exiguum
1238 341 1382 407 &manua

225 430 257 480 A.
273 431 304 480 ⁰·
319 435 560 500 ²¹²·exerciu1m
574 434 609 497 in
624 434 740 510 eastris,
756 444 790 496 et
804 455 893 520 spem
908 453 1036 496 omnem
1050 431 1085 495 in
1102 431 1317 496 Celtiberorum
1329 451 1383 492 anr-

274 498 343 593 3.3·.
384 521 447 586 iliis
460 543 546 598 esse3
572 520 692 607 peritus
713 519 816 584 omnis
839 519 1027 597 barbaricae,
1046 532 1080 583 et
1100 519 1261 605 praecipue
1277 516 1382 580 omniun

225 579 344 694 ffiffiss
385 631 493 674 earum
507 609 661 695 gentium,
673 607 833 694 inquibus
846 628 905 693 per
915 618 964 669 tot
974 628 1074 670 annos
1088 605 1246 681 militabat,
1296 601 1383 675 rfidiaa

224 707 376 772 unaeipia
384 693 469 760 facili
490 693 617 782 linguae
636 694 835 770 commercio,
875 715 951 756 uum
973 704 1107 779 utraque
1125 705 1224 756 castra
1240 626 1396 777 plibaHist

224 787 290 824 Μ·
384 804 540 870 panorum
565 794 679 857 essent,
696 779 759 868 'per
788 803 844 845 oec
880 793 913 844 ta
938 778 1095 866 colloquia
1118 778 1280 866 paciscitur
1304 797 1385 861 magua

384 867 531 934 mercede
547 891 620 933 cum
638 866 871 933 Celtiberorum
892 865 1097 953 principibus,
1113 877 1149 930 ut
1163 865 1266 951 copias
1278 861 1338 926 iude
1349 861 1385 923 ab

384 956 512 1021 ducant.
557 954 629 1020 Nec
644 968 734 1020 atrox
748 953 851 1018 visum
864 952 995 1018 facinus.
1042 951 1119 1016 Nou
1136 952 1231 1028 enim,
1246 949 1324 1014 utin
1342 947 1386 1011 Ro

384 1065 494 1108 manos
508 1054 668 1107 verterent
682 1064 777 1118 arma,
793 1040 961 1127 agebatur:
985 1053 1019 1105 et
1033 1061 1162 1116 merces,
1174 1051 1288 1125 quanta
1299 1034 1339 1100 rel
1349 1055 1386 1120 pro

382 1129 467 1195 bello
490 1129 564 1194 satis
590 1141 680 1206 esset,
707 1127 849 1205 dabatur,
873 1149 914 1191 ne
940 1125 1059 1191 bellum
1084 1139 1248 1213 gererent:
1272 1135 1301 1188 et
1318 1142 1386 1207 quuu

383 1217 474 1304 quies
499 1217 575 1304 ipsa,
599 1227 667 1280 tum
691 1214 812 1279 reditus
837 1213 968 1278 domum
993 1212 1177 1299 fructusque
1201 1209 1320 1275 videndi
1339 1227 1386 1270 suu

382 1326 512 1391 suaque,
536 1315 625 1390 grata
646 1301 742 1390 vulgo
765 1313 864 1366 erant.
910 1299 1024 1387 Itaque
1049 1322 1116 1364 non
1139 1298 1271 1363 ducibus
1292 1293 1386 1366 facilius

406 1413 480 1455 uam
502 1388 709 1466 multitudini,
725 1409 907 1475 persuasum
924 1401 990 1452 est:
1015 1384 1165 1451 simulne
1181 1400 1281 1450 metus
1293 1380 1387 1468 quiden

383 1501 402 1542 a
439 1476 593 1540 Romanis
607 1489 684 1552 erat,
700 1477 820 1562 quippe
842 1487 907 1539 tam
928 1473 1047 1561 paucis,
1063 1473 1090 1536 si
1108 1473 1141 1537 vi
1160 1472 1331 1536 retinerent
1364 1463 1398 1528 ldt

383 1563 514 1649 quidem
529 1561 707 1626 cavendum
727 1583 851 1648 semper
867 1561 1020 1626 Romanis
1035 1560 1170 1624 ducibus
1185 1559 1253 1634 erit,
1268 1551 1388 1639 exempla·

406 1673 446 1713 ue
461 1649 540 1712 haee
555 1671 628 1714 vore
643 1671 700 1736 pro
716 1648 914 1713 documentis
929 1647 1084 1722 habenda,
1097 1668 1138 1710 ne
1153 1645 1199 1710 ita
1213 1641 1387 1710 extemisere

383 1673 462 1800 dant
484 1735 618 1813 auxiliis,
639 1749 675 1799 ut
696 1758 762 1799 non
783 1734 855 1822 plus
876 1735 925 1798 sui
947 1733 1067 1798 roboris
1088 1755 1216 1797 suarum
1241 1755 1278 1795 ue
1297 1725 1387 1816 proprie

382 1821 497 1886 virium
519 1822 553 1885 in
575 1823 683 1886 castris
705 1822 852 1887 habeant.
899 1820 1004 1907 Signis
1026 1832 1155 1906 repente
1171 1820 1231 1884 sub
1262 1817 1306 1893 tis,
1320 1811 1388 1878 Celti·

383 1908 452 1973 beri
466 1911 595 1987 abeunt,
610 1907 690 1972 nibil
705 1908 791 1972 aliud
807 1908 1031 1995 quaerentibus
1045 1929 1171 1971 cauam
1187 1901 1389 1972 obtestantibus

383 2019 457 2083 que,
473 2008 510 2060 ut
524 2007 699 2072 manerent,
716 1995 870 2059 Romanis
892 1994 1128 2081 respondentes,
1144 2015 1242 2080 quam
1257 1987 1389 2054 domestico

225 2091 418 2168 on.sqpiose
433 2083 555 2148 avocari
569 2081 662 2147 bello.
710 2081 827 2168 Scipio,
842 2096 1009 2168 postquam
1024 2081 1101 2145 socii
1118 2103 1179 2144 nee
1223 2078 1389 2150 recibuane

224 2172 262 2267 {¹¹⁸
274 2171 366 2218 pencu-
384 2169 416 2233 ri
431 2169 560 2234 retineri
574 2182 731 2257 poterant,
747 2191 806 2233 nec
826 2190 859 2232 se
877 2181 932 2232 aut
948 2190 1058 2254 parem
1080 2167 1147 2230 sine
1171 2166 1215 2229 il'
1254 2163 1327 2229 besti
1338 2180 1389 2227 esa

235 2235 286 2271 um.
385 2267 440 2320 aut
453 2257 542 2321 fratri
557 2277 663 2322 rursus
677 2255 828 2342 coniungi
842 2254 922 2318 vidit
939 2275 1039 2341 posse,
1055 2276 1114 2318 nec
1129 2252 1233 2317 ullum
1247 2249 1325 2316 aliud
1336 2245 1390 2310 salu

384 2355 451 2408 tare
467 2343 633 2408 consilium
654 2342 689 2406 in
710 2353 862 2442 promptu
875 2363 952 2417 esse,
968 2353 1061 2417 retro,
1077 2352 1235 2427 quantum
1249 2347 1347 2426 posset,
1358 2353 1390 2394 ce

383 2428 459 2494 dere
473 2429 602 2506 statuit3
625 2429 660 2492 in
674 2428 709 2492 id
723 2450 811 2492 omn1
826 2449 901 2492 cura
915 2428 1067 2504 intentus,
1083 2426 1199 2490 necubi
1223 2423 1302 2490 hosti
1320 2438 1390 2504 aequ

383 2537 416 2578 se
432 2516 643 2580 committeret
656 2515 744 2591 loco;
771 2514 837 2602 qui,
853 2527 1061 2601 transgressus
1075 2513 1206 2590 flumen,
1222 2533 1314 2601 prope
1326 2503 1390 2570 rest-i·

383 2600 443 2686 giis
457 2601 642 2665 abeuntium
657 2601 828 2666 insistebat.
918 2635 921 2644 .

273 2685 324 2746 34·
427 2687 491 2752 Per
516 2688 643 2752 eosdem
669 2687 738 2752 dies
761 2687 798 2753 P.
819 2679 872 2752 Sci
896 2687 1001 2753 ionem
1029 2709 1087 2775 par
1115 2699 1227 2764 terror,
1254 2678 1390 2773 periculum

225 2769 292 2844 ¹²5³!
304 2770 334 2845 P:
383 2773 485 2839 maius
507 2773 546 2837 ab
568 2711 929 2874 norohoste,1ugeb)at
977 2773 1145 2838 Masinissa
1158 2788 1229 2838 erat
1242 2768 1390 2842 invenias

224 2834 363 2948 fffflfg
384 2873 525 2950 tempore
554 2861 657 2925 socius
688 2858 1008 2948 Carthaginiensium,
1036 2883 1132 2947 quem
1159 2858 1279 2924 deinde
1305 2855 1390 2920 cunm

224 2975 258 3011 ra
382 2959 609 3098 pgtemmque
622 2946 769 3011 Romana
781 2946 858 3012 fecit
872 2947 1018 3012 amicitia.
1064 2945 1096 3010 Is
1111 2960 1180 3010 tum
1195 2969 1271 3011 cum
1320 2941 1389 3004 uitstss

418 3033 597 3099 umidarum
619 3046 652 3098 et
674 3033 856 3098 advenienti
873 3033 909 3099 P.
926 3033 1067 3121 Scipioni
1088 3033 1237 3110 occurrst,
1257 3045 1289 3096 et
1326 3020 1389 3091 ende

382 3121 505 3186 assidue
523 3120 592 3186 dies
613 3131 785 3208 noctesque
808 3119 940 3184 infestus
961 3119 1079 3197 aderat,
1095 3132 1131 3184 ut
1153 3141 1221 3183 non
1241 3137 1329 3204 vagos
1346 3125 1390 3175 tan·

382 3220 461 3285 tum,
483 3207 593 3296 procul
619 3231 639 3272 a
659 3207 766 3272 eastris
787 3206 943 3294 lignatum
964 3206 1212 3294 pabulatumque
1238 3215 1388 3304 progrffi

382 3295 552 3383 exciperet,
568 3292 625 3359 sed
642 3295 717 3381 ipsis
731 3293 931 3380 obequitaret
945 3293 1061 3371 castris,
1077 3293 1283 3379 invectusque
1301 3311 1331 3352 1u
1348 3303 1389 3378 mg*

382 3379 450 3446 dias
460 3403 553 3468 saepe
565 3381 724 3457 stationes,
734 3380 842 3444 omnia
851 3379 974 3466 ingenti
987 3378 1125 3443 tumultu
1136 3379 1285 3443 turbaret.
1309 3372 1388 3439 Noct-

381 3468 441 3532 bus
455 3490 583 3555 quoque
598 3489 690 3554 saepe
713 3467 841 3531 incursu
859 3466 1027 3554 repentino
1041 3465 1075 3529 in
1089 3465 1187 3552 portis
1201 3464 1338 3550 valloque
1350 3471 1388 3520 tre

380 3554 525 3641 pidatum
547 3566 611 3618 ests
637 3577 696 3618 nec
718 3566 774 3618 aut
794 3553 891 3630 locus,
907 3567 961 3617 aut
983 3566 1108 3639 tempus
1130 3550 1232 3616 ullum
1250 3559 1387 3615 racaumt

380 3655 469 3706 metu
494 3663 531 3706 ac
557 3638 769 3706 sollicitudine
795 3653 863 3704 erat
886 3639 1059 3704 Romanis:
1083 3638 1312 3725 compulsisque
1333 3633 1387 3694 intn

379 3727 506 3805 vallum,
533 3727 683 3814 adempto
708 3749 815 3791 rerum
839 3726 984 3791 omnium
1007 3748 1076 3802 usu,
1101 3747 1200 3812 quum
1222 3745 1316 3813 prope
1334 3719 1387 3781 insu

380 3813 503 3878 obsidio
525 3825 616 3890 esset,
642 3812 845 3901 futuramque
871 3813 1018 3878 artiorem
1044 3834 1115 3877 eam
1140 3823 1310 3899 appareret,
1330 3803 1350 3870 si
1367 3819 1387 3860 a

413 3975 427 4022 Β
444 3976 523 4022 Faetlr'
539 3977 640 4036 tropitae
656 3976 805 4036 murelo]
828 3975 886 4024 Om-
919 3972 1029 4036 pluribus
1047 3979 1072 4021 et
1091 3971 1198 4035 optimis,
1213 3977 1242 4020 ut
1257 3967 1329 4019 omnis
1341 3961 1387 4012 ull1³

380 4053 424 4087 aea
436 4037 530 4099 scripti,
538 4042 591 4086 tum
601 4037 759 4096 Gronoviuni,
768 4044 821 4086 tum
832 4054 886 4086 noa-
919 4037 1116 4088 dissentientibus
1128 4035 1269 4085 detrabatur
1283 4033 1386 4083 auruum

380 4103 421 4162 tri,
436 4101 548 4164 ignorant
563 4101 592 4148 rb
608 4104 754 4162 ammorreo,
770 4103 834 4164 quod
851 4108 886 4150 ta·
918 4103 1001 4152 Ossa.
1344 4156 1348 4166 Ι

380 4180 437 4214 men
459 4181 542 4214 sensus
563 4165 662 4214 omnino
683 4166 789 4227 requirit
828 4166 885 4215 Hoc
949 4181 964 4230 9
980 4169 1009 4215 Si
1027 4168 1052 4215 ω’
1070 4166 1215 4224 vatimont]
1234 4163 1260 4212 Si
1277 4161 1298 4209 ri
1313 4163 1386 4226 nunt?

380 4231 522 4291 exemplum
539 4229 569 4277 iis
583 4244 780 4288 annumeramus,
791 4245 822 4278 ex
833 4231 885 4291 qui·
918 4235 1063 4278 conarentur
1079 4229 1193 4279 Romani.
1226 4229 1266 4277 Ita
1275 4227 1384 4287 cupamll

380 4295 426 4342 bus
443 4293 524 4356 colligi
543 4297 624 4354 potest
642 4308 691 4341 uon
712 4307 886 4355 usquequaque
921 4297 1082 4358 routpertum
1087 4297 1239 4356 frumentum
1250 4289 1372 4353 inmu-

380 4355 415 4406 ita
425 4356 499 4406 fldem
511 4357 648 4406 habendam
659 4357 762 4419 scriptia
771 4359 809 4405 rel
821 4371 885 4404 eom·
1252 4375 1254 4380 ,
