<?xml version="1.0" encoding="UTF-8"?>
<!DOCTYPE html PUBLIC "-//W3C//DTD XHTML 1.0 Transitional//EN"
    "http://www.w3.org/TR/xhtml1/DTD/xhtml1-transitional.dtd">
<html xmlns="http://www.w3.org/1999/xhtml" xml:lang="en" lang="en">
 <head>
  <title>
</title>
<meta http-equiv="Content-Type" content="text/html;charset=utf-8" />
  <meta name='ocr-system' content='tesseract 3.04.00' />
  <meta name='ocr-capabilities' content='ocr_page ocr_carea ocr_par ocr_line ocrx_word'/>
</head>
<body>
  <div class='ocr_page' id='page_1' title='image "./tliviipatavinih00kreygoog_0104.png"; bbox 0 0 2966 4778; ppageno 0'>
   <div class='ocr_carea' id='block_1_1' title="bbox 342 188 1102 256">
    <p class='ocr_par' dir='ltr' id='par_1_1' title="bbox 342 188 1102 256">
     <span class='ocr_line' id='line_1_1' title="bbox 342 188 1102 256; baseline -0.003 0"><span class='ocrx_word' id='word_1_1' title='bbox 342 188 438 256; x_wconf 92' lang='lat' dir='ltr'><strong>LIB.</strong></span> <span class='ocrx_word' id='word_1_2' title='bbox 463 189 578 256; x_wconf 87' lang='lat' dir='ltr'>XXII.</span> <span class='ocrx_word' id='word_1_3' title='bbox 611 189 723 256; x_wconf 84' lang='lat' dir='ltr'>cAP.</span> <span class='ocrx_word' id='word_1_4' title='bbox 748 195 799 255; x_wconf 85' lang='lat'>34.</span> <span class='ocrx_word' id='word_1_5' title='bbox 1060 192 1102 254; x_wconf 77' lang='lat'>93</span> 
     </span>
    </p>
   </div>
   <div class='ocr_carea' id='block_1_2' title="bbox 15 326 1261 3361">
    <p class='ocr_par' dir='ltr' id='par_1_2' title="bbox 39 326 1259 676">
     <span class='ocr_line' id='line_1_2' title="bbox 86 326 1257 416; baseline 0.001 -23"><span class='ocrx_word' id='word_1_6' title='bbox 86 328 154 394; x_wconf 89' lang='lat' dir='ltr'>Per</span> <span class='ocrx_word' id='word_1_7' title='bbox 182 326 312 393; x_wconf 88' lang='lat' dir='ltr'>eosdem</span> <span class='ocrx_word' id='word_1_8' title='bbox 337 327 406 392; x_wconf 91' lang='lat' dir='ltr'>dies</span> <span class='ocrx_word' id='word_1_9' title='bbox 435 328 615 415; x_wconf 82' lang='lat' dir='ltr'><strong>speculator</strong></span> <span class='ocrx_word' id='word_1_10' title='bbox 645 327 937 415; x_wconf 76' lang='lat' dir='ltr'>Carthaginiensis,</span> <span class='ocrx_word' id='word_1_11' title='bbox 958 329 1015 416; x_wconf 93' lang='lat' dir='ltr'>qui</span> <span class='ocrx_word' id='word_1_12' title='bbox 1043 345 1186 416; x_wconf 57' lang='lat' dir='ltr'>perae.</span> <span class='ocrx_word' id='word_1_13' title='bbox 1204 357 1257 408; x_wconf 80' lang='lat'><strong>535·</strong></span> 
     </span>
     <span class='ocr_line' id='line_1_3' title="bbox 39 412 1259 502; baseline -0.001 -21"><span class='ocrx_word' id='word_1_14' title='bbox 39 416 212 481; x_wconf 84' lang='lat' dir='ltr'>biennium</span> <span class='ocrx_word' id='word_1_15' title='bbox 224 414 388 492; x_wconf 79' lang='lat' dir='ltr'><strong>fefellerat,</strong></span> <span class='ocrx_word' id='word_1_16' title='bbox 402 414 525 480; x_wconf 86' lang='lat' dir='ltr'>Romae</span> <span class='ocrx_word' id='word_1_17' title='bbox 538 414 764 501; x_wconf 88' lang='lat' dir='ltr'>deprehensus,</span> <span class='ocrx_word' id='word_1_18' title='bbox 775 415 988 502; x_wconf 79' lang='lat' dir='ltr'>praecisisque</span> <span class='ocrx_word' id='word_1_19' title='bbox 1000 412 1140 480; x_wconf 63' lang='lat' dir='ltr'>muni-An</span> <span class='ocrx_word' id='word_1_20' title='bbox 1157 412 1186 460; x_wconf 76' lang='lat'>⁰·</span> <span class='ocrx_word' id='word_1_21' title='bbox 1203 423 1259 471; x_wconf 76' lang='lat'><strong>²¹⁷·</strong></span> 
     </span>
     <span class='ocr_line' id='line_1_4' title="bbox 40 479 1208 587; baseline 0 -21"><span class='ocrx_word' id='word_1_22' title='bbox 40 505 104 566; x_wconf 92' lang='lat' dir='ltr'>bus</span> <span class='ocrx_word' id='word_1_23' title='bbox 127 501 292 566; x_wconf 89' lang='lat' dir='ltr'>dimissus:</span> <span class='ocrx_word' id='word_1_24' title='bbox 316 515 350 566; x_wconf 90' lang='lat' dir='ltr'>et</span> <span class='ocrx_word' id='word_1_25' title='bbox 371 502 453 566; x_wconf 86' lang='lat' dir='ltr'>servi</span> <span class='ocrx_word' id='word_1_26' title='bbox 473 501 617 587; x_wconf 91' lang='lat' dir='ltr'>quinque</span> <span class='ocrx_word' id='word_1_27' title='bbox 636 515 670 565; x_wconf 89' lang='lat' dir='ltr'>et</span> <span class='ocrx_word' id='word_1_28' title='bbox 687 500 800 587; x_wconf 82' lang='lat' dir='ltr'>viginti</span> <span class='ocrx_word' id='word_1_29' title='bbox 823 501 856 565; x_wconf 91' lang='lat' dir='ltr'>iu</span> <span class='ocrx_word' id='word_1_30' title='bbox 878 524 1005 566; x_wconf 90' lang='lat' dir='ltr'>cmcem</span> <span class='ocrx_word' id='word_1_31' title='bbox 1027 503 1099 579; x_wconf 82' lang='lat' dir='ltr'>acti,</span> <span class='ocrx_word' id='word_1_32' title='bbox 1156 479 1208 537; x_wconf 85' lang='lat'>33·</span> 
     </span>
     <span class='ocr_line' id='line_1_5' title="bbox 42 561 1255 676; baseline 0.002 -24"><span class='ocrx_word' id='word_1_33' title='bbox 42 589 136 676; x_wconf 92' lang='lat' dir='ltr'>quod</span> <span class='ocrx_word' id='word_1_34' title='bbox 157 589 191 652; x_wconf 95' lang='lat' dir='ltr'>iu</span> <span class='ocrx_word' id='word_1_35' title='bbox 208 610 322 675; x_wconf 87' lang='lat' dir='ltr'>campo</span> <span class='ocrx_word' id='word_1_36' title='bbox 343 586 464 652; x_wconf 89' lang='lat' dir='ltr'>Martio</span> <span class='ocrx_word' id='word_1_37' title='bbox 485 589 710 652; x_wconf 80' lang='lat' dir='ltr'>coniurassent.</span> <span class='ocrx_word' id='word_1_38' title='bbox 758 585 862 652; x_wconf 86' lang='lat' dir='ltr'>Indici</span> <span class='ocrx_word' id='word_1_39' title='bbox 880 587 954 653; x_wconf 87' lang='lat' dir='ltr'>data</span> <span class='ocrx_word' id='word_1_40' title='bbox 974 587 1101 654; x_wconf 88' lang='lat' dir='ltr'>libertas</span> <span class='ocrx_word' id='word_1_41' title='bbox 1109 561 1255 674; x_wconf 51' lang='lat' dir='ltr'>{mffim&#39;</span> 
     </span>
    </p>

    <p class='ocr_par' dir='ltr' id='par_1_3' title="bbox 17 672 1243 848">
     <span class='ocr_line' id='line_1_6' title="bbox 42 672 1234 764; baseline -0.002 -24"><span class='ocrx_word' id='word_1_42' title='bbox 42 688 81 740; x_wconf 89' lang='lat' dir='ltr'>et</span> <span class='ocrx_word' id='word_1_43' title='bbox 109 675 191 739; x_wconf 84' lang='lat' dir='ltr'>aeris</span> <span class='ocrx_word' id='word_1_44' title='bbox 220 675 324 762; x_wconf 77' lang='lat' dir='ltr'>gravis</span> <span class='ocrx_word' id='word_1_45' title='bbox 347 674 461 761; x_wconf 84' lang='lat' dir='ltr'>viginti</span> <span class='ocrx_word' id='word_1_46' title='bbox 488 672 595 738; x_wconf 89' lang='lat' dir='ltr'>millia.</span> <span class='ocrx_word' id='word_1_47' title='bbox 642 673 757 760; x_wconf 81' lang='lat' dir='ltr'>Legati</span> <span class='ocrx_word' id='word_1_48' title='bbox 786 685 820 738; x_wconf 90' lang='lat' dir='ltr'>et</span> <span class='ocrx_word' id='word_1_49' title='bbox 848 672 889 738; x_wconf 88' lang='lat' dir='ltr'>ad</span> <span class='ocrx_word' id='word_1_50' title='bbox 914 674 1101 763; x_wconf 88' lang='lat' dir='ltr'>Philippum</span> <span class='ocrx_word' id='word_1_51' title='bbox 1110 689 1195 764; x_wconf 60' lang='lat' dir='ltr'>Lepon·</span> <span class='ocrx_word' id='word_1_52' title='bbox 1208 688 1234 738; x_wconf 80' lang='lat' dir='ltr'>iu</span> 
     </span>
     <span class='ocr_line' id='line_1_7' title="bbox 17 755 1243 848; baseline 0.002 -21"><span class='ocrx_word' id='word_1_53' title='bbox 17 761 267 827; x_wconf 77' lang='lat' dir='ltr'>sMaeedouum</span> <span class='ocrx_word' id='word_1_54' title='bbox 301 783 410 848; x_wconf 83' lang='lat' dir='ltr'>regem</span> <span class='ocrx_word' id='word_1_55' title='bbox 441 760 527 824; x_wconf 87' lang='lat' dir='ltr'>missi</span> <span class='ocrx_word' id='word_1_56' title='bbox 556 759 598 824; x_wconf 83' lang='lat' dir='ltr'>sd</span> <span class='ocrx_word' id='word_1_57' title='bbox 631 759 869 846; x_wconf 89' lang='lat' dir='ltr'>deposcendum</span> <span class='ocrx_word' id='word_1_58' title='bbox 899 760 1102 826; x_wconf 90' lang='lat' dir='ltr'>Demetrium</span> <span class='ocrx_word' id='word_1_59' title='bbox 1111 768 1176 830; x_wconf 68' lang='lat' dir='ltr'>vana</span> <span class='ocrx_word' id='word_1_60' title='bbox 1188 755 1243 802; x_wconf 70' lang='lat'>¹⁰⁰⁸</span> 
     </span>
    </p>

    <p class='ocr_par' dir='ltr' id='par_1_4' title="bbox 42 833 1184 933">
     <span class='ocr_line' id='line_1_8' title="bbox 42 833 1184 933; baseline -0.002 -20"><span class='ocrx_word' id='word_1_61' title='bbox 42 847 211 924; x_wconf 86' lang='lat' dir='ltr'>Pharium,</span> <span class='ocrx_word' id='word_1_62' title='bbox 238 847 305 933; x_wconf 92' lang='lat' dir='ltr'>qui,</span> <span class='ocrx_word' id='word_1_63' title='bbox 330 846 414 910; x_wconf 90' lang='lat' dir='ltr'>bello</span> <span class='ocrx_word' id='word_1_64' title='bbox 440 845 550 922; x_wconf 87' lang='lat' dir='ltr'>victus,</span> <span class='ocrx_word' id='word_1_65' title='bbox 574 845 616 910; x_wconf 88' lang='lat' dir='ltr'>ad</span> <span class='ocrx_word' id='word_1_66' title='bbox 645 868 719 910; x_wconf 93' lang='lat' dir='ltr'>eum</span> <span class='ocrx_word' id='word_1_67' title='bbox 742 845 890 931; x_wconf 80' lang='lat' dir='ltr'>fugisset:</span> <span class='ocrx_word' id='word_1_68' title='bbox 923 859 956 910; x_wconf 90' lang='lat' dir='ltr'>et</span> <span class='ocrx_word' id='word_1_69' title='bbox 985 847 1038 910; x_wconf 85' lang='lat' dir='ltr'>alii</span> <span class='ocrx_word' id='word_1_70' title='bbox 1067 833 1184 912; x_wconf 59' lang='lat' dir='ltr'>ium</span> 
     </span>
    </p>

    <p class='ocr_par' dir='ltr' id='par_1_5' title="bbox 41 931 1100 1020">
     <span class='ocr_line' id='line_1_9' title="bbox 41 931 1100 1020; baseline -0.001 -22"><span class='ocrx_word' id='word_1_71' title='bbox 41 935 184 1020; x_wconf 86' lang='lat' dir='ltr'>Ligures</span> <span class='ocrx_word' id='word_1_72' title='bbox 193 933 235 997; x_wconf 82' lang='lat' dir='ltr'>ad</span> <span class='ocrx_word' id='word_1_73' title='bbox 246 931 523 1020; x_wconf 86' lang='lat' dir='ltr'>expostulandum,</span> <span class='ocrx_word' id='word_1_74' title='bbox 533 931 622 1019; x_wconf 91' lang='lat' dir='ltr'>quod</span> <span class='ocrx_word' id='word_1_75' title='bbox 632 931 779 996; x_wconf 92' lang='lat' dir='ltr'>Poenum</span> <span class='ocrx_word' id='word_1_76' title='bbox 788 933 902 1018; x_wconf 89' lang='lat' dir='ltr'>opibus</span> <span class='ocrx_word' id='word_1_77' title='bbox 911 933 1100 1020; x_wconf 86' lang='lat' dir='ltr'>auxiliisque</span> 
     </span>
    </p>

    <p class='ocr_par' dir='ltr' id='par_1_6' title="bbox 15 1017 1165 1193">
     <span class='ocr_line' id='line_1_10' title="bbox 41 1017 1101 1106; baseline 0 -20"><span class='ocrx_word' id='word_1_78' title='bbox 41 1022 112 1086; x_wconf 88' lang='lat' dir='ltr'>suis</span> <span class='ocrx_word' id='word_1_79' title='bbox 134 1020 304 1084; x_wconf 85' lang='lat' dir='ltr'>iuvissent:</span> <span class='ocrx_word' id='word_1_80' title='bbox 336 1018 430 1082; x_wconf 91' lang='lat' dir='ltr'>simul</span> <span class='ocrx_word' id='word_1_81' title='bbox 452 1019 493 1084; x_wconf 87' lang='lat' dir='ltr'>ad</span> <span class='ocrx_word' id='word_1_82' title='bbox 508 1017 675 1082; x_wconf 89' lang='lat' dir='ltr'>visendum</span> <span class='ocrx_word' id='word_1_83' title='bbox 697 1041 739 1082; x_wconf 85' lang='lat' dir='ltr'>ex</span> <span class='ocrx_word' id='word_1_84' title='bbox 760 1041 818 1105; x_wconf 90' lang='lat' dir='ltr'>pro</span> <span class='ocrx_word' id='word_1_85' title='bbox 841 1019 951 1104; x_wconf 90' lang='lat' dir='ltr'>inquo,</span> <span class='ocrx_word' id='word_1_86' title='bbox 966 1042 1048 1106; x_wconf 90' lang='lat' dir='ltr'>quae</span> <span class='ocrx_word' id='word_1_87' title='bbox 1067 1019 1101 1086; x_wconf 87' lang='lat' dir='ltr'>in</span> 
     </span>
     <span class='ocr_line' id='line_1_11' title="bbox 15 1041 1165 1193; baseline 0 -23"><span class='ocrx_word' id='word_1_88' title='bbox 15 1106 136 1171; x_wconf 86' lang='lat' dir='ltr'>4Boiis</span> <span class='ocrx_word' id='word_1_89' title='bbox 157 1119 253 1192; x_wconf 86' lang='lat' dir='ltr'>atque</span> <span class='ocrx_word' id='word_1_90' title='bbox 276 1104 463 1170; x_wconf 85' lang='lat' dir='ltr'>Insubribus</span> <span class='ocrx_word' id='word_1_91' title='bbox 484 1118 677 1192; x_wconf 80' lang='lat' dir='ltr'>gererentur.</span> <span class='ocrx_word' id='word_1_92' title='bbox 734 1104 790 1168; x_wconf 91' lang='lat' dir='ltr'>Ad</span> <span class='ocrx_word' id='word_1_93' title='bbox 812 1041 949 1170; x_wconf 63' lang='lat' dir='ltr'>lineum</span> <span class='ocrx_word' id='word_1_94' title='bbox 972 1129 1016 1193; x_wconf 90' lang='lat' dir='ltr'>qu</span> <span class='ocrx_word' id='word_1_95' title='bbox 1060 1129 1101 1173; x_wconf 89' lang='lat' dir='ltr'>ue</span> <span class='ocrx_word' id='word_1_96' title='bbox 1162 1180 1165 1186; x_wconf 24' lang='grc'>1</span> 
     </span>
    </p>

    <p class='ocr_par' dir='ltr' id='par_1_7' title="bbox 41 1190 1101 1293">
     <span class='ocr_line' id='line_1_12' title="bbox 41 1190 1101 1293; baseline -0.001 -37"><span class='ocrx_word' id='word_1_97' title='bbox 41 1215 156 1293; x_wconf 68' lang='lat' dir='ltr'>regem</span> <span class='ocrx_word' id='word_1_98' title='bbox 181 1192 214 1256; x_wconf 92' lang='lat' dir='ltr'>iu</span> <span class='ocrx_word' id='word_1_99' title='bbox 240 1191 365 1280; x_wconf 84' lang='lat' dir='ltr'>Illyrios</span> <span class='ocrx_word' id='word_1_100' title='bbox 391 1190 486 1277; x_wconf 78' lang='lat' dir='ltr'>legati</span> <span class='ocrx_word' id='word_1_101' title='bbox 513 1190 599 1254; x_wconf 92' lang='lat' dir='ltr'>missi</span> <span class='ocrx_word' id='word_1_102' title='bbox 623 1190 664 1255; x_wconf 84' lang='lat' dir='ltr'>ud</span> <span class='ocrx_word' id='word_1_103' title='bbox 689 1190 893 1278; x_wconf 79' lang='lat' dir='ltr'>stipendium,</span> <span class='ocrx_word' id='word_1_104' title='bbox 917 1192 1007 1256; x_wconf 92' lang='lat' dir='ltr'>cuius</span> <span class='ocrx_word' id='word_1_105' title='bbox 1056 1215 1101 1258; x_wconf 83' lang='lat' dir='ltr'>res</span> 
     </span>
    </p>

    <p class='ocr_par' dir='ltr' id='par_1_8' title="bbox 41 1276 1101 1465">
     <span class='ocr_line' id='line_1_13' title="bbox 42 1276 1101 1364; baseline -0.002 -20"><span class='ocrx_word' id='word_1_106' title='bbox 42 1295 180 1355; x_wconf 81' lang='lat' dir='ltr'>exierat,</span> <span class='ocrx_word' id='word_1_107' title='bbox 279 1278 418 1353; x_wconf 83' lang='lat' dir='ltr'>endum3</span> <span class='ocrx_word' id='word_1_108' title='bbox 449 1289 515 1353; x_wconf 89' lang='lat' dir='ltr'>aut,</span> <span class='ocrx_word' id='word_1_109' title='bbox 531 1277 558 1340; x_wconf 93' lang='lat' dir='ltr'>si</span> <span class='ocrx_word' id='word_1_110' title='bbox 579 1276 666 1341; x_wconf 92' lang='lat' dir='ltr'>diem</span> <span class='ocrx_word' id='word_1_111' title='bbox 689 1277 827 1364; x_wconf 82' lang='lat' dir='ltr'>proferre</span> <span class='ocrx_word' id='word_1_112' title='bbox 850 1277 955 1356; x_wconf 80' lang='lat' dir='ltr'>vellet,</span> <span class='ocrx_word' id='word_1_113' title='bbox 976 1279 1101 1344; x_wconf 89' lang='lat' dir='ltr'>obsides</span> 
     </span>
     <span class='ocr_line' id='line_1_14' title="bbox 41 1363 1099 1465; baseline -0.001 -36"><span class='ocrx_word' id='word_1_114' title='bbox 41 1366 191 1465; x_wconf 85' lang='lat' dir='ltr'>accipicu</span> <span class='ocrx_word' id='word_1_115' title='bbox 215 1387 259 1428; x_wconf 92' lang='lat' dir='ltr'>os.</span> <span class='ocrx_word' id='word_1_116' title='bbox 306 1363 412 1440; x_wconf 89' lang='lat' dir='ltr'>Adeo,</span> <span class='ocrx_word' id='word_1_117' title='bbox 427 1364 487 1427; x_wconf 89' lang='lat' dir='ltr'>etsi</span> <span class='ocrx_word' id='word_1_118' title='bbox 505 1363 624 1427; x_wconf 90' lang='lat' dir='ltr'>bellum</span> <span class='ocrx_word' id='word_1_119' title='bbox 649 1363 656 1376; x_wconf 87' lang='grc'><em>“</em></span> <span class='ocrx_word' id='word_1_120' title='bbox 703 1386 761 1428; x_wconf 87' lang='lat' dir='ltr'>eus</span> <span class='ocrx_word' id='word_1_121' title='bbox 776 1363 811 1427; x_wconf 94' lang='lat' dir='ltr'>in</span> <span class='ocrx_word' id='word_1_122' title='bbox 833 1365 1007 1428; x_wconf 86' lang='lat' dir='ltr'>cervicibus</span> <span class='ocrx_word' id='word_1_123' title='bbox 1022 1379 1099 1441; x_wconf 89' lang='lat' dir='ltr'>erat,</span> 
     </span>
    </p>

    <p class='ocr_par' dir='ltr' id='par_1_9' title="bbox 42 1450 1102 1537">
     <span class='ocr_line' id='line_1_15' title="bbox 42 1450 1102 1537; baseline 0.001 -22"><span class='ocrx_word' id='word_1_124' title='bbox 42 1451 167 1516; x_wconf 82' lang='lat' dir='ltr'>nullius</span> <span class='ocrx_word' id='word_1_125' title='bbox 181 1473 316 1537; x_wconf 91' lang='lat' dir='ltr'>usquam</span> <span class='ocrx_word' id='word_1_126' title='bbox 339 1464 494 1514; x_wconf 89' lang='lat' dir='ltr'>terrarum</span> <span class='ocrx_word' id='word_1_127' title='bbox 510 1450 554 1513; x_wconf 89' lang='lat' dir='ltr'>rei</span> <span class='ocrx_word' id='word_1_128' title='bbox 574 1471 651 1514; x_wconf 81' lang='lat' dir='ltr'>cure</span> <span class='ocrx_word' id='word_1_129' title='bbox 705 1472 846 1527; x_wconf 85' lang='lat' dir='ltr'>omauos,</span> <span class='ocrx_word' id='word_1_130' title='bbox 861 1473 903 1514; x_wconf 94' lang='lat' dir='ltr'>ne</span> <span class='ocrx_word' id='word_1_131' title='bbox 925 1450 1102 1537; x_wconf 86' lang='lat' dir='ltr'>longinqua</span> 
     </span>
    </p>

    <p class='ocr_par' dir='ltr' id='par_1_10' title="bbox 69 1533 1092 1623">
     <span class='ocr_line' id='line_1_16' title="bbox 69 1533 1092 1623; baseline -0.001 -22"><span class='ocrx_word' id='word_1_132' title='bbox 69 1537 191 1614; x_wconf 90' lang='lat' dir='ltr'>uidem,</span> <span class='ocrx_word' id='word_1_133' title='bbox 221 1536 403 1623; x_wconf 78' lang='lat' dir='ltr'>effugiebat.</span> <span class='ocrx_word' id='word_1_134' title='bbox 449 1534 489 1599; x_wconf 93' lang='lat' dir='ltr'>In</span> <span class='ocrx_word' id='word_1_135' title='bbox 518 1533 705 1622; x_wconf 75' lang='lat' dir='ltr'>religionem</span> <span class='ocrx_word' id='word_1_136' title='bbox 735 1537 832 1601; x_wconf 87' lang='lat' dir='ltr'>etiam</span> <span class='ocrx_word' id='word_1_137' title='bbox 861 1537 960 1614; x_wconf 86' lang='lat' dir='ltr'>venit,</span> <span class='ocrx_word' id='word_1_138' title='bbox 981 1537 1092 1602; x_wconf 85' lang='lat' dir='ltr'>aedem</span> 
     </span>
    </p>

    <p class='ocr_par' dir='ltr' id='par_1_11' title="bbox 42 1563 1100 1722">
     <span class='ocr_line' id='line_1_17' title="bbox 42 1563 1100 1722; baseline 0 -34"><span class='ocrx_word' id='word_1_139' title='bbox 42 1563 263 1701; x_wconf 46' lang='lat' dir='ltr'>Zoueordiae,</span> <span class='ocrx_word' id='word_1_140' title='bbox 279 1645 374 1709; x_wconf 84' lang='lat' dir='ltr'>quem</span> <span class='ocrx_word' id='word_1_141' title='bbox 395 1644 452 1722; x_wconf 89' lang='lat' dir='ltr'>per</span> <span class='ocrx_word' id='word_1_142' title='bbox 473 1621 663 1686; x_wconf 87' lang='lat' dir='ltr'>seditionem</span> <span class='ocrx_word' id='word_1_143' title='bbox 684 1621 851 1687; x_wconf 79' lang='lat' dir='ltr'>militarem</span> <span class='ocrx_word' id='word_1_144' title='bbox 873 1623 1004 1689; x_wconf 90' lang='lat' dir='ltr'>biennio</span> <span class='ocrx_word' id='word_1_145' title='bbox 1026 1638 1100 1688; x_wconf 86' lang='lat' dir='ltr'>aute</span> 
     </span>
    </p>

    <p class='ocr_par' dir='ltr' id='par_1_12' title="bbox 44 1706 1102 1811">
     <span class='ocr_line' id='line_1_18' title="bbox 44 1706 1102 1811; baseline 0 -36"><span class='ocrx_word' id='word_1_146' title='bbox 44 1711 87 1775; x_wconf 89' lang='lat' dir='ltr'>L.</span> <span class='ocrx_word' id='word_1_147' title='bbox 100 1708 243 1774; x_wconf 81' lang='lat' dir='ltr'>Manlius</span> <span class='ocrx_word' id='word_1_148' title='bbox 276 1721 382 1774; x_wconf 82' lang='lat' dir='ltr'>raetor</span> <span class='ocrx_word' id='word_1_149' title='bbox 396 1731 430 1772; x_wconf 85' lang='lat' dir='ltr'>ru</span> <span class='ocrx_word' id='word_1_150' title='bbox 447 1706 553 1772; x_wconf 83' lang='lat' dir='ltr'>Gallia</span> <span class='ocrx_word' id='word_1_151' title='bbox 564 1707 709 1785; x_wconf 87' lang='lat' dir='ltr'>vovisset,</span> <span class='ocrx_word' id='word_1_152' title='bbox 719 1707 855 1774; x_wconf 88' lang='lat' dir='ltr'>locatam</span> <span class='ocrx_word' id='word_1_153' title='bbox 869 1709 960 1775; x_wconf 90' lang='lat' dir='ltr'>adid</span> <span class='ocrx_word' id='word_1_154' title='bbox 977 1725 1102 1811; x_wconf 90' lang='lat' dir='ltr'>tempus</span> 
     </span>
    </p>

    <p class='ocr_par' dir='ltr' id='par_1_13' title="bbox 43 1732 1102 1882">
     <span class='ocr_line' id='line_1_19' title="bbox 43 1732 1102 1882; baseline 0.002 -22"><span class='ocrx_word' id='word_1_155' title='bbox 43 1819 114 1860; x_wconf 92' lang='lat' dir='ltr'>nou</span> <span class='ocrx_word' id='word_1_156' title='bbox 124 1818 200 1860; x_wconf 86' lang='lat' dir='ltr'>esse.</span> <span class='ocrx_word' id='word_1_157' title='bbox 247 1732 361 1882; x_wconf 66' lang='lat' dir='ltr'>ltaque</span> <span class='ocrx_word' id='word_1_158' title='bbox 372 1793 533 1858; x_wconf 88' lang='lat' dir='ltr'>duumviri</span> <span class='ocrx_word' id='word_1_159' title='bbox 542 1794 584 1858; x_wconf 89' lang='lat' dir='ltr'>ad</span> <span class='ocrx_word' id='word_1_160' title='bbox 598 1816 669 1859; x_wconf 86' lang='lat' dir='ltr'>eam</span> <span class='ocrx_word' id='word_1_161' title='bbox 678 1816 746 1858; x_wconf 88' lang='lat' dir='ltr'>rem</span> <span class='ocrx_word' id='word_1_162' title='bbox 757 1795 853 1860; x_wconf 84' lang='lat' dir='ltr'>creati</span> <span class='ocrx_word' id='word_1_163' title='bbox 869 1818 889 1860; x_wconf 87' lang='lat' dir='ltr'>a</span> <span class='ocrx_word' id='word_1_164' title='bbox 901 1794 948 1860; x_wconf 90' lang='lat' dir='ltr'>M.</span> <span class='ocrx_word' id='word_1_165' title='bbox 960 1797 1102 1862; x_wconf 81' lang='lat' dir='ltr'>Aemilio</span> 
     </span>
    </p>

    <p class='ocr_par' dir='ltr' id='par_1_14' title="bbox 46 1878 1100 1971">
     <span class='ocr_line' id='line_1_20' title="bbox 46 1878 1100 1971; baseline -0.001 -24"><span class='ocrx_word' id='word_1_166' title='bbox 46 1895 198 1971; x_wconf 77' lang='lat' dir='ltr'>praetore</span> <span class='ocrx_word' id='word_1_167' title='bbox 225 1881 321 1958; x_wconf 90' lang='lat' dir='ltr'>urbis,</span> <span class='ocrx_word' id='word_1_168' title='bbox 346 1879 408 1945; x_wconf 85' lang='lat' dir='ltr'>Cn</span> <span class='ocrx_word' id='word_1_169' title='bbox 425 1880 549 1967; x_wconf 89' lang='lat' dir='ltr'>Pupius</span> <span class='ocrx_word' id='word_1_170' title='bbox 571 1891 604 1944; x_wconf 91' lang='lat' dir='ltr'>et</span> <span class='ocrx_word' id='word_1_171' title='bbox 631 1880 674 1944; x_wconf 91' lang='lat' dir='ltr'>K.</span> <span class='ocrx_word' id='word_1_172' title='bbox 694 1878 866 1956; x_wconf 87' lang='lat' dir='ltr'>Quinctius</span> <span class='ocrx_word' id='word_1_173' title='bbox 893 1881 1100 1960; x_wconf 77' lang='lat' dir='ltr'>Flamininus,</span> 
     </span>
    </p>

    <p class='ocr_par' dir='ltr' id='par_1_15' title="bbox 45 1964 1103 2042">
     <span class='ocr_line' id='line_1_21' title="bbox 45 1964 1103 2042; baseline -0.007 -8"><span class='ocrx_word' id='word_1_174' title='bbox 45 1969 164 2034; x_wconf 86' lang='lat' dir='ltr'>aedem</span> <span class='ocrx_word' id='word_1_175' title='bbox 180 1968 214 2031; x_wconf 93' lang='lat' dir='ltr'>iu</span> <span class='ocrx_word' id='word_1_176' title='bbox 229 1989 300 2031; x_wconf 85' lang='lat' dir='ltr'>arce</span> <span class='ocrx_word' id='word_1_177' title='bbox 315 1966 492 2032; x_wconf 86' lang='lat' dir='ltr'>faciendam</span> <span class='ocrx_word' id='word_1_178' title='bbox 507 1964 699 2042; x_wconf 74' lang='lat' dir='ltr'>locaremur.</span> <span class='ocrx_word' id='word_1_179' title='bbox 1100 1997 1103 2006; x_wconf 87' lang='lat'><strong>·</strong></span> 
     </span>
    </p>

    <p class='ocr_par' dir='ltr' id='par_1_16' title="bbox 95 2053 1102 2153">
     <span class='ocr_line' id='line_1_22' title="bbox 95 2053 1102 2153; baseline 0.002 -35"><span class='ocrx_word' id='word_1_180' title='bbox 95 2055 150 2118; x_wconf 85' lang='lat' dir='ltr'>Ab</span> <span class='ocrx_word' id='word_1_181' title='bbox 165 2053 280 2119; x_wconf 90' lang='lat' dir='ltr'>eodem</span> <span class='ocrx_word' id='word_1_182' title='bbox 291 2067 435 2153; x_wconf 88' lang='lat' dir='ltr'>praetore</span> <span class='ocrx_word' id='word_1_183' title='bbox 450 2075 491 2117; x_wconf 84' lang='lat' dir='ltr'>ex</span> <span class='ocrx_word' id='word_1_184' title='bbox 503 2054 774 2118; x_wconf 86' lang='lat' dir='ltr'>senatusconsulto</span> <span class='ocrx_word' id='word_1_185' title='bbox 783 2053 892 2118; x_wconf 89' lang='lat' dir='ltr'>literae</span> <span class='ocrx_word' id='word_1_186' title='bbox 901 2054 942 2118; x_wconf 91' lang='lat' dir='ltr'>ad</span> <span class='ocrx_word' id='word_1_187' title='bbox 957 2055 1102 2124; x_wconf 89' lang='lat' dir='ltr'>consules</span> 
     </span>
    </p>

    <p class='ocr_par' dir='ltr' id='par_1_17' title="bbox 45 2138 1102 2218">
     <span class='ocr_line' id='line_1_23' title="bbox 45 2138 1102 2218; baseline -0.001 -11"><span class='ocrx_word' id='word_1_188' title='bbox 45 2142 174 2218; x_wconf 83' lang='lat' dir='ltr'>missae,</span> <span class='ocrx_word' id='word_1_189' title='bbox 189 2153 235 2217; x_wconf 90' lang='lat' dir='ltr'>ut,</span> <span class='ocrx_word' id='word_1_190' title='bbox 250 2141 276 2204; x_wconf 91' lang='lat' dir='ltr'>si</span> <span class='ocrx_word' id='word_1_191' title='bbox 293 2140 331 2204; x_wconf 80' lang='lat' dir='ltr'>iis</span> <span class='ocrx_word' id='word_1_192' title='bbox 341 2138 511 2216; x_wconf 89' lang='lat' dir='ltr'>videretur,</span> <span class='ocrx_word' id='word_1_193' title='bbox 524 2138 722 2203; x_wconf 84' lang='lat' dir='ltr'>ultereomm</span> <span class='ocrx_word' id='word_1_194' title='bbox 734 2139 780 2204; x_wconf 83' lang='lat' dir='ltr'>sd</span> <span class='ocrx_word' id='word_1_195' title='bbox 790 2139 935 2204; x_wconf 89' lang='lat' dir='ltr'>consules</span> <span class='ocrx_word' id='word_1_196' title='bbox 950 2142 1102 2206; x_wconf 88' lang='lat' dir='ltr'>creandos</span> 
     </span>
    </p>

    <p class='ocr_par' dir='ltr' id='par_1_18' title="bbox 47 2223 1103 2311">
     <span class='ocr_line' id='line_1_24' title="bbox 47 2223 1103 2311; baseline 0 -19"><span class='ocrx_word' id='word_1_197' title='bbox 47 2229 191 2293; x_wconf 89' lang='lat' dir='ltr'>Romam</span> <span class='ocrx_word' id='word_1_198' title='bbox 204 2226 344 2291; x_wconf 84' lang='lat' dir='ltr'>veniret:</span> <span class='ocrx_word' id='word_1_199' title='bbox 368 2248 402 2290; x_wconf 89' lang='lat' dir='ltr'>se</span> <span class='ocrx_word' id='word_1_200' title='bbox 417 2225 452 2289; x_wconf 94' lang='lat' dir='ltr'>in</span> <span class='ocrx_word' id='word_1_201' title='bbox 466 2247 537 2290; x_wconf 81' lang='lat' dir='ltr'>eam</span> <span class='ocrx_word' id='word_1_202' title='bbox 557 2223 653 2301; x_wconf 91' lang='lat' dir='ltr'>diem,</span> <span class='ocrx_word' id='word_1_203' title='bbox 670 2247 766 2311; x_wconf 81' lang='lat' dir='ltr'>quarn</span> <span class='ocrx_word' id='word_1_204' title='bbox 787 2225 958 2303; x_wconf 87' lang='lat' dir='ltr'>iussissent,</span> <span class='ocrx_word' id='word_1_205' title='bbox 974 2227 1103 2292; x_wconf 88' lang='lat' dir='ltr'>comitia</span> 
     </span>
    </p>

    <p class='ocr_par' dir='ltr' id='par_1_19' title="bbox 44 2309 1102 2398">
     <span class='ocr_line' id='line_1_25' title="bbox 44 2309 1102 2398; baseline -0.002 -18"><span class='ocrx_word' id='word_1_206' title='bbox 44 2315 240 2380; x_wconf 89' lang='lat' dir='ltr'>edictumm.</span> <span class='ocrx_word' id='word_1_207' title='bbox 286 2313 342 2377; x_wconf 90' lang='lat' dir='ltr'>Ad</span> <span class='ocrx_word' id='word_1_208' title='bbox 356 2312 435 2378; x_wconf 85' lang='lat' dir='ltr'>haec</span> <span class='ocrx_word' id='word_1_209' title='bbox 451 2334 470 2376; x_wconf 88' lang='lat' dir='ltr'><strong>a</strong></span> <span class='ocrx_word' id='word_1_210' title='bbox 484 2309 666 2376; x_wconf 85' lang='lat' dir='ltr'>consulibus</span> <span class='ocrx_word' id='word_1_211' title='bbox 677 2310 873 2398; x_wconf 89' lang='lat' dir='ltr'>rescriptum,</span> <span class='ocrx_word' id='word_1_212' title='bbox 891 2311 988 2378; x_wconf 87' lang='lat' dir='ltr'>‘Siue</span> <span class='ocrx_word' id='word_1_213' title='bbox 1004 2312 1102 2378; x_wconf 89' lang='lat' dir='ltr'>detri-</span> 
     </span>
    </p>

    <p class='ocr_par' dir='ltr' id='par_1_20' title="bbox 46 2395 1105 2487">
     <span class='ocr_line' id='line_1_26' title="bbox 46 2395 1105 2487; baseline 0.001 -23"><span class='ocrx_word' id='word_1_214' title='bbox 46 2411 183 2465; x_wconf 86' lang='lat' dir='ltr'>‘mento</span> <span class='ocrx_word' id='word_1_215' title='bbox 207 2398 401 2485; x_wconf 88' lang='lat' dir='ltr'>reipublicae</span> <span class='ocrx_word' id='word_1_216' title='bbox 424 2395 551 2462; x_wconf 86' lang='lat' dir='ltr'>abscedi</span> <span class='ocrx_word' id='word_1_217' title='bbox 573 2418 639 2460; x_wconf 93' lang='lat' dir='ltr'>uon</span> <span class='ocrx_word' id='word_1_218' title='bbox 661 2419 752 2484; x_wconf 87' lang='lat' dir='ltr'>posse</span> <span class='ocrx_word' id='word_1_219' title='bbox 774 2399 815 2462; x_wconf 88' lang='lat' dir='ltr'>ab</span> <span class='ocrx_word' id='word_1_220' title='bbox 841 2397 940 2464; x_wconf 92' lang='lat' dir='ltr'>hoste.</span> <span class='ocrx_word' id='word_1_221' title='bbox 986 2399 1105 2487; x_wconf 88' lang='lat' dir='ltr'>Itaque</span> 
     </span>
    </p>

    <p class='ocr_par' dir='ltr' id='par_1_21' title="bbox 47 2482 1103 2573">
     <span class='ocr_line' id='line_1_27' title="bbox 47 2482 1103 2573; baseline 0.003 -24"><span class='ocrx_word' id='word_1_222' title='bbox 47 2497 58 2526; x_wconf 92' lang='lat'>‘</span> <span class='ocrx_word' id='word_1_223' title='bbox 114 2508 132 2549; x_wconf 90' lang='lat' dir='ltr'>r</span> <span class='ocrx_word' id='word_1_224' title='bbox 145 2486 337 2572; x_wconf 81' lang='lat' dir='ltr'>interregem</span> <span class='ocrx_word' id='word_1_225' title='bbox 351 2484 481 2549; x_wconf 87' lang='lat' dir='ltr'>comitia</span> <span class='ocrx_word' id='word_1_226' title='bbox 495 2482 643 2548; x_wconf 85' lang='lat' dir='ltr'>habenda</span> <span class='ocrx_word' id='word_1_227' title='bbox 661 2505 729 2548; x_wconf 87' lang='lat' dir='ltr'>esse</span> <span class='ocrx_word' id='word_1_228' title='bbox 744 2485 861 2571; x_wconf 87' lang='lat' dir='ltr'>potius,</span> <span class='ocrx_word' id='word_1_229' title='bbox 876 2508 972 2573; x_wconf 92' lang='lat' dir='ltr'>quam</span> <span class='ocrx_word' id='word_1_230' title='bbox 987 2509 1103 2552; x_wconf 85' lang='lat' dir='ltr'>cousu-</span> 
     </span>
    </p>

    <p class='ocr_par' dir='ltr' id='par_1_22' title="bbox 47 2509 1100 2651">
     <span class='ocr_line' id='line_1_28' title="bbox 47 2509 1100 2651; baseline 0.002 -15"><span class='ocrx_word' id='word_1_231' title='bbox 47 2509 140 2636; x_wconf 68' lang='lat' dir='ltr'>‘liin</span> <span class='ocrx_word' id='word_1_232' title='bbox 155 2570 235 2636; x_wconf 87' lang='lat' dir='ltr'>alter</span> <span class='ocrx_word' id='word_1_233' title='bbox 249 2594 268 2636; x_wconf 88' lang='lat' dir='ltr'><strong>a</strong></span> <span class='ocrx_word' id='word_1_234' title='bbox 281 2569 366 2635; x_wconf 93' lang='lat' dir='ltr'>bello</span> <span class='ocrx_word' id='word_1_235' title='bbox 380 2569 584 2635; x_wconf 63' lang='lat' dir='ltr'>avocaretur?</span> <span class='ocrx_word' id='word_1_236' title='bbox 627 2567 775 2635; x_wconf 84' lang='lat' dir='ltr'>Patribus</span> <span class='ocrx_word' id='word_1_237' title='bbox 795 2571 911 2636; x_wconf 89' lang='lat' dir='ltr'>rectius</span> <span class='ocrx_word' id='word_1_238' title='bbox 925 2573 1028 2637; x_wconf 85' lang='lat' dir='ltr'>risum</span> <span class='ocrx_word' id='word_1_239' title='bbox 1042 2587 1100 2651; x_wconf 88' lang='lat' dir='ltr'>est,</span> 
     </span>
    </p>

    <p class='ocr_par' dir='ltr' id='par_1_23' title="bbox 47 2655 1100 2726">
     <span class='ocr_line' id='line_1_29' title="bbox 47 2655 1100 2726; baseline 0.003 -3"><span class='ocrx_word' id='word_1_240' title='bbox 47 2660 240 2724; x_wconf 88' lang='lat' dir='ltr'>dictatorem</span> <span class='ocrx_word' id='word_1_241' title='bbox 258 2679 278 2721; x_wconf 88' lang='lat' dir='ltr'>a</span> <span class='ocrx_word' id='word_1_242' title='bbox 297 2656 426 2721; x_wconf 88' lang='lat' dir='ltr'>consule</span> <span class='ocrx_word' id='word_1_243' title='bbox 447 2655 512 2721; x_wconf 93' lang='lat' dir='ltr'>dici</span> <span class='ocrx_word' id='word_1_244' title='bbox 534 2655 735 2720; x_wconf 90' lang='lat' dir='ltr'>comitiomm</span> <span class='ocrx_word' id='word_1_245' title='bbox 758 2657 978 2724; x_wconf 81' lang='lat' dir='ltr'>habendomm</span> <span class='ocrx_word' id='word_1_246' title='bbox 998 2683 1100 2726; x_wconf 81' lang='lat' dir='ltr'>eausa.</span> 
     </span>
    </p>

    <p class='ocr_par' dir='ltr' id='par_1_24' title="bbox 47 2740 1103 2830">
     <span class='ocr_line' id='line_1_30' title="bbox 47 2740 1103 2830; baseline 0.002 -20"><span class='ocrx_word' id='word_1_247' title='bbox 47 2746 168 2811; x_wconf 82' lang='lat' dir='ltr'>Dictus</span> <span class='ocrx_word' id='word_1_248' title='bbox 188 2743 227 2808; x_wconf 92' lang='lat' dir='ltr'>L.</span> <span class='ocrx_word' id='word_1_249' title='bbox 240 2742 394 2808; x_wconf 89' lang='lat' dir='ltr'>Veturius</span> <span class='ocrx_word' id='word_1_250' title='bbox 414 2741 509 2807; x_wconf 91' lang='lat' dir='ltr'>Philo</span> <span class='ocrx_word' id='word_1_251' title='bbox 527 2740 583 2806; x_wconf 86' lang='grc' dir='ltr'>Μ’.</span> <span class='ocrx_word' id='word_1_252' title='bbox 596 2741 811 2830; x_wconf 90' lang='lat' dir='ltr'>Pomponium</span> <span class='ocrx_word' id='word_1_253' title='bbox 830 2742 1020 2811; x_wconf 85' lang='lat' dir='ltr'>Mathonem</span> <span class='ocrx_word' id='word_1_254' title='bbox 1035 2768 1103 2812; x_wconf 83' lang='lat' dir='ltr'>ma·</span> 
     </span>
    </p>

    <p class='ocr_par' dir='ltr' id='par_1_25' title="bbox 45 2825 1101 2930">
     <span class='ocr_line' id='line_1_31' title="bbox 45 2825 1101 2930; baseline 0.003 -35"><span class='ocrx_word' id='word_1_255' title='bbox 45 2833 185 2920; x_wconf 78' lang='lat' dir='ltr'>gistrum</span> <span class='ocrx_word' id='word_1_256' title='bbox 214 2829 360 2930; x_wconf 84' lang='lat' dir='ltr'>equitum</span> <span class='ocrx_word' id='word_1_257' title='bbox 389 2827 480 2893; x_wconf 78' lang='lat' dir='ltr'>dixit.</span> <span class='ocrx_word' id='word_1_258' title='bbox 527 2825 590 2892; x_wconf 91' lang='lat' dir='ltr'>His</span> <span class='ocrx_word' id='word_1_259' title='bbox 618 2828 697 2893; x_wconf 81' lang='lat' dir='ltr'>vitio</span> <span class='ocrx_word' id='word_1_260' title='bbox 720 2830 841 2908; x_wconf 84' lang='lat' dir='ltr'>creatis,</span> <span class='ocrx_word' id='word_1_261' title='bbox 867 2831 1022 2920; x_wconf 89' lang='lat' dir='ltr'>iussisque</span> <span class='ocrx_word' id='word_1_262' title='bbox 1048 2833 1101 2898; x_wconf 89' lang='lat' dir='ltr'>die</span> 
     </span>
    </p>

    <p class='ocr_par' dir='ltr' id='par_1_26' title="bbox 21 2914 1261 3361">
     <span class='ocr_line' id='line_1_32' title="bbox 46 2914 1102 3006; baseline 0.001 -24"><span class='ocrx_word' id='word_1_263' title='bbox 46 2929 166 3006; x_wconf 86' lang='lat' dir='ltr'>quarto</span> <span class='ocrx_word' id='word_1_264' title='bbox 184 2915 310 2980; x_wconf 77' lang='lat' dir='ltr'>decimo</span> <span class='ocrx_word' id='word_1_265' title='bbox 324 2937 358 2980; x_wconf 89' lang='lat' dir='ltr'>se</span> <span class='ocrx_word' id='word_1_266' title='bbox 376 2915 560 3002; x_wconf 81' lang='lat' dir='ltr'>magistratu</span> <span class='ocrx_word' id='word_1_267' title='bbox 580 2914 735 2993; x_wconf 82' lang='lat' dir='ltr'>abdicare,</span> <span class='ocrx_word' id='word_1_268' title='bbox 752 2916 793 2980; x_wconf 90' lang='lat' dir='ltr'>ad</span> <span class='ocrx_word' id='word_1_269' title='bbox 813 2916 1031 3006; x_wconf 82' lang='lat' dir='ltr'>interregnum</span> <span class='ocrx_word' id='word_1_270' title='bbox 1051 2941 1102 2988; x_wconf 89' lang='lat' dir='ltr'>res</span> 
     </span>
     <span class='ocr_line' id='line_1_33' title="bbox 21 3001 1211 3088; baseline -0.003 -14"><span class='ocrx_word' id='word_1_271' title='bbox 21 3003 156 3074; x_wconf 79' lang='lat' dir='ltr'>srediir.</span> <span class='ocrx_word' id='word_1_272' title='bbox 204 3001 400 3066; x_wconf 87' lang='lat' dir='ltr'>Consulibus</span> <span class='ocrx_word' id='word_1_273' title='bbox 414 3013 617 3088; x_wconf 84' lang='lat' dir='ltr'>prorogatum</span> <span class='ocrx_word' id='word_1_274' title='bbox 632 3001 667 3065; x_wconf 92' lang='lat' dir='ltr'>in</span> <span class='ocrx_word' id='word_1_275' title='bbox 686 3024 808 3066; x_wconf 89' lang='lat' dir='ltr'>aunum</span> <span class='ocrx_word' id='word_1_276' title='bbox 822 3003 866 3066; x_wconf 90' lang='lat' dir='ltr'>im</span> <span class='ocrx_word' id='word_1_277' title='bbox 908 3005 1000 3069; x_wconf 86' lang='lat' dir='ltr'>rium</span> <span class='ocrx_word' id='word_1_278' title='bbox 1046 3003 1101 3069; x_wconf 92' lang='lat' dir='ltr'>Iu·</span> <span class='ocrx_word' id='word_1_279' title='bbox 1159 3010 1211 3071; x_wconf 82' lang='lat'>34.</span> 
     </span>
     <span class='ocr_line' id='line_1_34' title="bbox 48 3085 1261 3175; baseline -0.011 -18"><span class='ocrx_word' id='word_1_280' title='bbox 48 3105 81 3157; x_wconf 84' lang='lat' dir='ltr'>te</span> <span class='ocrx_word' id='word_1_281' title='bbox 227 3087 322 3153; x_wconf 90' lang='lat' dir='ltr'>roditi</span> <span class='ocrx_word' id='word_1_282' title='bbox 337 3110 358 3152; x_wconf 87' lang='lat' dir='ltr'>a</span> <span class='ocrx_word' id='word_1_283' title='bbox 371 3087 518 3152; x_wconf 83' lang='lat' dir='ltr'>Patribus</span> <span class='ocrx_word' id='word_1_284' title='bbox 535 3086 574 3152; x_wconf 89' lang='lat' dir='ltr'>C.</span> <span class='ocrx_word' id='word_1_285' title='bbox 587 3085 752 3165; x_wconf 87' lang='lat' dir='ltr'>Claudius,</span> <span class='ocrx_word' id='word_1_286' title='bbox 766 3087 829 3175; x_wconf 85' lang='lat' dir='ltr'>Ap</span> <span class='ocrx_word' id='word_1_287' title='bbox 842 3088 865 3152; x_wconf 85' lang='lat' dir='ltr'>fi</span> <span class='ocrx_word' id='word_1_288' title='bbox 879 3089 935 3166; x_wconf 86' lang='lat' dir='ltr'>&#39;us,</span> <span class='ocrx_word' id='word_1_289' title='bbox 951 3089 1099 3168; x_wconf 84' lang='lat' dir='ltr'>Ceuth03</span> <span class='ocrx_word' id='word_1_290' title='bbox 1112 3091 1146 3142; x_wconf 87' lang='lat' dir='ltr'>U.</span> <span class='ocrx_word' id='word_1_291' title='bbox 1157 3093 1187 3142; x_wconf 83' lang='lat' dir='ltr'>c,</span> <span class='ocrx_word' id='word_1_292' title='bbox 1205 3091 1261 3156; x_wconf 74' lang='lat'>536.</span> 
     </span>
     <span class='ocr_line' id='line_1_35' title="bbox 46 3111 1261 3268; baseline 0.001 -27"><span class='ocrx_word' id='word_1_293' title='bbox 46 3176 128 3242; x_wconf 90' lang='lat' dir='ltr'>iude</span> <span class='ocrx_word' id='word_1_294' title='bbox 173 3111 367 3240; x_wconf 68' lang='lat' dir='ltr'>,dometius</span> <span class='ocrx_word' id='word_1_295' title='bbox 382 3171 492 3238; x_wconf 86' lang='lat' dir='ltr'>Asina.</span> <span class='ocrx_word' id='word_1_296' title='bbox 530 3170 779 3238; x_wconf 91' lang='lat' dir='ltr'>Iueiusinterre</span> <span class='ocrx_word' id='word_1_297' title='bbox 825 3176 1102 3242; x_wconf 83' lang='lat' dir='ltr'>ocomitiahebita</span> <span class='ocrx_word' id='word_1_298' title='bbox 1110 3157 1188 3268; x_wconf 70' lang='lat' dir='ltr'>inec</span> <span class='ocrx_word' id='word_1_299' title='bbox 1205 3155 1261 3208; x_wconf 82' lang='lat'><strong>²¹⁶·</strong></span> 
     </span>
     <span class='ocr_line' id='line_1_36' title="bbox 46 3235 1255 3361; baseline 0 -35"><span class='ocrx_word' id='word_1_300' title='bbox 46 3283 170 3350; x_wconf 79' lang='lat' dir='ltr'>magno</span> <span class='ocrx_word' id='word_1_301' title='bbox 185 3260 356 3361; x_wconf 70' lang='lat' dir='ltr'>certamine</span> <span class='ocrx_word' id='word_1_302' title='bbox 372 3258 503 3324; x_wconf 79' lang='lat' dir='ltr'>Parrum</span> <span class='ocrx_word' id='word_1_303' title='bbox 518 3281 555 3324; x_wconf 88' lang='lat' dir='ltr'>ac</span> <span class='ocrx_word' id='word_1_304' title='bbox 569 3258 679 3346; x_wconf 91' lang='lat' dir='ltr'>plebis.</span> <span class='ocrx_word' id='word_1_305' title='bbox 727 3257 766 3323; x_wconf 89' lang='lat' dir='ltr'>C.</span> <span class='ocrx_word' id='word_1_306' title='bbox 812 3261 935 3325; x_wconf 88' lang='lat' dir='ltr'>ereutio</span> <span class='ocrx_word' id='word_1_307' title='bbox 953 3235 1255 3341; x_wconf 55' lang='lat' dir='ltr'>Varronecnlssllf&#39;</span> 
     </span>
    </p>
   </div>
   <div class='ocr_carea' id='block_1_3' title="bbox 47 3343 1265 3527">
    <p class='ocr_par' dir='ltr' id='par_1_27' title="bbox 47 3343 1265 3527">
     <span class='ocr_line' id='line_1_37' title="bbox 47 3343 1253 3467; baseline -0.002 -54"><span class='ocrx_word' id='word_1_308' title='bbox 47 3371 161 3436; x_wconf 89' lang='lat' dir='ltr'>quem,</span> <span class='ocrx_word' id='word_1_309' title='bbox 182 3369 231 3412; x_wconf 82' lang='lat' dir='ltr'>sul</span> <span class='ocrx_word' id='word_1_310' title='bbox 249 3347 375 3434; x_wconf 81' lang='lat' dir='ltr'>generis</span> <span class='ocrx_word' id='word_1_311' title='bbox 389 3346 562 3423; x_wconf 90' lang='lat' dir='ltr'>homiuem,</span> <span class='ocrx_word' id='word_1_312' title='bbox 578 3343 683 3432; x_wconf 88' lang='lat' dir='ltr'>plebei</span> <span class='ocrx_word' id='word_1_313' title='bbox 698 3344 906 3411; x_wconf 88' lang='lat' dir='ltr'>insectatione</span> <span class='ocrx_word' id='word_1_314' title='bbox 920 3347 1102 3436; x_wconf 88' lang='lat' dir='ltr'>principum</span> <span class='ocrx_word' id='word_1_315' title='bbox 1111 3346 1253 3467; x_wconf 50' lang='lat' dir='ltr'>mm</span> 
     </span>
     <span class='ocr_line' id='line_1_38' title="bbox 1111 3475 1265 3527; baseline 0.019 -4"><span class='ocrx_word' id='word_1_316' title='bbox 1111 3475 1265 3527; x_wconf 82' lang='lat' dir='ltr'>candidatus.</span> 
     </span>
    </p>
   </div>
   <div class='ocr_carea' id='block_1_4' title="bbox 47 3559 1106 4392">
    <p class='ocr_par' dir='ltr' id='par_1_28' title="bbox 47 3559 1106 4138">
     <span class='ocr_line' id='line_1_39' title="bbox 86 3559 1103 3627; baseline 0.001 -15"><span class='ocrx_word' id='word_1_317' title='bbox 86 3564 335 3627; x_wconf 75' lang='lat' dir='ltr'>3Addepoaocndum</span> <span class='ocrx_word' id='word_1_318' title='bbox 340 3561 562 3610; x_wconf 72' lang='lat' dir='ltr'>Dornetn&#39;umPha-</span> <span class='ocrx_word' id='word_1_319' title='bbox 595 3563 633 3606; x_wconf 76' lang='lat' dir='ltr'>rat</span> <span class='ocrx_word' id='word_1_320' title='bbox 643 3559 747 3607; x_wconf 83' lang='lat' dir='ltr'>tutelam</span> <span class='ocrx_word' id='word_1_321' title='bbox 764 3559 808 3608; x_wconf 88' lang='lat' dir='ltr'>lilii</span> <span class='ocrx_word' id='word_1_322' title='bbox 821 3560 937 3624; x_wconf 77' lang='lat' dir='ltr'>regnique</span> <span class='ocrx_word' id='word_1_323' title='bbox 951 3561 1103 3613; x_wconf 82' lang='lat' dir='ltr'>administra·</span> 
     </span>
     <span class='ocr_line' id='line_1_40' title="bbox 47 3623 1106 3752; baseline -0.002 -10"><span class='ocrx_word' id='word_1_324' title='bbox 47 3623 564 3752; x_wconf 53' lang='lat' dir='ltr'>wlduoellttltlllllttttr</span> <span class='ocrx_word' id='word_1_325' title='bbox 595 3623 866 3748; x_wconf 55' lang='lat' dir='ltr'>barsumes</span> <span class='ocrx_word' id='word_1_326' title='bbox 873 3626 1106 3741; x_wconf 48' lang='lat' dir='ltr'>duretent</span> 
     </span>
     <span class='ocr_line' id='line_1_41' title="bbox 50 3706 1104 3827; baseline 0.001 -23"><span class='ocrx_word' id='word_1_327' title='bbox 50 3706 339 3813; x_wconf 58' lang='lat' dir='ltr'>Rouunffieseivent,</span> <span class='ocrx_word' id='word_1_328' title='bbox 349 3724 400 3812; x_wconf 77' lang='lat' dir='ltr'>sed,</span> <span class='ocrx_word' id='word_1_329' title='bbox 409 3758 466 3827; x_wconf 81' lang='lat' dir='ltr'>post</span> <span class='ocrx_word' id='word_1_330' title='bbox 478 3767 564 3814; x_wconf 82' lang='lat' dir='ltr'>pacem</span> <span class='ocrx_word' id='word_1_331' title='bbox 597 3752 725 3813; x_wconf 85' lang='lat' dir='ltr'>penderet,</span> <span class='ocrx_word' id='word_1_332' title='bbox 734 3752 844 3801; x_wconf 81' lang='lat' dir='ltr'>maxima</span> <span class='ocrx_word' id='word_1_333' title='bbox 855 3753 948 3816; x_wconf 84' lang='lat' dir='ltr'>Illyrici</span> <span class='ocrx_word' id='word_1_334' title='bbox 958 3707 1027 3816; x_wconf 69' lang='lat' dir='ltr'>pirre</span> <span class='ocrx_word' id='word_1_335' title='bbox 1035 3757 1104 3805; x_wconf 83' lang='lat' dir='ltr'>eede-</span> 
     </span>
     <span class='ocr_line' id='line_1_42' title="bbox 49 3813 1106 3882; baseline 0.001 -14"><span class='ocrx_word' id='word_1_336' title='bbox 49 3835 111 3870; x_wconf 88' lang='lat' dir='ltr'>cum</span> <span class='ocrx_word' id='word_1_337' title='bbox 128 3819 211 3867; x_wconf 74' lang='lat' dir='ltr'>Teuta</span> <span class='ocrx_word' id='word_1_338' title='bbox 226 3819 373 3878; x_wconf 80' lang='lat' dir='ltr'>fsetum‚ub</span> <span class='ocrx_word' id='word_1_339' title='bbox 389 3815 565 3882; x_wconf 69' lang='lat' dir='ltr'>madefecerat</span> <span class='ocrx_word' id='word_1_340' title='bbox 597 3821 643 3882; x_wconf 71' lang='lat' dir='ltr'>rpt,</span> <span class='ocrx_word' id='word_1_341' title='bbox 660 3820 685 3864; x_wconf 82' lang='lat' dir='ltr'>et</span> <span class='ocrx_word' id='word_1_342' title='bbox 707 3830 763 3863; x_wconf 88' lang='lat' dir='ltr'>cum</span> <span class='ocrx_word' id='word_1_343' title='bbox 781 3816 876 3866; x_wconf 86' lang='lat' dir='ltr'>duobus</span> <span class='ocrx_word' id='word_1_344' title='bbox 894 3823 991 3867; x_wconf 84' lang='lat' dir='ltr'>tentum</span> <span class='ocrx_word' id='word_1_345' title='bbox 1009 3813 1106 3881; x_wconf 56' lang='lat' dir='ltr'>lembid</span> 
     </span>
     <span class='ocr_line' id='line_1_43' title="bbox 48 3878 1105 3945; baseline 0.003 -14"><span class='ocrx_word' id='word_1_346' title='bbox 48 3891 79 3935; x_wconf 84' lang='lat' dir='ltr'>et</span> <span class='ocrx_word' id='word_1_347' title='bbox 94 3883 121 3930; x_wconf 93' lang='lat' dir='ltr'>iu</span> <span class='ocrx_word' id='word_1_348' title='bbox 134 3883 201 3930; x_wconf 87' lang='lat' dir='ltr'>bello</span> <span class='ocrx_word' id='word_1_349' title='bbox 218 3881 328 3944; x_wconf 78' lang='lat' dir='ltr'>Illyrico,</span> <span class='ocrx_word' id='word_1_350' title='bbox 340 3879 393 3929; x_wconf 83' lang='lat' dir='ltr'>eius</span> <span class='ocrx_word' id='word_1_351' title='bbox 408 3895 482 3928; x_wconf 77' lang='lat' dir='ltr'>causa</span> <span class='ocrx_word' id='word_1_352' title='bbox 496 3894 565 3928; x_wconf 90' lang='lat' dir='ltr'>reuo-</span> <span class='ocrx_word' id='word_1_353' title='bbox 597 3879 674 3940; x_wconf 81' lang='lat' dir='ltr'>iisque</span> <span class='ocrx_word' id='word_1_354' title='bbox 687 3878 828 3940; x_wconf 85' lang='lat' dir='ltr'>inermibus,</span> <span class='ocrx_word' id='word_1_355' title='bbox 838 3882 963 3945; x_wconf 74' lang='lat' dir='ltr'>navigaret</span> <span class='ocrx_word' id='word_1_356' title='bbox 976 3884 1041 3932; x_wconf 87' lang='lat' dir='ltr'>ultra</span> <span class='ocrx_word' id='word_1_357' title='bbox 1053 3884 1105 3934; x_wconf 84' lang='lat' dir='ltr'>Lis·</span> 
     </span>
     <span class='ocr_line' id='line_1_44' title="bbox 49 3943 1104 4007; baseline 0.001 -11"><span class='ocrx_word' id='word_1_358' title='bbox 49 3955 122 4005; x_wconf 79' lang='lat' dir='ltr'>vato,</span> <span class='ocrx_word' id='word_1_359' title='bbox 134 3945 211 3994; x_wconf 73' lang='lat' dir='ltr'>vietus</span> <span class='ocrx_word' id='word_1_360' title='bbox 222 3961 238 3994; x_wconf 82' lang='lat' dir='ltr'>s</span> <span class='ocrx_word' id='word_1_361' title='bbox 249 3945 278 3994; x_wconf 75' lang='lat'>1.</span> <span class='ocrx_word' id='word_1_362' title='bbox 286 3945 393 3993; x_wconf 82' lang='lat' dir='ltr'>Aemilio</span> <span class='ocrx_word' id='word_1_363' title='bbox 411 3944 500 3993; x_wconf 73' lang='lat' dir='ltr'>Paullo</span> <span class='ocrx_word' id='word_1_364' title='bbox 517 3957 565 3992; x_wconf 80' lang='lat' dir='ltr'>cos.</span> <span class='ocrx_word' id='word_1_365' title='bbox 597 3959 659 3993; x_wconf 80' lang='lat' dir='ltr'>sum.</span> <span class='ocrx_word' id='word_1_366' title='bbox 671 3943 702 3992; x_wconf 77' lang='lat' dir='ltr'>cl.</span> <span class='ocrx_word' id='word_1_367' title='bbox 715 3945 803 4006; x_wconf 82' lang='lat' dir='ltr'>Polyb.</span> <span class='ocrx_word' id='word_1_368' title='bbox 814 3945 839 3994; x_wconf 89' lang='lat' dir='ltr'>ii.</span> <span class='ocrx_word' id='word_1_369' title='bbox 850 3964 873 4007; x_wconf 86' lang='lat'>4.</span> <span class='ocrx_word' id='word_1_370' title='bbox 885 3951 911 3994; x_wconf 85' lang='lat' dir='ltr'>et</span> <span class='ocrx_word' id='word_1_371' title='bbox 922 3961 958 3996; x_wconf 72' lang='grc' dir='ltr'>ια.</span> <span class='ocrx_word' id='word_1_372' title='bbox 975 3947 1041 3997; x_wconf 80' lang='lat' dir='ltr'>Rus.</span> <span class='ocrx_word' id='word_1_373' title='bbox 1058 3949 1104 3999; x_wconf 81' lang='lat' dir='ltr'>Ce-</span> 
     </span>
     <span class='ocr_line' id='line_1_45' title="bbox 48 4007 1104 4076; baseline 0.002 -16"><span class='ocrx_word' id='word_1_374' title='bbox 48 4013 85 4062; x_wconf 76' lang='lat' dir='ltr'>ad</span> <span class='ocrx_word' id='word_1_375' title='bbox 110 4008 266 4072; x_wconf 85' lang='lat' dir='ltr'>Philippum,</span> <span class='ocrx_word' id='word_1_376' title='bbox 288 4009 454 4058; x_wconf 81' lang='lat' dir='ltr'>Macedonum</span> <span class='ocrx_word' id='word_1_377' title='bbox 476 4021 566 4070; x_wconf 75' lang='lat' dir='ltr'>regem,</span> <span class='ocrx_word' id='word_1_378' title='bbox 598 4011 677 4055; x_wconf 83' lang='lat' dir='ltr'>terum</span> <span class='ocrx_word' id='word_1_379' title='bbox 685 4008 716 4056; x_wconf 85' lang='lat' dir='ltr'>de</span> <span class='ocrx_word' id='word_1_380' title='bbox 724 4007 818 4071; x_wconf 79' lang='lat' dir='ltr'>Illyrici</span> <span class='ocrx_word' id='word_1_381' title='bbox 827 4010 923 4072; x_wconf 76' lang='lat' dir='ltr'>regibus</span> <span class='ocrx_word' id='word_1_382' title='bbox 931 4010 1104 4076; x_wconf 67' lang='lat' dir='ltr'>etSehweigh.</span> 
     </span>
     <span class='ocr_line' id='line_1_46' title="bbox 49 4071 800 4138; baseline -0.003 -15"><span class='ocrx_word' id='word_1_383' title='bbox 49 4075 159 4138; x_wconf 76' lang='lat' dir='ltr'>fugerat.</span> <span class='ocrx_word' id='word_1_384' title='bbox 177 4074 242 4123; x_wconf 76' lang='lat' dir='ltr'>Rus.</span> <span class='ocrx_word' id='word_1_385' title='bbox 598 4071 631 4120; x_wconf 84' lang='lat' dir='ltr'>ad</span> <span class='ocrx_word' id='word_1_386' title='bbox 643 4071 730 4134; x_wconf 82' lang='lat' dir='ltr'>Polyb.</span> <span class='ocrx_word' id='word_1_387' title='bbox 741 4071 766 4121; x_wconf 92' lang='lat' dir='ltr'>ii.</span> <span class='ocrx_word' id='word_1_388' title='bbox 779 4084 800 4134; x_wconf 84' lang='lat'>5.</span> 
     </span>
    </p>

    <p class='ocr_par' dir='ltr' id='par_1_29' title="bbox 49 4135 1106 4392">
     <span class='ocr_line' id='line_1_47' title="bbox 88 4135 1105 4200; baseline 0.001 -14"><span class='ocrx_word' id='word_1_389' title='bbox 88 4157 104 4200; x_wconf 86' lang='lat'>4</span> <span class='ocrx_word' id='word_1_390' title='bbox 121 4139 164 4186; x_wconf 74' lang='lat' dir='ltr'>Aa</span> <span class='ocrx_word' id='word_1_391' title='bbox 176 4139 283 4186; x_wconf 81' lang='lat' dir='ltr'>Pineum</span> <span class='ocrx_word' id='word_1_392' title='bbox 296 4151 478 4200; x_wconf 71' lang='lat' dir='ltr'>qrcopuoropm</span> <span class='ocrx_word' id='word_1_393' title='bbox 489 4137 518 4184; x_wconf 70' lang='lat' dir='ltr'>ln</span> <span class='ocrx_word' id='word_1_394' title='bbox 531 4135 565 4182; x_wconf 83' lang='grc' dir='ltr'>ΙΙ·</span> <span class='ocrx_word' id='word_1_395' title='bbox 631 4146 644 4197; x_wconf 83' lang='grc'><strong><em>5</em></strong></span> <span class='ocrx_word' id='word_1_396' title='bbox 662 4137 980 4200; x_wconf 74' lang='lat' dir='ltr'>Gormdilurproropotum]</span> <span class='ocrx_word' id='word_1_397' title='bbox 998 4137 1049 4187; x_wconf 89' lang='lat' dir='ltr'>Hic</span> <span class='ocrx_word' id='word_1_398' title='bbox 1061 4137 1105 4187; x_wconf 88' lang='lat' dir='ltr'>Po-</span> 
     </span>
     <span class='ocr_line' id='line_1_48' title="bbox 51 4198 1105 4266; baseline 0.001 -15"><span class='ocrx_word' id='word_1_399' title='bbox 51 4205 132 4266; x_wconf 62' lang='lat' dir='ltr'>lyrim</span> <span class='ocrx_word' id='word_1_400' title='bbox 144 4203 219 4263; x_wconf 72' lang='lat' dir='ltr'>lepori</span> <span class='ocrx_word' id='word_1_401' title='bbox 232 4203 299 4250; x_wconf 59' lang='lat' dir='ltr'>muri</span> <span class='ocrx_word' id='word_1_402' title='bbox 314 4203 347 4248; x_wconf 80' lang='lat' dir='ltr'>ad</span> <span class='ocrx_word' id='word_1_403' title='bbox 360 4201 565 4262; x_wconf 72' lang='lat' dir='ltr'>stipendium,</span> <span class='ocrx_word' id='word_1_404' title='bbox 599 4198 693 4260; x_wconf 84' lang='lat' dir='ltr'>lybium</span> <span class='ocrx_word' id='word_1_405' title='bbox 714 4199 783 4261; x_wconf 83' lang='lat' dir='ltr'>sequi</span> <span class='ocrx_word' id='word_1_406' title='bbox 805 4200 897 4249; x_wconf 82' lang='lat' dir='ltr'>omittit</span> <span class='ocrx_word' id='word_1_407' title='bbox 924 4203 1016 4261; x_wconf 83' lang='lat' dir='ltr'>Livius,</span> <span class='ocrx_word' id='word_1_408' title='bbox 1038 4202 1105 4252; x_wconf 91' lang='lat' dir='ltr'>haud</span> 
     </span>
     <span class='ocr_line' id='line_1_49' title="bbox 49 4261 1106 4332; baseline -0.001 -17"><span class='ocrx_word' id='word_1_409' title='bbox 49 4267 214 4332; x_wconf 73' lang='grc' dir='ltr'>ρωοειιᾰιιω]</span> <span class='ocrx_word' id='word_1_410' title='bbox 231 4265 298 4316; x_wconf 84' lang='lat' dir='ltr'>Nam</span> <span class='ocrx_word' id='word_1_411' title='bbox 310 4261 567 4322; x_wconf 57' lang='lat' dir='ltr'>Teutmuoreroaeius</span> <span class='ocrx_word' id='word_1_412' title='bbox 599 4261 673 4310; x_wconf 85' lang='lat' dir='ltr'>dubio</span> <span class='ocrx_word' id='word_1_413' title='bbox 694 4268 722 4311; x_wconf 89' lang='lat' dir='ltr'>ut</span> <span class='ocrx_word' id='word_1_414' title='bbox 742 4264 841 4324; x_wconf 83' lang='lat' dir='ltr'>eulpam</span> <span class='ocrx_word' id='word_1_415' title='bbox 864 4279 961 4314; x_wconf 86' lang='lat' dir='ltr'>omnem</span> <span class='ocrx_word' id='word_1_416' title='bbox 983 4265 1017 4314; x_wconf 90' lang='lat' dir='ltr'>rei</span> <span class='ocrx_word' id='word_1_417' title='bbox 1040 4268 1106 4316; x_wconf 88' lang='lat' dir='ltr'>male</span> 
     </span>
     <span class='ocr_line' id='line_1_50' title="bbox 51 4325 992 4392; baseline -0.004 -11"><span class='ocrx_word' id='word_1_418' title='bbox 51 4339 81 4381; x_wconf 82' lang='lat' dir='ltr'>et</span> <span class='ocrx_word' id='word_1_419' title='bbox 94 4329 187 4391; x_wconf 60' lang='lat' dir='ltr'>Aproni</span> <span class='ocrx_word' id='word_1_420' title='bbox 199 4335 286 4392; x_wconf 82' lang='lat' dir='ltr'>nupta,</span> <span class='ocrx_word' id='word_1_421' title='bbox 297 4343 346 4390; x_wconf 88' lang='lat' dir='ltr'>quo</span> <span class='ocrx_word' id='word_1_422' title='bbox 359 4333 455 4376; x_wconf 85' lang='lat' dir='ltr'>mortuo</span> <span class='ocrx_word' id='word_1_423' title='bbox 466 4341 566 4389; x_wconf 76' lang='lat' dir='ltr'>aecepe</span> <span class='ocrx_word' id='word_1_424' title='bbox 599 4331 681 4388; x_wconf 73' lang='lat' dir='ltr'>gestae</span> <span class='ocrx_word' id='word_1_425' title='bbox 692 4325 716 4376; x_wconf 89' lang='lat' dir='ltr'>in</span> <span class='ocrx_word' id='word_1_426' title='bbox 729 4326 864 4375; x_wconf 85' lang='lat' dir='ltr'>Varronem</span> <span class='ocrx_word' id='word_1_427' title='bbox 877 4329 992 4378; x_wconf 78' lang='lat' dir='ltr'>conserat.</span> 
     </span>
    </p>
   </div>
   <div class='ocr_carea' id='block_1_5' title="bbox 0 0 1498 4778">
    <p class='ocr_par' dir='ltr' id='par_1_30' title="bbox 0 0 1498 4778">
     <span class='ocr_line' id='line_1_51' title="bbox 0 0 1498 4778; baseline 0 0"><span class='ocrx_word' id='word_1_428' title='bbox 0 0 1498 4778; x_wconf 95' lang='lat' dir='ltr'> </span> 
     </span>
    </p>
   </div>
  </div>
 </body>
</html>
