2866 4770
377 218 474 286 LIB.
498 218 613 286 XXX.
646 219 758 288 CAP.
782 227 834 288 34.
1069 227 1141 293 ¹537

87 354 259 435 concurrit,
281 357 353 422 nee‘
368 378 435 458 spe,
458 379 518 422 nec
541 357 661 424 viribus
682 358 747 424 ism
769 378 835 446 par.
881 357 938 425 Ad
960 358 1031 440 hoc,
1049 359 1140 426 dictu
1150 370 1184 421 U.
1195 370 1225 422 c.
1241 381 1299 434 550·

55 463 195 532 sparve,
211 443 268 509 sed
288 465 395 530 magm
415 443 527 508 eadem
545 443 580 508 in
601 467 635 510 re
654 445 795 533 gerenda
814 447 968 512 momenti
987 469 1048 524 res,
1062 439 1180 514 con-A·
1196 435 1226 486 ⁰·
1242 449 1298 486 ²⁰²·

86 553 207 617 gruens
221 529 340 595 clamor
354 553 373 594 s
388 529 551 608 Romanis,
567 554 671 618 eoque
691 532 791 597 maior
808 544 842 596 et
862 533 1051 610 terribilior3
1075 534 1140 600 dis·

88 639 186 684 sonae
209 615 281 694 illis,
308 628 345 682 ut
390 616 513 682 entium
540 617 710 683 multarum
736 618 988 706 discrepantibus
1010 619 1033 684 li
1103 621 1138 700 's,

86 725 192 768 voces.
227 701 342 803 Pugna
386 725 500 769 ornans
514 703 643 782 stabilis,
656 717 689 770 et
702 727 760 770 suo
775 719 809 770 et
823 727 982 772 armornm
996 728 1062 794 pon
1085 730 1140 773 ere

85 789 345 855 incumbentium
368 790 403 854 in
426 790 569 857 hostem:
600 792 798 857 concursatio
821 803 855 856 et
877 792 1029 858 velocitas
1051 792 1139 858 illinc

86 875 313 963 maior,qu
332 876 388 941 vis.
434 875 538 965 Igitur
558 878 663 965 primo
684 878 806 966 impetu
828 878 990 966 extemplo
1012 901 1140 945 movere

54 961 161 1038 oloco
183 961 323 1027 hostium
345 963 448 1029 aciem
471 963 619 1030 Romani.
665 964 729 1030 Ala
750 964 868 1030 deinde
891 977 926 1030 et
950 966 1140 1031 umbonibus

86 1047 262 1136 pulsantes,
289 1049 324 1114 in
348 1063 523 1116 summotos
550 1051 652 1138 gradu
680 1051 777 1129 illoto,
807 1051 1006 1139 aliquantum
1034 1052 1139 1138 spatii,

87 1133 181 1200 velut
199 1135 288 1201 nullo
308 1137 483 1215 resistente,
502 1137 678 1215 incessere3
701 1138 887 1225 urgentibus
908 1151 941 1202 et
962 1137 1140 1203 novissimis

83 1222 218 1310 primos,
234 1234 271 1287 ut
290 1223 388 1288 semel
405 1237 524 1290 motam
546 1225 648 1290 aciem
670 1246 814 1302 sensere3
838 1224 926 1311 quod
947 1225 1052 1312 ipsum
1074 1224 1139 1290 vim

87 1330 238 1395 magnam
267 1309 309 1374 ad
336 1309 521 1397 pellendum
549 1309 674 1376 hostem
703 1311 847 1376 addebat
893 1312 925 1375 A
949 1311 994 1376 ud
1023 1310 1139 1389 hostes,

87 1393 259 1460 auxiliares
278 1395 429 1462 cedentes
450 1397 591 1462 secunde
608 1398 701 1475 acies,
714 1396 787 1463 Afri
801 1411 835 1463 et
851 1333 1140 1486 Carthaginienses,

89 1481 173 1546 adeo
193 1504 259 1547 non
278 1481 487 1561 sustinebant,
501 1496 539 1549 ut
557 1497 669 1549 contra
688 1484 852 1562 etiamne
870 1484 1052 1550 resistentes
1109 1507 1142 1549 r-

88 1567 239 1632 tinsciter
257 1568 376 1655 primos
395 1569 559 1635 caedendo
579 1571 621 1636 sd
639 1593 673 1636 se
696 1571 878 1658 perveniret
897 1570 1005 1648 hostis,
1087 1593 1140 1636 ern

89 1653 254 1719 referrent.
300 1653 404 1742 Igitur
416 1655 585 1722 auxiliares
599 1670 630 1723 te
700 1657 780 1723 dant
793 1669 942 1745 repente:
962 1671 1005 1735 et,
1018 1680 1052 1722 ru
1066 1679 1141 1722 suos

88 1739 184 1818 versi,
199 1741 315 1828 partim
335 1742 479 1830 refugere
499 1744 534 1808 in
553 1766 651 1809 secun
749 1745 860 1822 aciem,
875 1744 991 1832 partim
1010 1766 1076 1809 non
1090 1765 1143 1808 re-

89 1827 247 1914 cipientes
275 1827 417 1906 caedere,
448 1830 495 1894 uti
524 1830 631 1917 peullo
659 1843 733 1896 ante
763 1853 829 1895 non
858 1831 970 1907 adiuti,
1000 1842 1034 1896 et
1063 1843 1141 1895 tunc

89 1912 222 1979 exclusi.
279 1913 324 1979 Et
359 1937 458 2016 prope
491 1915 556 1981 duo
593 1917 657 1980 iarn
689 1917 848 2003 permixte
883 1915 1004 2002 proelia
1039 1927 1140 1994 erant,

90 2022 193 2087 quum
222 2000 502 2088 Carthaginienses
531 2002 626 2067 simul
656 2024 731 2068 curn
761 2001 914 2079 hostibus,
941 2001 1036 2066 simul
1066 2025 1140 2068 curn

90 2086 157 2152 suis
186 2100 376 2175 cogerentur
400 2110 566 2155 conserere
595 2111 715 2154 manus.
761 2087 839 2154 Non
865 2101 973 2154 tamen
998 2089 1044 2153 its
1067 2111 1141 2175 per-

89 2171 196 2238 culsos
218 2174 378 2262 iratosque
403 2174 438 2239 in
463 2175 564 2241 aciem
590 2197 761 2263 accepere3
792 2174 859 2254 scd,
886 2173 1025 2240 densatis
1054 2173 1142 2239 ordi-

89 2259 196 2336 nibus,
212 2261 247 2324 in
261 2282 381 2327 cornua
394 2283 594 2349 vacuumque
609 2263 693 2327 circs
709 2284 857 2350 campum
876 2273 967 2326 extra
983 2260 1140 2349 proelium

63 2346 223 2424 reiecere,
246 2369 288 2412 ne
308 2347 424 2448 pavido
446 2347 522 2436 fuga
541 2347 787 2436 vulneribusque
807 2347 909 2414 milite
930 2349 1084 2414 sincerem
1106 2360 1140 2414 et

90 2432 249 2520 integram
271 2455 371 2498 acrem
393 2433 571 2501 miscerent.
618 2433 771 2500 Ceterum
793 2447 881 2500 tanta
899 2448 1018 2522 strages
1036 2434 1141 2499 horni-

90 2540 171 2583 num
201 2541 360 2584 armorum
384 2542 424 2584 ue
453 2519 572 2600 locum,
598 2520 633 2585 in
658 2543 724 2608 quo
749 2532 902 2586 steterant
929 2519 1036 2608 paullo
1065 2533 1140 2585 ante

90 2604 270 2684 auxiliares,
285 2543 508 2693 comdeverat,
528 2620 564 2672 ut
583 2629 682 2695 prope
701 2607 860 2673 difficilior
879 2607 1028 2672 transitus
1048 2619 1141 2685 esset,

91 2713 190 2777 quarn
204 2714 263 2778 per
275 2693 433 2758 consertos
447 2692 554 2759 hostes
566 2693 677 2760 fuerat.
723 2692 847 2781 Itaque,
859 2694 916 2782 qui
930 2693 1024 2781 primi
1038 2705 1140 2772 erant,

91 2775 218 2855 hostati,
234 2800 291 2864 per
305 2779 449 2845 cumulos
466 2803 633 2868 corporum
651 2803 875 2867 armorumque
893 2792 926 2846 et
943 2781 1049 2846 tabem
1068 2803 1143 2846 san·

90 2863 209 2952 guinis,
224 2887 288 2951 qus
328 2865 440 2953 uisque
456 2879 591 2954 poterat,
607 2879 776 2954 sequentes
795 2866 929 2942 hostem,
945 2880 979 2931 et
998 2867 1089 2954 signa
1107 2879 1141 2932 et

91 2948 220 3014 ordines
249 2889 471 3017 conluderunt.
518 2952 703 3040 Principum
727 2974 856 3040 quoque
881 2953 905 3015 s'
953 2974 972 3015 a
993 2953 1140 3017 fluctuari

90 3049 273 3122 coeperant,
288 3060 400 3125 vegam
421 3051 495 3103 ante
516 3060 550 3102 se
572 3036 734 3102 cernendo
755 3037 864 3102 aciem.
897 2973 1011 3112 ¹guod
1033 3036 1141 3125 Scipio

61 3151 80 3187 a
91 3122 150 3186 nbi
164 3122 253 3200 vidit,
268 3123 411 3211 receptui
427 3146 560 3212 propere
575 3145 689 3189 canere
704 3122 833 3188 hastatis
847 3123 954 3188 iussit:
972 3136 1014 3200 et,
1026 3123 1141 3188 sauciis

90 3208 127 3272 in
153 3223 343 3295 postremam
372 3211 472 3275 aciem
502 3209 675 3288 subductis,
701 3209 861 3298 principes
890 3209 1076 3296 triariosque
1105 3209 1141 3274 in

91 3316 212 3360 cornua
234 3296 377 3374 inducit3
404 3319 469 3384 quo
490 3297 588 3362 tutior
610 3296 794 3383 firmiorque
818 3294 924 3361 media
945 3295 1140 3361 hastatorum
1248 3325 1251 3332 ·

91 3381 177 3446 acies
199 3395 290 3447 esset.
336 3381 387 3448 Ita
409 3405 528 3448 novum
551 3383 592 3448 de
616 3383 740 3470 integro
763 3381 919 3469 proelium
942 3395 1046 3448 ortum
1070 3395 1138 3448 est:

91 3467 213 3555 quippe
228 3467 372 3534 adverus
385 3468 492 3535 hostes
505 3481 693 3556 perventum
705 3482 781 3546 erat,
793 3481 827 3536 et
840 3491 999 3535 armorum
1010 3490 1139 3570 genere,

92 3565 128 3620 et
149 3577 208 3618 usu
230 3554 371 3633 militiae,
392 3555 529 3620 etfama
550 3577 655 3621 rerum
678 3567 847 3643 gestarum,
868 3567 902 3620 et
920 3554 1139 3643 msgrutudine

91 3638 144 3705 vel
164 3640 233 3729 spei
246 3641 297 3707 vel
314 3641 447 3729 periculi
467 3664 567 3730 peres.
614 3639 681 3707 Sed
700 3654 734 3708 et
754 3663 887 3707 numero
903 3640 1068 3708 Romanus
1087 3663 1143 3707 su-

127 3859 194 3909 81n
220 3856 259 3914 rel
272 3862 382 3922 wuido
409 3861 520 3910 momenti
546 3862 598 3921 m]
633 3865 675 3910 ter.
693 3859 775 3910 (ἔην.

95 3923 219 3972 Ultimum
231 3939 315 3974 rocem
325 3941 366 3974 m
377 3924 485 3973 Gronov.
498 3929 523 3972 et
535 3924 600 3974 Belr-
668 3927 824 3974 istrorum
850 3931 874 3975 et
901 3927 1022 3987 integram
1049 3927 1139 3986 wem]

92 3987 145 4053 lter.
164 3988 256 4047 delent,
275 3994 303 4038 ut
316 4004 401 4052 parco
420 3989 538 4038 reseretur
555 4004 601 4037 nu·
634 3989 751 4051 Intellige
771 3988 850 4037 eciem
871 4003 921 4038 non
941 3989 1088 4052 permixtam
1108 4005 1140 4038 ex

92 4065 161 4100 mero
172 4051 262 4114 plurali
276 4054 309 4102 sd
324 4051 407 4102 omnis
417 4067 480 4114 quae
497 4066 600 4114 sequun-
633 4053 753 4102 vsriarum
782 4053 892 4116 gentium
920 4053 1068 4113 colluvione,
1094 4069 1141 4102 neo

92 4121 143 4174 tur,
153 4117 196 4165 red
207 4117 314 4167 Crevier.
325 4117 468 4166 servandam
479 4122 569 4168 censet.
632 4117 686 4166 ulls
700 4117 782 4168 adhuc
799 4119 878 4177 clude,
889 4117 941 4167 ullo
954 4117 1045 4166 damno
1060 4117 1140 4166 immi·

153 4181 203 4228 Ata
214 4182 301 4231 deinde
311 4187 336 4231 et
346 4182 488 4230 amdonibue
496 4181 600 4242 pulsan·
632 4186 718 4230 nutem
729 4187 774 4230 eut
784 4181 946 4231 debilitatem.
962 4181 1044 4230 cm.

92 4195 142 4303 tesi
162 4244 264 4293 incusso
274 4245 366 4296 lacerto
377 4251 403 4295 et
412 4249 535 4294 scutorum
546 4259 600 4292 um·
665 4245 1141 4308 clteoeptui...osuerehmtotieiue-

93 4307 204 4360 boribus.
237 4308 278 4358 stc
300 4323 365 4372 supr.
388 4308 421 4359 ix.
441 4323 480 4370 4r.
516 4311 599 4358 Umbe-
632 4308 676 4371 rit]
691 4309 766 4358 lussit
776 4307 885 4371 receptui
897 4323 984 4356 canere
993 4307 1103 4369 hastatis,
1114 4309 1140 4358 id

93 4374 167 4422 nibus
178 4375 322 4437 lacmroqus
335 4375 378 4424 ata
391 4380 537 4426 sternuntur
547 4373 601 4422 llor-
632 4377 669 4422 est
679 4373 712 4422 ad
723 4373 832 4422 harutoc
842 4372 999 4423 revocmdor.
1015 4371 1098 4423 (lm.
