2966 4778
384 199 481 266 LIB.
508 200 622 266 XXII.
660 198 771 266 CAP.
797 206 848 268 51.
1081 205 1142 266 109

84 337 238 422 ‘exquiri
259 338 362 424 pretia
382 336 423 401 ab
443 335 718 424 interrogantibus,
740 336 906 402 Romanus
928 333 1005 399 civis
1026 333 1078 412 sis,
1101 346 1299 409 an11.c.536.

56 432 97 492 3‘
109 421 250 488 Latinus
261 423 375 499 socius,
388 434 424 487 ut
435 445 476 486 ex
492 434 547 487 tna
557 421 750 486 contumelia
758 435 792 487 et
805 422 931 486 miseria
939 420 1030 484 alteri
1040 421 1141 486 honos
1150 412 1181 461 A.
1199 411 1229 461 ⁰·
1245 405 1299 461 ²¹⁶·

56 510 305 594 4‘quaeratur?
331 507 409 572 Non
431 519 484 572 tu:
507 509 535 571 si
556 507 686 594 quidem
709 509 747 573 L.
762 507 893 574 Aemilii
915 506 1062 584 consulis,
1085 507 1140 593 qui

84 603 144 658 ‘se
159 595 243 658 bene
263 594 353 672 mori,
369 616 465 680 quam
487 594 621 680 turpiter
635 595 740 658 vivere
761 594 881 670 maluit,
897 607 931 658 et
950 605 998 658 tot
1011 592 1142 658 fortissi-

84 689 236 744 ‘morum
265 679 416 756 virorum,
446 680 502 764 qui
530 679 615 744 circa
643 702 718 744 eum
741 679 893 744 cumulati
918 679 1033 756 iacent,
1057 679 1142 744 cives

85 767 198 830 ‘estis
246 764 311 830 Sed
333 779 418 842 ante,
434 787 530 852 quarn
544 765 697 853 opprimit
717 766 783 843 lux,
799 765 981 851 maioraque
1002 763 1141 830 hostium

85 852 241 939 ‘agmina
255 852 443 938 obsaepiunt
462 851 532 928 iter,
547 874 605 939 per
623 852 692 929 hos,
708 852 765 938 qui
784 851 956 915 inordinati
976 862 1071 936 atque
1091 851 1142 914 in·

88 938 281 1024 ‘compositi
310 937 498 1023 obstrepunt
526 937 634 1023 portis,
661 959 750 1002 erum
774 959 872 1002 amus.
917 935 1015 1000 Ferro
1045 947 1141 1022 atque

86 1023 243 1088 ‘audacia
267 1023 320 1087 via
347 1023 393 1099 fit,
421 1023 564 1108 quamvis
635 1045 650 1086 r
677 1046 737 1088 con
751 1035 835 1087 ertos
863 1022 978 1086 hostes.
1026 1020 1141 1085 Cuneo

86 1109 245 1195 ‘quidem
260 1109 322 1174 hoc
337 1107 446 1174 laxum
457 1123 553 1208 atque
564 1131 599 1172 so
612 1121 702 1173 utum
714 1131 839 1196 agmen,
852 1120 889 1172 nt
896 1107 922 1172 si
933 1106 1015 1170 nihil
1027 1108 1139 1184 obstet,

86 1195 323 1260 ‘transibimus
369 1194 483 1282 Itaque
505 1207 550 1258 rte
573 1217 708 1272 mecum,
730 1194 786 1282 qui
808 1207 841 1260 et
861 1205 982 1259 vosmet
1003 1193 1087 1281 ipsos
1109 1206 1142 1258 et

86 1280 341 1367 ‘rempublicam
355 1280 473 1345 salvam
487 1279 601 1345 vultis'
631 1279 722 1345 Haec
738 1281 792 1345 ubi
807 1279 893 1344 dicta
903 1279 1002 1355 dedit,
1015 1279 1141 1428 strirgit

83 1365 243 1453 gladium,
269 1389 436 1453 cuneoque
466 1365 549 1430 facto
578 1388 637 1452 per
664 1367 786 1431 medios
813 1365 902 1431 vadit
924 1365 1038 1430 hostes
1117 1379 1139 1441 t,

85 1474 192 1539 quum
213 1452 247 1516 in
266 1451 348 1516 latus
362 1452 521 1528 dextrum,
538 1451 626 1538 quod
638 1453 775 1550 patebat,
789 1450 951 1515 Numidae
966 1449 1139 1514 iacularen·

57 1551 153 1614 stur,
169 1537 326 1602 translatis
347 1537 383 1602 in
402 1537 552 1601 dextrum
575 1549 681 1613 scutrs,
697 1537 731 1601 in
751 1537 870 1601 maiora
888 1548 987 1600 castra
1007 1535 1048 1600 ad
1069 1556 1140 1599 sex·

86 1623 176 1688 centi
197 1635 380 1688 evaserrmt:
405 1635 501 1710 atque
522 1621 598 1687 inde
616 1623 770 1710 protinus,
793 1623 855 1687 alio
875 1645 990 1708 magno
1013 1621 1139 1708 agmine

86 1709 252 1786 adiuncto,
280 1708 459 1774 Canusium
487 1708 662 1774 incolumes
691 1709 889 1796 perveniunt.
936 1707 1027 1772 Haec
1053 1708 1139 1794 apud

86 1795 191 1860 victos
208 1795 309 1882 magis
323 1795 367 1858 im
411 1809 447 1860 tu
461 1795 648 1872 animorum,
664 1817 760 1881 quem
781 1794 944 1881 ingenium
965 1815 1058 1858 suum
1073 1793 1141 1858 cui·
1210 1813 1213 1820 ’

87 1903 154 1967 que
169 1893 226 1946 aut
239 1881 302 1945 fors
322 1880 364 1944 da
386 1893 428 1957 at,
443 1903 541 1966 quam
556 1903 597 1946 ex
617 1879 749 1945 consilio
767 1880 916 1966 ipsorum,
932 1892 987 1944 aut
1006 1878 1140 1966 imperio

87 1966 289 2052 cuiusquam,
304 1967 487 2053 agebantur.

135 2050 311 2116 Hannibali
328 2051 443 2117 victori
460 2074 561 2140 quum
579 2051 678 2117 ceteri
696 2049 877 2116 circumfusi
896 2049 1138 2136 gratrdarentur,
1196 2066 1247 2125 51,

87 2137 335 2237 suaderentque,
346 2149 391 2215 ut,
404 2149 492 2202 tanto
503 2137 688 2224 perfrmctus
702 2135 796 2212 bello,
808 2135 873 2200 diei
907 2134 973 2201 uod
981 2135 1139 2221 reliquum
1149 2145 1276 2222 Hannibal
1291 2211 1297 2222 υ

59 2236 184 2301 6esset,
196 2235 361 2309 noctisque
373 2222 579 2309 insequentis,
592 2223 733 2309 quietem
745 2234 778 2285 et
792 2221 859 2308 ipse
871 2158 930 2284 sibi
945 2233 1094 2296 sumeret,
1106 2234 1140 2285 et
1149 2217 1249 2286 nerana
1262 2217 1298 2260 ¹¹⁰

87 2308 452 2385 feasuatmnsbua
469 2307 646 2384 nnana,
658 2281 1233 2406 praefataequimm‚mrn1me¹¹⁶⁸⁰¹‘

88 2395 279 2460 cessandum
293 2407 389 2472 ratus,
406 2391 505 2471 ‘Im0,
520 2410 566 2470 ut,
579 2393 659 2480 quid
673 2392 732 2457 hac
743 2415 851 2541 pugna
865 2404 906 2456 s1t
920 2404 1035 2469 actum,
1051 2393 1139 2470 scias,

742 2491 787 2542 rto
811 2501 830 2542 ο

89 2480 166 2545 ‘die
188 2480 323 2566 quinto,’
340 2479 456 2566 inquit,
473 2479 592 2543 ‘victor
611 2479 646 2543 in
670 2477 719 2542 Ca

848 2478 1034 2566 epulaberis
1083 2478 1140 2543 Se·

90 2575 229 2653 ‘queret
261 2588 335 2630 cum
360 2567 542 2651 eq11ite„ut
569 2565 658 2652 prius
681 2565 815 2641 venisse,
839 2587 936 2649 quam
959 2575 1139 2642 venturum,

88 2652 220 2728 ‘sciant
244 2651 452 2739 praecedam?
496 2649 671 2716 Hannibali
696 2649 790 2714 nimis
815 2649 898 2714 laeta
921 2673 971 2714 res
993 2662 1041 2715 est
1062 2650 1138 2728 visa,

88 2737 264 2823 maiorque,
280 2759 377 2824 quam
392 2748 429 2800 ut
442 2759 514 2802 eam
533 2735 639 2801 statim
659 2759 697 2800 ca
737 2757 771 2799 re
791 2736 898 2800 animo
915 2749 1029 2823 posset
1075 2735 1140 2802 Ita·

88 2845 164 2910 que,
181 2823 395 2888 ‘voluntatem
407 2845 440 2887 se
450 2822 577 2888 laudane
590 2821 706 2888 Mahar
726 2821 804 2898 alia,’
814 2821 878 2886 ait:
904 2821 963 2886 ‘ad
971 2821 1137 2887 consilium

62 2909 310 2996 7‘pensandum
332 2909 483 2996 temporis
504 2931 584 2996 opus
605 2909 692 2972 esse!
736 2907 822 2972 Tum
843 2907 1019 2985 Maharbal,
1041 2906 1138 2972 ‘Non

89 3005 100 3034 ‘
108 2995 226 3072 omnia,
241 2995 403 3071 nimirum,
419 2994 524 3059 eidem
539 2993 586 3058 dii
600 2993 726 3059 dedere.
771 2992 910 3058 Vincere
925 2994 995 3070 scis,
1012 2991 1138 3057 Hanni·

90 3079 183 3157 ‘bal;
205 3080 338 3146 victoria
351 3080 399 3146 uti
415 3081 536 3146 nescia’
580 3078 675 3145 Mora
689 3079 758 3144 eius
768 3078 833 3144 diei
848 3079 922 3144 satis
936 3076 1076 3144 creditur
1089 3101 1137 3143 sa·

88 3166 150 3232 luti
164 3166 260 3231 l'uisse
275 3166 346 3231 urbi
360 3178 456 3253 atque
471 3166 613 3253 imperio.

132 3251 265 3317 Postero
279 3251 332 3316 die
343 3252 398 3316 ubi
409 3252 548 3338 primum
562 3251 676 3329 illuxit,
688 3250 730 3316 ad
740 3249 840 3336 spolia
849 3247 986 3335 legenda
995 3246 1137 3312 foedam·
1145 3266 1242 3340 Strages

88 3361 153 3425 que
164 3337 260 3402 etiam
269 3337 413 3402 hostibus
421 3336 625 3424 spectandam
640 3349 777 3422 stragem
791 3335 950 3398 insistunt.
982 3332 1135 3399 Iacebant
1145 3330 1283 3442 ἓξὲξ*

1143 3456 1260 3507 sanabilis.

122 3554 190 3615 ,ΗΠ
205 3569 237 3602 ea·
254 3554 485 3613 tua....miseria]
510 3553 548 3602 Ut
565 3567 596 3599 ex
629 3549 963 3600 exemsndationeGronor.
978 3553 1136 3612 adranam,

89 3615 188 3665 misena
197 3621 223 3665 et
237 3615 396 3690 contumelia,
406 3631 469 3690 qnae
483 3615 530 3664 tibi
545 3615 596 3664 Ro-
628 3620 656 3662 ut
672 3613 771 3690 panim,
781 3615 828 3664 hoc
839 3620 876 3664 est
890 3616 995 3675 circiur,
1011 3615 1136 3679 Kreyssig.

88 3695 164 3728 mano
185 3680 345 3742 perpetranda
369 3679 498 3740 indrcetur,
520 3679 598 3727 honos
629 3684 744 3741 rapoant.

89 3742 169 3802 alteri,
180 3742 281 3792 cuilibet
289 3758 379 3806 nempe
391 3743 489 3802 Latino,
498 3757 597 3805 quaere·
661 3739 678 3792 6
702 3744 833 3806 Noctisqw
853 3743 1015 3807 tauqaaun]
1046 3742 1135 3794 Dicen-

89 3813 137 3856 tur.
150 3805 276 3856 Hannibal
283 3806 473 3856 hocinstitutum
479 3805 598 3856 hactenus
630 3806 689 3854 dum
700 3805 775 3854 fuisse
791 3810 819 3854 ut
832 3805 887 3856 infr.
900 3821 939 3870 59.
950 3815 1088 3872 nonumque
1098 3811 1136 3858 in·

88 3877 234 3930 sanaverat,
244 3877 272 3920 nt
283 3887 298 3920 s
308 3871 412 3932 captivis
422 3885 464 3919 eos
474 3869 515 3931 qni
529 3875 598 3919 erant
628 3877 783 3934 aspamam
800 3869 912 3918 similiter
928 3875 1011 3919 autem
1028 3887 1094 3935 supr.
1112 3889 1135 3922 v.

90 3933 173 3984 Latini
184 3933 290 3982 nominis
300 3935 353 3983 sine
366 3934 445 3997 pretio
456 3933 598 3992 dimitteret,
632 3947 668 3997 19.
674 3935 765 3994 fatalis
775 3935 827 3982 dua·
837 3935 871 3982 ad
879 3935 1000 3984 acidiam
1013 3937 1083 3985 illins
1093 3953 1135 3986 aa

90 3997 440 4048 Romanosinrinculadaret.
464 3997 596 4059 Vidsnpr.
629 3997 958 4061 thamnaduqaepaatao
967 3999 1135 4063 oammmpro

92 4061 179 4125 aim.
191 4063 230 4125 58.
247 4061 329 4112 cmv.
628 4063 819 4125 servandamque
844 4062 954 4124 patriam
978 4061 1027 4112 dici
1051 4069 1136 4112 monet

123 4129 214 4184 4Non
234 4127 275 4185 tu]
305 4141 338 4174 sc.
361 4125 419 4174 Hoc
441 4124 595 4174 committes:
629 4124 720 4174 Stroth.

90 4187 204 4239 nimirum
216 4188 357 4252 singulatim
371 4187 500 4238 audientes
512 4189 596 4237 admo-
662 4200 676 4250 7
695 4190 816 4252 Temporis
826 4191 958 4250 epmesss]
977 4189 1065 4240 Cicero
1076 4204 1135 4251 quo-

89 4259 139 4302 net.
629 4253 1002 4314 quecumoasusecnndoopas
1047 4252 1091 4301 nit.
1104 4254 1135 4302 cf.

123 4315 596 4378 5Adumnrt1Vulg.seaeemn‚sad
629 4315 730 4366 deDir.
743 4313 991 4364 x.8.etibiManut.
1035 4329 1091 4365 ont.
