2874 4772
510 974 811 1060 EPITOME
854 975 1044 1058 LIBRI
1087 970 1275 1056 XXVII.

805 1277 1000 1313 ...4-

387 1523 455 1590 CN.
471 1520 692 1586 FULVIUS
704 1520 869 1604 proconsul
888 1541 954 1582 cum
976 1523 1104 1584 coercita
1125 1521 1165 1584 ab
1183 1513 1383 1584 Homulli

381 1610 574 1673 Herdoneam
596 1629 699 1670 caena
720 1617 772 1670 est
817 1607 945 1670 Meliore
962 1618 1066 1670 eventu
1087 1631 1108 1670 a
1129 1607 1258 1672 Claudio
1271 1602 1382 1668 Marcello

382 1695 500 1759 consule
528 1695 672 1756 adoerm
701 1694 824 1757 eundem
849 1695 892 1756 ad
919 1692 1143 1757 Numistronem
1167 1703 1327 1779 puqnctum
1347 1697 1379 1750 cst

383 1783 459 1846 Inde
480 1780 643 1844 Hannibal
663 1791 752 1843 noctu
777 1782 901 1842 recessit.
952 1781 1120 1844 Marcellus
1140 1783 1286 1844 insecutio
1308 1783 1381 1852 esti

382 1869 505 1932 mbinde
530 1867 674 1930 cedentem
694 1869 816 1951 pressit,
842 1867 932 1930 donec
957 1867 1133 1952 coryliqeret
1182 1869 1287 1931 Priore
1305 1881 1380 1950 putu

382 1954 545 2020 Hannibal
563 1956 699 2037 superior
709 1954 789 2036 fiu't,
809 1953 977 2017 Marcellus
997 1957 1170 2040 insequenti
1216 1955 1320 2018 Fabius
1330 1949 1379 2012 llo·

381 2045 479 2106 cimus
495 2051 587 2125 pater
608 2040 712 2104 consul
734 2041 914 2103 Tarentinos
929 2063 988 2124 per
1003 2041 1205 2125 proditionem
1222 2043 1324 2124 recepit
1356 2033 1378 2094 l*

382 2129 539 2214 Hispania
561 2129 604 2190 ad
622 2127 789 2190 Baeculam
813 2127 915 2210 Scipio
934 2149 1001 2189 cum
1018 2127 1218 2191 Hcsdmcbale
1234 2123 1378 2192 Hortor

383 2216 525 2301 confluis,
548 2223 578 2277 et
597 2216 675 2276 oicit.
721 2213 806 2276 Inter
826 2213 890 2275 alia
912 2223 1032 2298 captum
1050 2237 1184 2298 puerum
1210 2215 1323 2299 repalnn
1341 2209 1378 2269 oi

383 2305 461 2366 miae
472 2303 597 2385 formae
616 2301 660 2362 ad
679 2299 860 2362 avunculum
882 2301 1080 2363 Masinissam
1104 2323 1173 2363 eum
1196 2303 1277 2364 donis
1294 2297 1375 2360 aaut

389 2389 536 2453 Claudius
551 2387 728 2463 Marcellus,
751 2387 788 2448 T.
811 2386 970 2464 Quinctius
990 2387 1147 2472 Crispinus
1163 2387 1297 2461 cornubus,
1310 2401 1377 2468 spot

385 2475 470 2538 landi
483 2495 576 2537 causa
592 2475 747 2558 propressi
759 2495 775 2534 e
788 2475 905 2549 castris,
922 2475 1037 2537 insidiis
1051 2475 1089 2536 ab
1104 2474 1279 2538 Hannibale
1290 2474 1376 2534 omre

384 2563 465 2624 venti
487 2570 564 2624 sunt.
612 2559 781 2622 Marcellus
805 2562 916 2623 occissus
931 2562 1010 2644 fuit,
1039 2560 1200 2645 On‘spinus
1216 2563 1304 2645 firpit.
1340 2553 1376 2616 Ro

379 2657 538 2732 praetcrea
567 2667 587 2708 a
616 2646 654 2708 P.
682 2646 816 2730 Sulpicio
848 2657 986 2730 praetore
1014 2649 1158 2710 adversm
1187 2647 1376 2732 ΡΙιίΙίρριιωῖΐ

383 2733 521 2798 Achaeos
531 2741 632 2816 pestus
646 2735 780 2797 contimt.
825 2733 973 2797 Lustrum
988 2757 1009 2796 a
1023 2735 1192 2798 censoribus
1207 2735 1334 2798 carduum
1344 2733 1373 2786 fi

390 2819 487 2886 Conso
501 2828 572 2881 sunt
584 2820 692 2882 ciuium
710 2823 812 2904 capita
829 2829 944 2883 centnm
964 2824 1089 2905 tripinta
1109 2831 1220 2905 septem
1241 2819 1321 2884 millu
1336 2833 1374 2874 nr

384 2917 449 2972 tum
463 2917 491 2970 et
504 2915 586 2969 octo:
609 2927 644 2968 ee
660 2928 719 2991 quo
736 2929 857 2970 numero
871 2910 1025 2991 apparuit,
1041 2917 1189 2992 qrmnmm
1208 2903 1373 2971 manmit

379 2994 562 3080 proeliorum
573 2994 700 3055 adversa
704 2995 838 3076 fortuna
848 2995 961 3078 populo
972 2995 1109 3058 Romano
1123 2995 1293 3057 abstulisset.
1320 2985 1373 3049 ΗΝ·

384 3082 503 3157 drubal,
517 3082 571 3165 qui
583 3101 650 3142 cum
664 3083 792 3142 ornatu
807 3101 880 3143 novo
895 3081 1117 3144 transcenderat
1127 3081 1233 3165 Alpes,
1245 3073 1372 3143 mutto

384 3169 479 3232 nibali
499 3170 694 3251 coniunperet
718 3187 785 3228 cum
808 3166 937 3230 millibus
957 3168 1108 3230 bominum
1130 3168 1330 3253 quinquaqinta
1344 3175 1372 3216 δῦ

385 3277 487 3318 caesus
508 3264 559 3329 est,
580 3254 629 3317 M.
645 3253 730 3316 Liuii
754 3253 881 3316 consulis
904 3255 1004 3330 ductu,
1026 3255 1079 3317 sed
1105 3276 1165 3317 non
1195 3257 1298 3316 minore
1316 3261 1370 3330 opos

391 3340 514 3404 Claudii
534 3340 664 3402 Neronis
686 3340 821 3403 consulis.
872 3339 943 3417 Qui,
966 3361 1057 3425 quum
1078 3341 1251 3403 Hannibali
1268 3335 1370 3422 opponi*

385 3437 466 3503 esset,
483 3427 592 3490 relictis
609 3429 726 3503 castris,
742 3430 786 3489 ita
805 3436 840 3490 ut
858 3427 966 3490 bostem
979 3428 1115 3510 falleret,
1130 3449 1199 3491 cum
1219 3427 1299 3490 electa
1315 3433 1368 3484 affl

381 3515 543 3599 profectus,
559 3513 784 3576 Hasdrubalem
798 3516 995 3578 circumvenit.
