3002 4798
357 165 398 226 32
748 156 862 224 ΤΙΤΙ
891 156 1026 224 LIVII

194 309 228 358 U.
239 309 269 359 c.
283 321 338 374 ⁵34·
359 306 501 362 ‘manae
549 295 668 362 Cetera
686 294 791 383 plana,
806 294 958 382 proclivia
971 294 1056 358 fore:
1081 315 1156 370 uno,
1171 304 1227 357 aut
1245 313 1435 370 summum

192 375 223 423 ⁴⁴·
241 375 270 424 ⁰·
283 377 337 424 ²¹&
360 383 479 448 ‘altero
494 382 615 469 proelio
630 405 734 448 arcem
745 395 777 448 et
792 393 888 468 caput
902 379 1014 445 Italiae
1037 379 1071 443 in
1086 401 1184 443 manu
1198 401 1235 444 ac
1249 391 1413 465 potestate

359 469 563 535 ‘habituros’
607 468 785 533 Procedere
806 466 881 532 inde
900 489 1015 554 agmen
1035 465 1158 552 coepit3
1182 465 1247 529 iani
1266 463 1349 528 nihil
1366 487 1413 527 ne

358 554 502 619 hostibus
533 553 652 631 uidem,
662 566 788 642 praeter
798 575 895 640 parra
904 553 1054 639 furtaper
1062 552 1270 628 occasionem,
1281 563 1414 614 tentari-

359 640 451 706 tibus
531 651 654 704 eterum
678 641 739 704 iter
759 640 869 717 multo,
892 661 988 726 quam
1012 638 1047 704 'ui
1069 659 1199 702 ascensu
1220 637 1335 713 fuerat,
1357 635 1414 722 (ut

381 725 411 792 le
469 749 509 791 ue
522 725 656 825 Alpium
668 727 707 790 ab
719 725 812 790 Italis
825 727 907 790 sieut
915 725 1067 810 breyiora,
1079 725 1125 788 ita
1138 723 1308 788 arrectiora
1318 721 1414 808 sunt)

358 749 455 876 diffisi
469 812 519 876 ius
537 812 607 876 suit.
654 811 770 878 Omnis
792 812 877 876 enim
896 811 995 875 ferme
1015 811 1243 897 impraeceps,
1263 823 1435 896 angustas

357 897 482 964 lubrica
496 910 581 963 erat:
606 910 642 963 ut
664 921 705 962 ne
728 897 769 962 ile
791 897 945 962 sustinere
966 918 1034 961 sea
1055 895 1144 994 lapsu
1166 907 1313 982 poffienu
1337 915 1435 972 nec,9

382 985 414 1048 ui
443 983 619 1071 paullulum
646 921 846 1061 titubassent,
873 982 1003 1047 haerere
1032 981 1140 1046 afflicti
1165 981 1298 1067 uestigio
1328 1003 1411 1057 suo;

358 1007 410 1134 dii
434 1093 474 1135 ue
490 1091 586 1156 super
599 1070 685 1146 alios,
698 1083 731 1134 et
745 1069 888 1134 iumenta
902 1081 935 1133 et
947 1067 1102 1144 hominen,
1118 1065 1309 1132 occiderent.

436 1168 546 1221 entum
567 1155 684 1220 deinde
700 1155 740 1219 ad
755 1155 856 1219 multo
878 1154 1093 1242 augustiorem
1110 1174 1233 1238 rupem,
1249 1165 1349 1238 atque
1365 1151 1414 1216 ita

357 1241 451 1306 rectis
466 1243 557 1318 saxis,
568 1253 605 1304 ut
618 1263 711 1332 aegre
726 1240 895 1328 expeditus
906 1239 996 1304 miles
1010 1238 1236 1316 tentabundus,
1247 1238 1413 1302 manibus-

357 1350 420 1414 que
440 1327 581 1391 retinens
595 1327 732 1413 virgulta
751 1349 787 1391 ac
806 1328 918 1414 stirpes
933 1327 1016 1402 circa
1033 1325 1220 1402 eminentes,
1237 1323 1411 1388 demittere

356 1435 424 1478 sese
439 1426 553 1500 posset
599 1410 823 1477 Naturaiocus
837 1413 899 1477 inm
915 1425 989 1476 ante
1004 1433 1163 1498 praeceps,
1179 1410 1301 1475 recenti
1316 1409 1412 1496 lapsu

358 1513 460 1564 terrae
471 1499 507 1563 in
522 1499 641 1586 pedum
657 1498 743 1563 mille
758 1497 931 1563 admodum
946 1497 1147 1562 altitudinem
1162 1497 1316 1584 abruptus
1331 1509 1432 1560 erati

358 1583 408 1649 Ibi
424 1607 534 1671 quum,
543 1584 632 1648 velut
645 1583 687 1647 ad
701 1585 799 1648 linem
813 1585 892 1661 vise,
905 1583 1030 1670 equites
1044 1581 1266 1670 constitissent,
1279 1581 1411 1647 miranti

359 1667 543 1747 Hannibali,
568 1692 650 1756 quae
673 1692 724 1734 res
746 1667 922 1734 moraretur
945 1691 1070 1756 agmen,
1095 1669 1269 1744 nuntiatur,
1294 1689 1412 1754 rupem

357 1755 476 1818 inviam
496 1777 572 1819 esse.
620 1754 789 1842 Digressus
810 1756 927 1821 deiude
950 1755 1016 1842 ipse
1039 1754 1081 1818 ad
1102 1753 1208 1819 locum
1226 1755 1410 1819 visendum.

359 1839 459 1905 Haud
480 1840 579 1904 dubia
595 1863 646 1906 res
659 1842 735 1918 visa,
752 1842 830 1928 quin
845 1863 904 1929 per
924 1841 1009 1905 invia
1023 1841 1107 1905 circa
1128 1863 1187 1905 nec
1209 1841 1285 1905 trita
1303 1855 1410 1918 antes,

358 1927 501 2014 quemvis
516 1926 611 2014 longo
626 1928 758 2004 ambitu,
774 1927 1024 1992 circumduceret
1039 1949 1162 2012 agmen.
1208 1925 1258 1990 Ea
1267 1948 1345 1990 vero
1360 1927 1412 1991 via

358 2012 579 2099 insuperabilis
593 2013 662 2086 fiiit.
709 2013 795 2078 Nam
810 2036 910 2101 quum
925 2035 1020 2099 super
1030 2027 1170 2077 veterem
1185 2013 1292 2077 nivem
1307 2012 1413 2078 intac-

360 2113 423 2163 tam
435 2121 519 2163 nova
533 2099 676 2164 modicae
694 2099 722 2164 al
727 2099 872 2165 titudinls
886 2113 977 2176 esset,
993 2098 1082 2162 molli
1097 2093 1157 2163 n'ec
1168 2097 1326 2184 praealtae
1340 2099 1412 2162 nivi

359 2185 451 2274 facile
461 2185 564 2286 pedes
578 2185 827 2274 ingredientium
849 2183 1057 2250 insistebant.¹
1090 2183 1139 2248 Ut
1152 2189 1227 2252 iero
1241 2195 1290 2249 tot
1305 2184 1412 2248 horni-

359 2293 436 2336 num
460 2285 738 2358 iumentorumque
754 2273 878 2337 incessu
901 2271 1022 2358 dilapsa
1036 2282 1094 2370 est,
1109 2293 1171 2370 per
1186 2270 1306 2334 nudam
1326 2271 1412 2335 inira

358 2357 493 2506 glaciem
525 2357 742 2443 fluentemque
772 2359 877 2422 tabem
907 2356 1110 2442 liquescentis
1139 2357 1220 2420 nivis
1249 2355 1412 2444 ingredie-

381 2453 483 2506 antur.
529 2440 647 2505 Taetra
667 2442 713 2506 ibi
733 2441 864 2506 luctatio
886 2456 963 2521 erat,
979 2455 1017 2507 ut
1035 2466 1055 2507 a
1068 2441 1189 2507 lubrica
1192 2442 1322 2592 [51ιῖἳὲ
1332 2464 1411 2606 npp

358 2527 532 2613 recipiente
546 2527 724 2614 vestigium,
741 2540 774 2592 et
794 2529 828 2591 in
846 2550 947 2615 prono
965 2529 1058 2593 citius
1077 2528 1175 2616 pedes

359 2634 416 2676 seu
433 2611 579 2676 manibus
600 2613 634 2675 in
658 2613 850 2714 assurgendo
872 2637 929 2679 seu
949 2637 1036 2703 genu
1058 2637 1091 2678 se
1114 2614 1318 2690 adiuvissent,
1333 2614 1434 2714 ipsisi

359 2697 559 2762 adminiculis
601 2698 715 2785 relapsi
729 2721 756 2763 si
772 2699 887 2764 iterum
908 2713 1102 2776 corruerent,
1117 2721 1178 2764 neo
1193 2701 1306 2786 stirpes
1326 2721 1414 2765 cirea

359 2783 529 2860 radicesue,
545 2719 601 2847 ad)
608 2807 687 2870 ques
708 2785 790 2872 pede
811 2798 866 2850 aut
888 2807 986 2850 manu
1001 2786 1168 2873 quisquam
1191 2786 1269 2851 eniti
1291 2799 1411 2872 posset,

358 2883 466 2946 erant3
490 2869 536 2933 ita
546 2869 580 2933 in
591 2869 654 2934 levi
664 2883 788 2936 tantum
799 2871 900 2957 glaeie
910 2871 1079 2958 tabidaque
1092 2873 1164 2937 nive
1175 2871 1410 2936 volutabantur.

359 2954 507 3020 Iumenta
520 2956 669 3022 secabant
677 2957 839 3022 interdum
853 2957 949 3022 etiam
959 2970 1028 3022 tuni
1039 2958 1182 3022 infimam
1196 2957 1413 3046 ingredientia

397 3183 564 3245 7Summum]
591 3186 631 3235 Ad
650 3201 782 3248 summum,
801 3187 866 3248 quod
898 3189 992 3248 dinem]
1013 3190 1147 3252 [mpeditus
1165 3192 1193 3238 iu
1211 3190 1350 3240 mirandum
1366 3193 1412 3240 srd-

359 3244 471 3308 Angliee,
485 3247 590 3298 dicimus
605 3257 632 3298 ut
647 3259 713 3301 morl.
747 3249 867 3299 Restituit
898 3252 993 3300 modum
1005 3253 1159 3303 altitudinem
1171 3253 1278 3301 retinent
1289 3253 1372 3316 Sigon.
1385 3261 1412 3304 et

359 3307 423 3358 lianc
440 3311 555 3373 loquendi
571 3314 674 3362 formam
689 3314 866 3364 LivioGroiio·
899 3315 991 3364 Stroth.
1032 3316 1081 3364 Sed
1101 3317 1298 3366 emendationem
1318 3317 1411 3368 vallae

360 3373 421 3434 vius,
438 3389 513 3436 quum
531 3377 604 3451 vulgo
622 3377 682 3427 editi
700 3379 819 3427 haberent
835 3381 869 3428 ud
900 3378 1021 3428 firmatam
1037 3395 1053 3427 a
1071 3379 1124 3430 Pol
1138 3380 1172 3429 iii.
1185 3395 1225 3442 54,
1235 3396 1309 3442 quain
1326 3388 1412 3430 noster

358 3439 691 3564 wdmdrllslffldwr'lli
711 3506 766 3564 vu]
796 3505 867 3554 iisse
900 3442 1411 3571 retinentissimus

359 3567 441 3624 rerba,
452 3572 480 3614 ut
490 3583 522 3615 ex
533 3567 639 3630 Polybio
655 3573 733 3642 patet,
746 3583 796 3616 non
810 3574 868 3616 sunt
900 3569 965 3616 ceriti
985 3570 1056 3632 lapan
1075 3572 1194 3633 abruptus
1214 3543 1288 3620 loeus⁹
1299 3579 1360 3630 erat,
1381 3577 1411 3621 s'ss

358 3627 390 3676 de
408 3633 461 3677 toto
480 3628 567 3678 itinere
589 3629 757 3692 intelhgenda,
774 3631 817 3679 sed
836 3632 883 3686 de¹
900 3633 1061 3694 ultinsdiuens,
1071 3649 1121 3682 non
1136 3637 1163 3682 ἐπ
1176 3636 1350 3698 loupituds'sissa
1367 3651 1410 3686 ac-

358 3689 425 3739 invia
439 3691 485 3739 illa
501 3697 571 3753 parte
585 3694 765 3753 tantummodo,
777 3696 808 3743 de
818 3710 868 3757 qua
899 3696 1000 3758 ceperit,
1014 3697 1040 3745 id
1051 3711 1100 3746 non
1115 3713 1146 3746 ex
1158 3697 1262 3760 Polybio
1276 3698 1371 3756 sumat„
1384 3707 1410 3748 et

358 3769 416 3802 mox
427 3768 506 3802 senno
516 3755 569 3803 erit.
625 3821 630 3832 ι
899 3773 996 3820 prorsus
1005 3760 1135 3810 ridiculum
1149 3763 1330 3824 absurdumque
1342 3763 1410 3812 vide-

359 3819 867 3955 mdUltJlnzlibeeouilldliblbesdrqlioldillibli
898 3828 945 3934 tur'.
962 3889 1028 3950 Ipsis
1042 3891 1199 3940 adminiculis
1208 3891 1320 3953 prolapsi
1330 3893 1352 3939 si
1363 3894 1409 3942 ite·

358 3942 506 4002 laberentur,
517 3959 605 4006 neque,
615 3961 635 3994 si
653 3947 791 4022 paullulum
808 3949 866 3998 titu-
897 3966 953 3999 sum
964 3955 1117 4013 sument]
1137 3953 1228 4002 Manus
1241 3959 1267 4003 st
1279 3969 1360 4016 genus
1369 3954 1409 4004 in-

358 4006 581 4082 bassent‚h.e.rion
593 4023 693 4059 omnmo
704 4027 783 4073 primo
794 4014 865 4075 lapsu
897 4015 1032 4077 telligenda
1052 4023 1118 4076 sunt,
1135 4017 1223 4078 quibus
1241 4033 1267 4066 se
1285 4017 1410 4069 adiunsse

358 4071 527 4144 procidissent,
541 4073 582 4120 sed
601 4078 680 4123 terrae
694 4077 779 4138 afflieti
795 4077 865 4126 vesti·
898 4078 1019 4127 dicuntur.
1038 4080 1122 4130 Doris.
1161 4082 1278 4132 Ceterum
1297 4081 1409 4132 Bekkei.

357 4147 424 4207 grum
441 4135 590 4196 pressissent,
601 4137 701 4201 vestigio
711 4154 756 4188 suo
765 4140 865 4190 haerere
895 4143 1018 4216 prolapsis
1035 4145 1124 4195 iumen
1139 4148 1284 4196 ernustum
1300 4161 1332 4194 er
1349 4162 1409 4196 con·

358 4204 459 4259 possint.
897 4211 990 4255 recture
1001 4207 1119 4257 Gronovii
1130 4209 1155 4258 in
1166 4214 1262 4259 textum
1273 4210 1373 4272 recepit

393 4275 402 4308 i
419 4263 453 4310 Ia
461 4265 552 4324 pedum
565 4266 632 4315 mille
643 4267 770 4316 admodum
782 4269 863 4317 altitu
