2874 4772
327 206 423 273 LIB.
448 207 595 274 XXVII.
630 209 741 276 CAP.
769 217 817 277 16.
1037 219 1098 280 361

32 345 160 424 sulem,
181 344 271 410 miles
290 344 402 409 obvius
417 344 593 408 obtruncat
640 344 708 410 Alii
728 344 805 410 alios
820 347 936 447 passim
952 349 1020 415 sine
1035 349 1101 414 dis-
1112 367 1145 418 U.
1157 369 1187 419 c.
1204 383 1259 432 543-

33 433 181 497 crimine
197 445 342 508 armatos,
354 431 500 506 inermes,
516 429 664 508 caedunt,
682 430 962 519 Cartbagmienses
977 435 1101 500 Taren·
1111 433 1140 482 A.
1158 434 1188 507 0,-
1205 448 1259 497 ²09

36 519 197 606 tinosque
216 517 343 604 pariter.
389 516 508 581 Bruttii
528 539 657 616 quoque
673 518 766 583 multi
786 518 954 598 interfecti,
970 544 1026 586 seu
1041 496 1251 610 perfflcffi

35 627 199 682 errorem,
218 627 276 668 seu
294 616 401 668 vetere
423 603 458 666 in
479 625 534 668 eos
556 602 651 668 insito
673 604 758 682 odio,
777 627 834 670 seu
853 606 895 671 ad
912 608 1101 694 proditionis

35 691 176 769 samam,
190 702 228 756 ut
240 691 272 755 vi
286 690 393 777 potius
412 703 445 754 at
469 713 509 754 ue
524 689 619 754 armis
633 704 763 778 captum
781 691 958 758 Tarentum
976 694 1101 760 videre·

37 791 110 856 tur,
127 777 402 865 exstinguendam.
445 713 535 841 i'um
546 776 586 842 ab
595 776 692 841 caede
708 776 749 840 ad
760 776 973 865 diripiendam
988 781 1101 846 urbem

37 865 236 930 discursum.
282 863 388 928 Millia
417 862 548 950 triginta
580 862 741 928 servilium
776 865 917 952 capitum
950 865 1102 933 dicuntur

37 952 152 1039 capti:
184 951 307 1037 argenti
324 949 371 1014 vis
392 948 506 1036 ingena
522 948 597 1015 iacti
619 950 816 1037 signatiquez
848 953 917 1017 auri
939 953 1102 1041 octoginta

38 1039 110 1103 tria
124 1037 252 1124 pondo:
276 1036 367 1122 signa
381 1033 581 1123 tabulaeque,
596 1058 695 1123 prope
714 1051 751 1100 ut
767 1035 993 1125 Syracusarum
1008 1063 1102 1105 orna*

40 1137 159 1189 menta
171 1146 208 1188 ae
233 1123 385 1188 araverint.
433 1121 497 1188 Sed
509 1121 627 1186 maiore
643 1123 749 1188 animo
764 1125 890 1211 generis
900 1125 969 1190 eius
983 1126 1103 1213 praeda

8 1210 203 1275 aabstinuit
244 1209 343 1286 abins,
360 1231 456 1295 quam
472 1207 661 1286 Marcellus3
685 1211 742 1296 qui
758 1211 973 1298 interrogante
988 1213 1100 1292 scriba,

8 1295 131 1384 9quid
146 1296 214 1362 lieri
234 1296 332 1395 signis
347 1294 452 1373 vellet,
467 1293 622 1382 (ingentis
637 1295 866 1382 magnitudinis
880 1296 927 1362 dii
942 1312 1027 1377 sunt,
1042 1323 1100 1366 suo

71 1383 186 1470 uisque
200 1383 312 1447 habrtu
327 1381 362 1445 in
377 1381 508 1446 modum
522 1382 734 1469 pugnantium
745 1382 887 1468 formati)
899 1384 990 1450 ‘deos
1005 1386 1101 1459 iratos

81 1469 235 1534 arentinis
260 1467 412 1568 relinqui'
437 1468 536 1533 iussit.
584 1467 699 1534 Murus
725 1469 812 1548 inde,
836 1470 893 1557 qui
919 1472 1031 1538 urbem
1061 1473 1100 1538 ab

43 1579 122 1622 arce
137 1555 315 1631 dirimebat,
331 1555 454 1619 dirutus
469 1567 517 1619 est
531 1577 568 1620 ac
583 1554 741 1620 disiectus.

94 1641 183 1706 Dum
199 1642 278 1706 haec
294 1641 426 1706 Tarenti
441 1652 589 1728 aguntur,
604 1639 767 1706 Hannibal
781 1643 829 1720 iis,
839 1644 896 1730 qui
910 1643 1101 1712 Cauloniam

44 1728 248 1805 obsidebant,
271 1728 307 1792 in
335 1727 531 1792 deditionem
554 1728 700 1816 acceptis,
723 1728 833 1794 audita
862 1753 947 1818 oppu
1013 1733 1100 1798 tione
1111 1750 1226 1799 Accurrit

45 1814 195 1892 Tarenti,
206 1813 274 1879 dies
283 1828 457 1901 noctesque
469 1815 586 1879 cursim
598 1815 724 1901 agmine
737 1829 817 1893 acto,
828 1839 938 1903 quum,
948 1755 1101 1884 {bimaris
1111 1815 1247 1874 Hannibal,

45 1901 93 1966 ad
108 1923 201 2000 opem
216 1900 388 1978 ferendam,
404 1914 529 1987 captam
546 1902 656 1966 urbem
675 1901 833 1979 audisset3
859 1903 922 1968 ‘rEt
943 1885 1260 2005 Romanissffiffilc'ffi

45 1989 166 2074 inquit,
186 1995 300 2052 ‘suum
323 1986 538 2052 Hannibalem
561 1988 688 2053 habent
736 1987 869 2066 Eadem,
888 2013 953 2089 qua
973 2011 1161 2078 aspera-tarn
1176 2008 1243 2055 auxi-

48 2083 152 2150 ‘mus,
162 2085 228 2138 arte
243 2073 420 2138 Tarentum
435 2073 616 2138 amisimus?
661 2073 694 2136 N
696 2097 713 2138 e
726 2087 833 2139 tamen
843 2075 993 2162 fugientis
1005 2078 1101 2142 modo
1111 2069 1180 2120 lium.

18 2185 30 2218 ι
47 2159 241 2225 convertisse
261 2182 377 2248 agmen
389 2159 562 2237 videretur,
579 2182 643 2246 quo
659 2160 844 2226 constiterat
860 2160 940 2240 loco,
956 2164 1101 2251 quinque

48 2245 152 2310 millia
174 2247 272 2311 ferme
297 2247 336 2312 ab
360 2246 438 2311 urbe
462 2245 568 2333 posuit
594 2259 702 2311 castra.
749 2246 799 2311 Ibi
822 2270 940 2333 paucos
964 2263 1103 2314 moratus

48 2333 131 2410 dies,
150 2331 375 2420 Metapontum
393 2355 460 2397 sese
483 2332 612 2420 recepit.
658 2331 740 2396 Inde
758 2332 839 2398 duos
862 2333 954 2399 Meta
997 2335 1103 2400 ntinos

48 2442 126 2484 cum
146 2418 244 2484 literis
263 2420 444 2507 principum
465 2418 535 2484 cius
552 2418 687 2484 civitatis
707 2419 749 2483 ad
771 2417 905 2484 Fabium
957 2434 1103 2486 arentum

49 2506 162 2582 mittit,
175 2505 273 2571 iidem
285 2507 324 2572 ab
340 2505 469 2571 consule
485 2519 679 2593 accepturos,
691 2504 735 2570 im
760 2507 849 2571 unita
860 2506 898 2570 iis
908 2507 1015 2594 priora
1024 2507 1102 2586 fore,

50 2592 80 2656 si
111 2591 336 2679 Metapontum
364 2593 395 2657 ei
424 2615 498 2657 curn
532 2592 690 2680 praesidio
748 2593 843 2658 unico
878 2594 1101 2680 prodidissent.

50 2677 179 2754 Fabius,
192 2701 275 2756 vera,
288 2701 369 2765 qnae
382 2679 540 2755 efferrent,
556 2702 623 2744 esse
634 2693 731 2757 ratus,
741 2679 837 2759 diem,
848 2703 912 2766 qua
923 2705 1103 2748 accessurus

50 2779 137 2830 esset
147 2764 237 2829 Meta
281 2779 383 2842 ntum,
395 2765 572 2842 constituit3
596 2765 651 2831 lite
726 2789 767 2830 ue
778 2766 820 2831 ad
831 2767 991 2856 principos
1002 2768 1102 2848 dedit,

51 2874 136 2939 quae
151 2851 192 2916 ad
246 2851 426 2916 annibalem
446 2849 569 2916 delatae
588 2865 670 2917 sunt.
719 2853 720 2858 ’
748 2853 890 2918 nimvero
910 2854 1012 2920 laetus
1032 2879 1104 2921 suc·

50 2961 142 3004 cesso
164 2937 292 3016 fraudis,
314 2938 338 3002 si
363 2960 403 3002 ne
431 2935 547 3002 Fabius
592 2938 701 3003 uidem
723 2938 797 3004 dolo
822 2940 960 3006 invictus
982 2942 1102 3019 luisset,

51 3023 141 3090 haud
162 3023 272 3112 procul
294 3024 487 3112 Metaponto
509 2963 639 3088 insidias
660 3025 760 3110 ponit
806 3023 905 3090 Fabio
928 3028 1103 3113 auspicanti

50 3111 151 3200 prius,
166 3134 262 3197 quam
278 3110 482 3198 egrederetur
501 3112 541 3174 ab
557 3109 708 3186 Tarento,
724 3132 797 3174 aves
817 3111 915 3176 semel
930 3125 1025 3198 atque
1044 3113 1103 3177 ite-

52 3221 126 3263 rum
140 3221 205 3263 non
220 3197 421 3262 addixerunt.
469 3195 584 3262 Hostia
595 3219 724 3283 quoque
737 3219 828 3262 caesa
838 3197 1016 3262 consulenti
1027 3199 1104 3264 deos

53 3437 189 3496 consulem,
197 3451 270 3498 quem
281 3441 414 3497 antequam
426 3435 513 3494 adiret,
523 3451 562 3484 oc
595 3435 655 3483 Tac.
668 3435 732 3484 Anu.
745 3435 796 3485 xiii.
811 3450 821 3483 r
826 3448 848 3498 5.
860 3441 885 3484 et
896 3451 935 3498 40.

54 3501 119 3550 cisus
129 3507 179 3560 sst;
195 3501 237 3549 sed
249 3501 316 3563 apud
328 3515 441 3562 eosquos
457 3500 521 3549 circs
537 3515 563 3548 ss
627 3514 642 3562 9
660 3501 726 3558 Quid
734 3502 795 3561 fieri
811 3503 888 3562 nynia
901 3501 983 3560 sella]
1003 3501 1103 3565 Aliquid

53 3566 167 3614 habebat.
184 3565 265 3615 cmv.
595 3562 636 3611 bic
659 3564 820 3625 depravatum
843 3564 882 3612 vel
910 3565 1026 3612 omissum
1053 3581 1105 3616 essa

89 3630 284 3690 Blntmoponts
294 3630 374 3677 scriba
386 3665 392 3678 .
404 3664 410 3677 .
423 3664 444 3677 ..
456 3629 564 3692 relinqui
596 3627 695 3675 coniicit
708 3628 824 3687 Crevier,
835 3627 893 3688 quia
910 3627 1039 3678 verisimile
1055 3647 1105 3680 non

54 3695 137 3754 iussit]
148 3691 563 3741 llancloeutionemvixLivianam
596 3697 642 3750 est,
659 3691 742 3739 omnia
759 3691 899 3740 Tarentinis
916 3692 984 3754 signa
1001 3693 1106 3756 ingentis

55 3773 108 3806 esse
123 3756 216 3806 iudicat
233 3757 359 3804 Drakenb.
371 3755 464 3818 quippe
480 3757 563 3805 iubere
595 3755 770 3817 magnitudinis
797 3755 880 3813 luisse,
911 3773 956 3804 nec
982 3771 1105 3820 quamque

55 3823 131 3870 alicui
151 3820 240 3883 optimi
265 3819 318 3869 aevi
343 3821 500 3882 scriptoribus
524 3819 563 3868 vix
596 3819 716 3880 Deorum,
733 3819 779 3868 nisi
801 3819 826 3868 in
846 3821 947 3869 modum
965 3823 1105 3884 pugnantis,

56 3885 206 3943 convenirem
221 3884 263 3933 sed
274 3886 358 3934 iubere
367 3899 422 3932 cum
432 3883 514 3932 dativo
523 3883 564 3931 hic
595 3883 734 3933 formatum.
772 3883 885 3933 Roellius
906 3891 1002 3934 mutata
1021 3887 1105 3935 distin-

57 3949 123 4011 iungi
138 3953 211 4011 negat
229 3948 344 4010 Roschig.
360 3948 402 4010 qui
417 3950 488 3997 iussit
504 3949 562 3996 scri-
596 3949 677 3997 ctione
691 3949 745 3997 loeo
758 3948 879 3997 subveniri
891 3949 1105 4012 posseexistimat,

56 4016 102 4062 bus
119 4015 235 4076 relinqui,
250 4013 317 4061 idem
334 4012 399 4074 quod
415 4013 487 4061 iussit
504 4013 562 4060 scri·
595 4014 719 4075 quidficn'
730 4015 807 4087 aipnis
814 4015 885 4063 vetur
895 4015 1001 4076 tuamen
1011 4019 1104 4078 mugni-

57 4079 111 4126 bam
130 4079 277 4140 retorquere,
296 4077 359 4124 velis
381 4081 564 4150 consensitque
596 4078 698 4135 tudinis,
710 4075 766 4140 (Du
778 4083 834 4126 sunt
846 4082 891 4126 etc.

56 4139 114 4188 huic
132 4141 186 4189 loco
205 4141 371 4189 anacoluthon
388 4141 510 4201 quoddam
528 4154 562 4186 rn·
631 4155 640 4188 r
655 4141 800 4190 Constiterat
808 4144 870 4201 loco]
887 4143 952 4190 hdd.
961 4142 1043 4204 plures
1050 4159 1104 4191 con

58 4220 116 4262 esse,
127 4203 264 4254 cuiusmodi
276 4203 382 4265 plurima
392 4205 459 4265 apud
473 4208 564 4252 veteres
595 4206 718 4262 emmas,
731 4206 832 4254 subaud.
848 4221 945 4267 agmon,
957 4221 1015 4266 praa
1031 4221 1057 4253 se
1070 4207 1104 4254 t‘e·

58 4267 183 4330 scriptores
201 4269 317 4329 exempla
339 4267 503 4317 inveniuntur.
532 4267 562 4316 ct
597 4268 738 4329 runt‚quod
752 4268 857 4317 Bellen
869 4269 965 4318 retinet.
