2888 4768
346 210 410 273 256
732 200 847 270 ΤΙΤΙ
877 201 1013 270 LIVII

188 351 223 404 U.
235 352 266 404 c.
283 342 491 421 rescrimine,
509 341 650 408 desertos
668 339 795 406 volebat
811 340 929 407 socios:
953 339 1020 419 sed,
1040 361 1191 490 prospero
1210 359 1254 404 ex
1272 340 1400 406 temeri·

188 418 218 468 Δ·
235 419 264 468 ⁰·
284 431 338 469 ²¹²·
349 443 413 496 tate
428 429 523 494 unius
538 428 677 494 Romani
690 428 781 492 ducis
795 449 952 506 successu,
967 428 1002 492 in
1022 429 1150 493 aterius
1169 426 1266 492 ducis
1279 430 1400 492 exerci-

188 525 235 598 on.
248 523 306 599 pul-
349 529 462 603 tusque
485 515 684 604 opprimendi
707 514 903 580 occasionem
928 514 1122 580 imminebat
1168 513 1233 579 Cn.
1253 512 1400 578 Fulvium

189 603 243 702 Ἥ.
252 603 278 636 ¹¹¹
289 588 323 638 Α·
371 617 526 668 raetorem
541 601 643 690 Apuli
655 601 752 689 legati
767 601 966 678 nuntiabant,
982 602 1094 688 primo,
1109 599 1189 664 dum
1201 601 1301 666 urbes
1311 623 1401 688 qnas-

190 667 206 715 Ρ
242 668 265 702 ⁸⁴
348 627 423 756 dam
445 687 635 778 Apulorum,
656 711 738 776 quae
761 687 803 753 ad
823 687 1038 753 Hannibalern
1060 687 1284 766 descivissent,
1303 711 1401 776 oppu-

347 789 468 865 gnaret,
488 776 641 841 intentius
661 797 727 841 rem
747 775 865 862 egisse:
889 788 1000 862 postea
1017 774 1115 839 nimio
1136 797 1291 840 successu
1310 787 1345 839 et
1358 776 1401 862 ip-

348 886 419 930 sum
434 877 467 928 et
480 863 606 940 milites,
623 861 740 950 praeda
753 861 910 949 impletos,
926 862 961 925 in
975 875 1096 926 tantam
1110 860 1282 926 licentiam
1301 885 1401 926 socor-

349 950 499 1037 diamque
521 949 646 1026 effisos,
662 961 699 1014 ut
713 947 801 1013 nulla
815 947 983 1036 disciplina
1002 947 1131 1013 militiae
1147 961 1242 1012 emet.
1296 949 1401 1024 Quum

349 1059 443 1124 saepe
466 1035 550 1115 alias,
573 1052 641 1100 tum
664 1035 772 1123 paucis
794 1034 906 1100 diebus
928 1048 1002 1100 ante
1028 1047 1188 1122 expertia,
1213 1034 1325 1135 qualis
1350 1037 1401 1099 sub

282 1163 291 1180 ·
349 1123 450 1189 inscio
460 1123 542 1188 duce
554 1122 712 1189 exercitus
722 1135 813 1199 esset,
827 1121 860 1186 in
873 1121 1024 1209 Apuliam
1035 1137 1136 1187 castra
1147 1135 1261 1186 movit.
1314 1121 1402 1187 Circa

351 1209 556 1276 Herdoneam
582 1209 746 1274 Romanae
776 1208 917 1296 legiones
943 1222 976 1272 et
996 1220 1122 1296 praetor
1146 1207 1287 1274 Fulvius
1308 1225 1399 1274 erant.

353 1296 428 1373 Quo
443 1297 497 1362 ubi
510 1295 639 1361 allatum
654 1307 711 1372 est,
727 1294 833 1360 hostes
848 1294 1026 1372 adventare,
1042 1317 1140 1382 prope
1156 1308 1209 1359 est
1223 1295 1362 1372 factum,
1372 1309 1401 1360 ut

348 1383 471 1450 iniussu
483 1383 635 1471 praetoris
650 1381 747 1470 signis
761 1381 917 1447 convulsis
933 1381 966 1446 in
978 1381 1076 1446 aciem
1091 1382 1230 1446 exirent.
1274 1382 1351 1448 Nec
1362 1405 1402 1446 res

349 1469 414 1534 ulla
436 1469 535 1557 magis
557 1469 669 1546 tenuit,
688 1490 784 1555 quam
807 1491 877 1556 spes
894 1467 981 1532 hand
998 1468 1104 1545 dubia,
1123 1488 1181 1532 suo
1204 1468 1241 1533 id
1266 1471 1402 1542 arbitrio,

349 1556 404 1621 ubi
427 1555 554 1633 vellent,
581 1568 713 1620 acturos.
760 1553 865 1620 Nocte
892 1554 1072 1642 insequenti
1099 1553 1284 1634 Hannibal,
1309 1579 1402 1644 quum

350 1641 576 1707 tumultuatum
597 1643 631 1706 in
653 1642 770 1718 castris,
794 1655 827 1706 et
848 1641 1015 1729 plerosque
1036 1641 1193 1718 ferociter,
1216 1642 1242 1706 s'
1296 1667 1354 1708 um
1375 1659 1403 1707 nt

349 1728 448 1806 daret,
470 1729 618 1794 institisse
633 1728 709 1794 duci
728 1728 769 1792 ad
789 1750 876 1793 arma
892 1741 1040 1794 vocantes
1054 1728 1156 1804 sciret,
1172 1727 1242 1794 hau
1293 1730 1404 1796 dubius

349 1837 516 1904 prosperae
534 1837 660 1915 pugnae
676 1816 872 1881 occasionem
888 1814 966 1892 dari,
981 1814 1042 1879 tria
1061 1813 1160 1878 millia
1173 1816 1404 1902 expeditorum

350 1901 488 1968 militum
507 1903 542 1966 in
560 1901 642 1966 vrllis
661 1902 754 1980 circa,
774 1923 813 1966 ve
836 1901 984 1988 ribusque
1005 1914 1038 1965 et
1059 1899 1144 1965 silvis
1164 1900 1330 1989 disponit,
1346 1905 1403 1992 qni,

350 1988 441 2078 signo
455 1988 541 2066 dato,
553 1988 647 2053 simul
661 2011 771 2054 omnes
785 1923 946 2053 elatebris
959 1987 1149 2053 existerent:
1173 2002 1209 2053 et
1225 1988 1403 2080 Magonem

351 2099 388 2140 ac
402 2076 467 2141 duo
482 2075 579 2140 ferme
598 2073 697 2139 millia
709 2075 864 2163 equiturn,
880 2097 945 2162 qua
1038 2097 1068 2137 m
1088 2073 1324 2141 inclinaturam
1343 2101 1404 2143 cre·

351 2162 456 2240 debat,
473 2161 580 2228 omnia
589 2161 705 2226 itinera
715 2161 852 2226 insidere
867 2161 965 2227 iubet
1046 2161 1073 2225 is
1086 2175 1180 2226 nocte
1195 2165 1404 2252 praeparatis

193 2252 328 2330 abuma}
351 2249 454 2338 prima
467 2247 538 2314 lnce
553 2249 588 2313 in
603 2247 703 2313 aciem
717 2248 823 2336 copias
842 2247 958 2313 educit.
1005 2247 1077 2312 Nec
1091 2246 1223 2313 Fulvius
1238 2263 1294 2315 est
1312 2273 1405 2316 cunc·

192 2317 248 2428 {²⁸¹⁰
260 2333 333 2368 Μ’
353 2351 446 2414 tatus,
462 2358 527 2400 non
543 2351 608 2401 tarn
628 2357 685 2400 sua
699 2334 763 2400 ulla
777 2357 843 2422 spe,
858 2357 955 2422 quam
975 2333 1112 2399 militnm
1131 2334 1259 2422 impetu
1274 2336 1405 2403 fondo

205 2397 241 2431 ur.
350 2436 476 2487 tractus.
522 2420 635 2509 Itaque
650 2421 762 2487 eadem
778 2421 963 2500 temeritate,
975 2444 1040 2509 qua
1052 2443 1236 2522 processum
1250 2423 1291 2487 in
1306 2426 1405 2490 aciem

349 2522 407 2585 cst,
423 2508 590 2573 instruitur
603 2507 672 2595 ipsa
686 2507 769 2573 acics
782 2507 824 2572 ad
841 2507 1007 2573 libidinem
1021 2508 1158 2572 mrlitnm
1172 2508 1255 2573 forte
1273 2533 1405 2598 procur·

350 2594 488 2659 rentium
499 2595 812 2683 consistentiumque,
825 2617 890 2682 quo
899 2594 969 2660 loco
978 2595 1118 2682 ipsorum
1129 2594 1255 2660 tulisset
1266 2597 1403 2674 animus

350 2679 467 2744 deinde
477 2679 708 2767 perlibidinem
720 2695 774 2746 aut
783 2695 905 2746 metum
914 2681 1127 2747 deserentium
1136 2680 1253 2746 locum.
1298 2683 1405 2749 PrImr

350 2765 434 2854 legio
448 2779 483 2832 et
496 2767 621 2830 sinistra
634 2765 684 2831 ala
702 2767 737 2832 in
750 2769 854 2855 primo
868 2767 1047 2845 instructae,
1063 2781 1097 2833 et
1115 2767 1150 2832 in
1163 2766 1419 2856 longitudinem

351 2867 495 2941 porrecta
514 2852 606 2918 acies.
653 2851 873 2919 Clamantibus
894 2855 1038 2932 tribunis,
1058 2854 1157 2919 ‘nihil
1176 2856 1339 2922 introrsus
1359 2881 1404 2923 ro·

353 2948 363 2978 ‘
374 2941 459 3007 boris
473 2963 509 3005 sc
520 2939 634 3005 viriam
646 2961 724 3017 esse,
734 2954 776 3018 et,
786 2963 977 3029 quacunque
989 2941 1143 3029 impetum
1154 2940 1286 3008 fecisset
1296 2943 1402 3020 bostis,

353 3027 611 3116 ‘perrupturosr'
639 3025 730 3105 nihil,
753 3027 841 3113 quod
866 3027 1001 3093 salutare
1027 3041 1118 3106 esset,
1144 3051 1212 3093 non
1238 3030 1342 3097 modo
1368 3029 1403 3096 ad

352 3115 503 3192 animum,
520 3114 576 3179 sed
591 3136 632 3179 ne
647 3113 689 3178 ad
703 3135 794 3179 aures
828 3113 935 3178 uidem
950 3113 1168 3180 admittebant.
1214 3114 1261 3182 Et
1277 3115 1403 3184 Hanni·

352 3199 414 3279 bal,
429 3199 674 3289 haudquaquam
687 3200 797 3264 similis
805 3136 887 3279 dux,
899 3223 1005 3289 neque
1019 3201 1114 3266 simili
1128 3203 1287 3281 exercitu,
1300 3227 1401 3292 neque

352 3287 398 3352 its
411 3287 566 3352 instructo
580 3287 695 3353 aderat
742 3285 828 3375 Ergo
842 3309 884 3352 ne
899 3286 1068 3352 clamorem
1082 3288 1213 3375 quidem
1228 3303 1336 3378 atque
1349 3293 1403 3357 im·

352 3385 462 3460 petum
484 3373 622 3461 primum
641 3395 750 3438 eorum
769 3373 907 3438 Romani
929 3374 1114 3439 sustinuere.
1159 3373 1251 3455 Dux,
1270 3379 1401 3444 stultitia

353 3473 386 3524 et
397 3460 574 3525 temeritate
588 3459 747 3525 Centenio
756 3481 822 3550 par,
832 3459 937 3525 animo
947 3483 1147 3549 nequaquam
1158 3465 1400 3550 comparandus,

353 3546 409 3611 ubi
422 3569 490 3612 rem
510 3545 692 3611 inclinatam
712 3570 750 3611 ac
771 3546 964 3634 trepidantes
984 3569 1056 3613 suos
1071 3547 1158 3626 vidit,
1175 3571 1263 3637 equo
1279 3574 1352 3619 arre
1373 3569 1399 3616 to

353 3654 427 3698 cnm
438 3632 582 3699 ducentis
593 3633 691 3698 ferme
706 3633 866 3721 equitibus
880 3633 1008 3734 effugit:
1032 3648 1137 3700 cetera
1150 3658 1170 3699 a
1182 3635 1293 3703 fronte
1306 3663 1332 3728 p

353 3741 374 3783 a
387 3733 476 3807 tergo
491 3733 586 3808 atque
602 3719 659 3785 alis
674 3719 888 3784 circumventa
906 3743 998 3799 acres,
1014 3743 1054 3786 eo
1068 3743 1168 3809 usque
1184 3736 1235 3788 est
1250 3745 1357 3804 ωεειι,
1372 3738 1415 3790 ut⁴

387 3974 402 4023 3
418 3964 526 4014 Sinistra
539 3964 593 4024 ala]
621 3964 722 4014 Sooislis
741 3964 862 4014 exercitur
893 3969 1010 4028 tanquam
1021 3981 1122 4031 corpora
1131 3967 1244 4018 cirndsm
1260 3971 1361 4033 genai
1372 3978 1398 4019 m

355 4041 371 4074 a
390 4027 510 4076 Romanis
528 4027 681 4078 dividebatur
699 4029 724 4078 in
743 4030 793 4078 duo
810 4043 860 4078 cor-
893 4045 942 4092 que
952 4031 1049 4081 ordinis
1081 4032 1149 4082 Cave
1161 4030 1238 4094 igitur
1253 4033 1298 4083 bic
1314 4036 1399 4099 equits

356 4104 429 4153 pora:
446 4091 551 4142 alterurn
567 4093 726 4154 appellabant
738 4095 862 4144 &staram
894 4093 973 4143 intelli
1055 4095 1135 4145 Fuere
1145 4095 1327 4159 poditessocir'.
1350 4099 1398 4147 llid

355 4157 430 4214 alana
445 4156 549 4203 alterum
566 4158 698 4205 sinistram.
730 4157 819 4218 Itaque
836 4156 861 4205 id
894 4157 962 4221 nipe
990 4159 1071 4210 ertu.
1084 4160 1158 4209 Rom.
1169 4159 1195 4210 ii.
1208 4172 1229 4223 7.
1248 4162 1336 4214 (lm.

356 4217 407 4266 fere
418 4224 470 4266 erat
481 4219 523 4266 alu
532 4219 559 4268 in
573 4219 657 4268 sociali
668 4220 861 4283 exercituque
925 4240 941 4283 4
951 4225 974 4274 A
987 4231 1053 4286 torpa
1063 4229 1136 4287 atquo
1145 4225 1207 4287 alta]
1218 4227 1287 4277 arae
1297 4228 1341 4276 lric
1350 4237 1398 4278 mm

357 4280 589 4342 legiolnRomano.
623 4281 691 4330 Hinc
704 4282 784 4345 pn'ma
798 4283 862 4346 legio
894 4284 971 4336 latera
982 4286 1051 4337 aciei.
1069 4287 1150 4338 cm.

357 4348 382 4391 et
401 4343 497 4394 sinistra
515 4346 555 4393 ala
576 4345 624 4393 hoo
645 4346 699 4394 loco
720 4345 862 4408 iunguntur,
