2874 4772
343 211 440 278 LIB'.
462 211 592 278 XXVL
626 211 737 279 CAP.
764 220 792 280 9.
1032 221 1094 282 291

92 343 265 424 Hannibal,
293 370 358 436 qno
381 347 435 413 die
460 347 657 414 Vulturnum
685 360 734 414 est
762 361 980 438 transgressus,
1007 349 1094 416 haud
1105 361 1180 411 Μ.
1192 377 1247 424 54¹·

43 432 158 532 procul
178 433 342 498 allumine
360 448 461 499 cestra
477 436 590 523 posuit.
636 434 768 500 Postero
787 436 841 501 die
858 449 983 524 praeter
999 436 1094 504 Cales
1103 427 1133 476 Δ·
1151 427 1181 476 ⁰·
1193 441 1248 478 ²¹¹·

42 541 83 582 1n
98 541 207 606 agnun
230 519 405 586 Sidicinum
420 521 572 610 pervenit.
618 521 668 586 Ibi
683 521 769 586 diem
789 545 889 588 unum
909 524 1093 611 populando
1163 493 1191 555 9·

14 619 196 684 smoratus,
274 629 290 670 r
331 607 522 673 Suessanum
559 607 734 673 Allifanum
757 633 798 674 ue
838 621 871 674 et
910 609 1094 676 Casinatem

40 715 158 780 agrum
169 693 220 757 via
284 694 456 760 tinaducit.
505 693 571 759 Sub
588 693 743 760 Casinum
777 695 853 760 iduo
864 697 976 761 stativa
985 696 1094 763 habita

40 793 81 844 et
95 780 210 866 passim
229 779 449 867 populationes
465 779 575 846 factae.
622 778 713 859 Inde,
729 794 857 869 praeter
878 782 1093 849 Interamnam

40 865 290 952 Aquinumque,
316 867 351 930 in
377 865 599 954 Fregellanum
623 889 733 954 agrum
762 868 803 932 ad
833 867 935 934 Lirim
960 869 1092 934 fluvium

39 964 198 1016 ventum:
230 953 286 1016 ubi
310 951 494 1018 intercisum
562 967 650 1018 ntem
676 976 696 1018 a
724 953 917 1041 Fregellanis
948 955 1093 1020 morandi

39 1038 170 1103 itineris
198 1061 291 1103 causa
319 1039 448 1104 invenit.
526 1055 539 1104 t
568 1039 715 1105 Fulvium
740 1039 920 1106 Vulturnus
948 1055 1093 1108 tenuerat

12 1125 159 1202 aemuia,
171 1125 302 1190 navibus
313 1127 353 1190 ab
365 1124 546 1191 Hannibale
561 1126 708 1203 incensis,
718 1139 800 1192 rates
815 1127 856 1192 ad
871 1127 1093 1194 traiiciendum

40 1211 233 1289 exercitum,
247 1211 281 1275 in
301 1233 416 1299 magna
432 1212 540 1300 inopia
559 1212 718 1288 materiae,
734 1236 826 1314 aegre
847 1236 917 1279 com
941 1229 1090 1280 arantem.

41 1297 196 1363 Treiecto
213 1298 331 1364 ratibus
345 1299 497 1377 exercitu,
513 1297 673 1386 reliquum
693 1298 806 1365 Fulv1o
820 1323 901 1388 expe
927 1302 1006 1366 'tum
1020 1302 1091 1379 iter,

39 1407 114 1448 non
142 1405 200 1470 per
229 1384 321 1450 urbes
345 1385 450 1463 modo,
474 1385 531 1450 sed
553 1386 638 1451 circa
659 1385 752 1464 viam,
776 1387 928 1475 expositis
953 1388 1092 1475 benigne

39 1470 284 1549 commeatibus,
299 1485 383 1536 erat:
408 1471 587 1559 alacresque
599 1472 715 1538 milites
729 1471 809 1538 aliua
823 1473 929 1551 alium,
945 1487 981 1540 ut
995 1474 1093 1540 adde·

39 1569 96 1622 ret
118 1557 262 1644 gradum,
289 1579 410 1622 memor
432 1558 473 1648 ad
494 1559 728 1625 defendendam
751 1561 797 1626 ire
821 1561 963 1648 patriam,
986 1561 1093 1626 hortau

40 1645 171 1710 bantur.
218 1643 354 1708 Romam
384 1643 586 1732 Fregellanus
615 1647 756 1724 nuntius,
784 1647 870 1712 diem
899 1663 1091 1734 noctemque

39 1731 161 1796 itinere
177 1731 371 1807 continuato,
386 1731 548 1818 ingentem
568 1733 674 1798 attulit
693 1745 853 1798 terrorem.
900 1733 1093 1799 Tumultua-

39 1819 122 1893 sius‚
135 1839 230 1903 quam
242 1817 371 1882 allatum
382 1831 459 1894 erat,
472 1841 581 1883 cursus
595 1819 771 1897 hominum,
783 1821 1000 1907 allingentium
1012 1843 1094 1884 vana

40 1903 174 1980 auditis,
190 1915 288 1969 totam
310 1903 420 1969 urbem
440 1905 626 1970 conciverat
672 1904 818 1970 Ploratus
838 1906 1007 1970 mulierum
1027 1926 1235 1976 nonTumultus

40 2011 88 2056 ex
103 1990 232 2076 privatis
247 1989 348 2055 solum
362 1989 508 2055 domibus
528 1991 776 2067 exaudiebatur3
799 1990 855 2055 sed
869 1991 1012 2078 undique
1027 2015 1091 2057 ma·
1103 1991 1206 2040 RQ·

40 2091 168 2154 aronae,
184 2077 218 2140 in
232 2076 393 2164 publicum
409 2077 536 2153 effusae,
551 2077 636 2141 circa
649 2078 744 2142 deum
759 2076 892 2141 delubra
902 2077 1092 2157 discmnmt,

40 2163 189 2229 crinibus
202 2163 300 2250 passis
314 2185 381 2228 aras
395 2175 565 2241 vementes,
580 2163 666 2228 nisae
680 2164 824 2251 genibus,
840 2164 967 2251 supinas
982 2186 1094 2230 manus

40 2249 352 2316 adcoelumacdeos
362 2249 537 2327 tendentes,
545 2261 785 2337 omntesque,ut
793 2250 903 2314 urbem
914 2249 1094 2316 Romanam

41 2361 62 2403 e
76 2336 224 2402 manibus
233 2337 369 2402 hostium
382 2337 554 2424 eriperent;
579 2349 755 2424 matresque
768 2335 928 2401 Romanas
938 2350 970 2401 et
979 2336 1093 2402 liberos

41 2445 163 2513 parvos
176 2423 341 2489 inviolatos
360 2435 527 2489 servarent.
576 2423 710 2489 Senatus
730 2423 962 2524 magistratibus
976 2423 1010 2488 in
1023 2424 1093 2490 foro

41 2523 175 2600 praesto
189 2524 246 2587 est,
262 2510 382 2598 siquid
401 2509 564 2576 consulere
578 2509 686 2575 velint
733 2509 801 2573 Ali1
818 2509 977 2597 accipiunt
992 2511 1094 2598 impe-

41 2599 103 2673 ria,
129 2595 358 2684 disceduntque
381 2597 421 2662 ad
447 2620 518 2662 suas
539 2597 673 2684 quisque
695 2597 869 2661 officiorum
891 2611 1011 2685 partes:
1039 2597 1093 2663 alii

42 2685 189 2750 offerunt
210 2706 252 2761 se,
271 2684 298 2748 si
317 2707 382 2770 quo
401 2707 476 2750 usus
495 2707 607 2772 operae
628 2683 676 2748 sit
722 2682 883 2748 Praesidia
904 2684 939 2748 in
958 2707 1039 2762 arce,
1058 2685 1092 2749 in

45 2769 224 2858 Capitolio,
244 2771 279 2834 in
300 2771 406 2849 muris,
422 2771 505 2836 circa
524 2772 645 2849 urbem,
666 2771 700 2835 in
719 2783 828 2836 monte
848 2771 944 2836 etiam
965 2770 1093 2836 Albano

42 2881 64 2923 a
103 2877 147 2921 ue
162 2879 232 2922 arce
248 2857 409 2922 Aesulana
422 2871 592 2945 ponuntur.
639 2856 727 2921 Inter
741 2858 828 2922 hune
849 2857 1031 2936 tumultum,
1049 2858 1091 2932 Q„

44 2944 98 3008 Fu
111 2943 200 3007 vium
225 2944 445 3031 proconsulem
470 2944 646 3031 profectum
671 2965 745 3008 cum
768 2943 911 3008 exercitu
936 2967 956 3008 a
980 2943 1094 3031 Capua

20 3065 33 3099 1
46 3031 199 3108 affertur3
222 3031 274 3095 cui
287 3053 329 3096 ne
344 3031 539 3095 minueretur
549 3029 726 3118 imperium,
738 3029 764 3094 si
777 3029 813 3093 in
824 3029 935 3092 urbem
946 3029 1093 3107 venisset,

45 3117 196 3182 decernit
209 3129 345 3195 scamus,
357 3129 394 3181 ut
407 3117 448 3191 Q.
459 3115 571 3181 Fulvio
582 3137 639 3203 par
650 3137 723 3181 cum
734 3113 914 3180 consulibus
925 3115 1095 3202 imperium

45 3217 142 3268 emet.
197 3202 369 3281 Hannibal,
398 3202 542 3268 infestius
569 3202 776 3290 perpopulato
805 3223 880 3288 agro
909 3200 1094 3288 Fregellano

45 3313 108 3378 pro
133 3302 183 3356 ter
195 3290 357 3356 intercisos
370 3304 493 3378 pontes,
550 3289 777 3353 rFrusinatem
795 3287 1094 3388 Ferentinatemque

47 3391 83 3441 et
157 3376 308 3464 agninum
328 3399 439 3464 agrum
458 3375 492 3440 in
508 3311 710 3441 {vicanum
729 3375 825 3440 venit.
872 3373 954 3439 Inde
975 3374 1017 3440 Al
1051 3374 1095 3440 do

48 3462 229 3528 Tusculum
249 3464 358 3615 guita
381 3485 442 3528 nec
459 3477 604 3564 receptus
625 3462 799 3538 moenibus,
817 3461 899 3526 infra
918 3461 1026 3526 Tuscu
1040 3485 1096 3526 um

21 3549 235 3616 adextrorsus
284 3550 370 3615 abios
388 3549 561 3615 descendlt.
607 3548 689 3614 lnde
709 3548 743 3612 in
762 3547 933 3636 Pupiniam
953 3549 1096 3613 exercitu

46 3785 243 3848 uniuscuiusque
257 3785 322 3835 iubis
333 3785 398 3834 cives
411 3801 480 3835 suam
497 3800 558 3834 rem-
590 3789 619 3833 ut
630 3783 736 3834 Crevier.
747 3789 838 3834 monet

47 3849 179 3914 publicam
191 3865 234 3912 per
249 3865 275 3899 sa
291 3851 338 3913 ipsi
354 3856 466 3900 tenerent
478 3865 508 3898 ao
520 3855 557 3898 tu·
622 3865 638 3914 9
654 3851 730 3899 Ratae
740 3850 773 3896 ad
783 3851 965 3909 troiieiendam]
982 3849 1097 3913 Intellige

47 3915 98 3963 tari
110 3919 218 3976 ponent.
234 3915 314 3964 Cass.
590 3913 712 3977 tignorum
728 3913 791 3961 inter
807 3929 833 3962 se
848 3913 986 3962 iunctorum
1003 3915 1096 3965 seriem.

84 3979 100 4027 Β
119 3979 350 4038 Persuasum]
375 3979 415 4028 Ita
431 3977 560 4027 Cluverius
592 3977 676 4027 Dosa

48 4057 97 4106 pro
110 4043 176 4106 vulg.
187 4043 333 4092 ammaum.
366 4043 454 4092 Suessa
464 4043 560 4090 Aurun-
627 4057 637 4089 1
657 4043 704 4090 Oui
722 4057 754 4092 ns
771 4043 936 4103 minueretur]
964 4044 1097 4092 Proconsu-

48 4123 82 4156 ea
99 4111 138 4156 est
154 4107 223 4156 iuxta
239 4107 351 4156 bunnam
363 4106 436 4166 viam,
448 4106 560 4168 paullum
593 4106 642 4154 lem
659 4105 724 4153 enim
740 4121 799 4166 non,
809 4106 855 4155 nisi
866 4113 936 4154 extra
949 4109 1043 4166 urbem,
1054 4108 1097 4154 im-

48 4173 120 4220 ultra
137 4171 255 4234 oppidum
266 4172 339 4222 Cales
350 4173 456 4220 Romam
472 4183 560 4218 remus.
593 4167 687 4231 perium
698 4169 811 4219 habuisse
821 4177 905 4219 monet
916 4170 997 4234 Sigon.

48 4235 148 4285 Allifae
159 4241 228 4284 mant
238 4236 336 4297 quidem
348 4237 379 4284 ad
391 4237 486 4284 hevam
501 4233 560 4280 Vul-
626 4249 639 4281 a
651 4235 840 4296 InPupa'niom]
855 4235 958 4296 supple,
969 4232 1098 4293 regionem,

49 4299 138 4348 turni:
156 4301 308 4349 wdlonaase
324 4315 381 4362 ager
391 4297 514 4349 Allifanus
529 4297 562 4344 ad
594 4311 627 4346 se.
646 4296 671 4344 in
693 4311 778 4359 agrum
800 4298 922 4359 Pupiniae
944 4297 1028 4354 tribua,
1049 4295 1099 4342 aive

49 4365 169 4412 dextram
184 4379 282 4427 quoque
297 4363 375 4426 ripam
395 4363 562 4424 pertendebat,
595 4360 778 4423 Pupiniensem.
815 4361 911 4410 Eodem
930 4360 1006 4482 plane
1027 4359 1099 4404 modo
