<?xml version="1.0" encoding="UTF-8"?>
<!DOCTYPE html PUBLIC "-//W3C//DTD XHTML 1.0 Transitional//EN"
    "http://www.w3.org/TR/xhtml1/DTD/xhtml1-transitional.dtd">
<html xmlns="http://www.w3.org/1999/xhtml" xml:lang="en" lang="en">
 <head>
  <title>
</title>
<meta http-equiv="Content-Type" content="text/html;charset=utf-8" />
  <meta name='ocr-system' content='tesseract 3.04.00' />
  <meta name='ocr-capabilities' content='ocr_page ocr_carea ocr_par ocr_line ocrx_word'/>
</head>
<body>
  <div class='ocr_page' id='page_1' title='image "./tliviipatavinih00kreygoog_0364.png"; bbox 0 0 2874 4772; ppageno 0'>
   <div class='ocr_carea' id='block_1_1' title="bbox 331 239 1100 310">
    <p class='ocr_par' dir='ltr' id='par_1_1' title="bbox 331 239 1100 310">
     <span class='ocr_line' id='line_1_1' title="bbox 331 239 1100 310; baseline 0.003 -4"><span class='ocrx_word' id='word_1_1' title='bbox 331 241 428 307; x_wconf 89' lang='lat' dir='ltr'><strong>LIB.</strong></span> <span class='ocrx_word' id='word_1_2' title='bbox 452 239 600 308; x_wconf 88' lang='lat' dir='ltr'><strong>XXVlL</strong></span> <span class='ocrx_word' id='word_1_3' title='bbox 631 241 742 308; x_wconf 87' lang='lat' dir='ltr'><strong>CAP.</strong></span> <span class='ocrx_word' id='word_1_4' title='bbox 769 249 818 308; x_wconf 93' lang='lat' dir='ltr'><strong>ll.</strong></span> <span class='ocrx_word' id='word_1_5' title='bbox 1037 247 1100 310; x_wconf 83' lang='grc'><strong>353</strong></span> 
     </span>
    </p>
   </div>
   <div class='ocr_carea' id='block_1_2' title="bbox 8 372 1257 3574">
    <p class='ocr_par' dir='ltr' id='par_1_2' title="bbox 8 372 1257 2451">
     <span class='ocr_line' id='line_1_2' title="bbox 37 372 1257 463; baseline 0.007 -25"><span class='ocrx_word' id='word_1_6' title='bbox 37 372 96 438; x_wconf 93' lang='grc' dir='ltr'><strong>Μ.</strong></span> <span class='ocrx_word' id='word_1_7' title='bbox 118 373 271 440; x_wconf 85' lang='lat' dir='ltr'><strong>Sextilius</strong></span> <span class='ocrx_word' id='word_1_8' title='bbox 286 373 490 463; x_wconf 78' lang='lat' dir='ltr'><strong>Fregellanus</strong></span> <span class='ocrx_word' id='word_1_9' title='bbox 504 376 686 462; x_wconf 78' lang='lat' dir='ltr'><strong>respondit:</strong></span> <span class='ocrx_word' id='word_1_10' title='bbox 712 385 766 442; x_wconf 88' lang='lat' dir='ltr'><strong>‘et</strong></span> <span class='ocrx_word' id='word_1_11' title='bbox 780 377 895 442; x_wconf 86' lang='lat' dir='ltr'><strong>milites</strong></span> <span class='ocrx_word' id='word_1_12' title='bbox 910 399 951 442; x_wconf 86' lang='lat' dir='ltr'><strong>ex</strong></span> <span class='ocrx_word' id='word_1_13' title='bbox 966 377 1101 442; x_wconf 73' lang='lat' dir='ltr'><strong>formula</strong></span> <span class='ocrx_word' id='word_1_14' title='bbox 1110 395 1143 446; x_wconf 82' lang='lat' dir='ltr'><strong>U.</strong></span> <span class='ocrx_word' id='word_1_15' title='bbox 1156 397 1185 447; x_wconf 87' lang='lat' dir='ltr'><strong>c.</strong></span> <span class='ocrx_word' id='word_1_16' title='bbox 1202 411 1257 460; x_wconf 80' lang='lat'><strong>543·</strong></span> 
     </span>
     <span class='ocr_line' id='line_1_3' title="bbox 38 462 1256 551; baseline 0 -25"><span class='ocrx_word' id='word_1_17' title='bbox 38 469 52 498; x_wconf 93' lang='lat'>‘</span> <span class='ocrx_word' id='word_1_18' title='bbox 66 474 197 548; x_wconf 88' lang='lat' dir='ltr'><strong>paratos</strong></span> <span class='ocrx_word' id='word_1_19' title='bbox 222 484 310 526; x_wconf 89' lang='lat' dir='ltr'><strong>esse:</strong></span> <span class='ocrx_word' id='word_1_20' title='bbox 338 481 380 538; x_wconf 87' lang='lat' dir='ltr'><strong>et,</strong></span> <span class='ocrx_word' id='word_1_21' title='bbox 404 463 430 526; x_wconf 87' lang='lat' dir='ltr'><strong>si</strong></span> <span class='ocrx_word' id='word_1_22' title='bbox 452 462 594 548; x_wconf 91' lang='lat' dir='ltr'><strong>pluribus</strong></span> <span class='ocrx_word' id='word_1_23' title='bbox 616 485 636 528; x_wconf 97' lang='lat' dir='ltr'><strong>o</strong></span> <span class='ocrx_word' id='word_1_24' title='bbox 658 485 696 527; x_wconf 92' lang='lat' dir='ltr'><strong>us</strong></span> <span class='ocrx_word' id='word_1_25' title='bbox 717 480 808 542; x_wconf 85' lang='lat' dir='ltr'><strong>esset,</strong></span> <span class='ocrx_word' id='word_1_26' title='bbox 823 464 930 551; x_wconf 84' lang='lat' dir='ltr'><strong>plures</strong></span> <span class='ocrx_word' id='word_1_27' title='bbox 948 462 1139 530; x_wconf 67' lang='lat' dir='ltr'><strong>daturosrl·</strong></span> <span class='ocrx_word' id='word_1_28' title='bbox 1156 463 1186 536; x_wconf 79' lang='lat'><strong>,0·</strong></span> <span class='ocrx_word' id='word_1_29' title='bbox 1202 475 1256 526; x_wconf 75' lang='lat'><strong>²09·</strong></span> 
     </span>
     <span class='ocr_line' id='line_1_4' title="bbox 38 485 1231 638; baseline 0.003 -26"><span class='ocrx_word' id='word_1_30' title='bbox 38 556 52 585; x_wconf 94' lang='lat'>‘</span> <span class='ocrx_word' id='word_1_31' title='bbox 66 561 114 624; x_wconf 85' lang='lat' dir='ltr'><strong>et,</strong></span> <span class='ocrx_word' id='word_1_32' title='bbox 130 547 286 635; x_wconf 86' lang='lat' dir='ltr'><strong>quicquid</strong></span> <span class='ocrx_word' id='word_1_33' title='bbox 303 547 390 614; x_wconf 90' lang='lat' dir='ltr'><strong>aliud</strong></span> <span class='ocrx_word' id='word_1_34' title='bbox 407 549 578 634; x_wconf 82' lang='lat' dir='ltr'>imperaret</span> <span class='ocrx_word' id='word_1_35' title='bbox 590 485 751 636; x_wconf 70' lang='lat' dir='ltr'><strong>radetque</strong></span> <span class='ocrx_word' id='word_1_36' title='bbox 770 551 906 638; x_wconf 88' lang='lat' dir='ltr'><strong>populus</strong></span> <span class='ocrx_word' id='word_1_37' title='bbox 923 551 1097 630; x_wconf 87' lang='lat' dir='ltr'><strong>Romanus,</strong></span> <span class='ocrx_word' id='word_1_38' title='bbox 1107 525 1231 638; x_wconf 49' lang='lat' dir='ltr'><strong>ssessffiffi</strong></span> 
     </span>
     <span class='ocr_line' id='line_1_5' title="bbox 38 633 1171 724; baseline 0.004 -27"><span class='ocrx_word' id='word_1_39' title='bbox 38 642 53 672; x_wconf 91' lang='lat'>‘</span> <span class='ocrx_word' id='word_1_40' title='bbox 66 635 168 698; x_wconf 85' lang='lat' dir='ltr'><strong>enixe</strong></span> <span class='ocrx_word' id='word_1_41' title='bbox 187 635 333 700; x_wconf 83' lang='lat' dir='ltr'><strong>facturos</strong></span> <span class='ocrx_word' id='word_1_42' title='bbox 379 634 435 698; x_wconf 92' lang='lat' dir='ltr'><strong>Ad</strong></span> <span class='ocrx_word' id='word_1_43' title='bbox 459 633 493 698; x_wconf 95' lang='lat' dir='ltr'><strong>id</strong></span> <span class='ocrx_word' id='word_1_44' title='bbox 511 635 571 698; x_wconf 86' lang='lat' dir='ltr'>sibi</span> <span class='ocrx_word' id='word_1_45' title='bbox 593 658 699 722; x_wconf 89' lang='lat' dir='ltr'><strong>neque</strong></span> <span class='ocrx_word' id='word_1_46' title='bbox 719 659 796 724; x_wconf 90' lang='lat' dir='ltr'><strong>opes</strong></span> <span class='ocrx_word' id='word_1_47' title='bbox 814 637 934 715; x_wconf 78' lang='lat' dir='ltr'>deesse,</span> <span class='ocrx_word' id='word_1_48' title='bbox 955 638 1097 704; x_wconf 89' lang='lat' dir='ltr'><strong>animum</strong></span> <span class='ocrx_word' id='word_1_49' title='bbox 1107 659 1171 702; x_wconf 79' lang='lat' dir='ltr'><strong>sunt.</strong></span> 
     </span>
     <span class='ocr_line' id='line_1_6' title="bbox 36 719 1096 811; baseline 0.004 -27"><span class='ocrx_word' id='word_1_50' title='bbox 36 731 53 759; x_wconf 92' lang='lat'>‘</span> <span class='ocrx_word' id='word_1_51' title='bbox 67 721 169 785; x_wconf 92' lang='lat' dir='ltr'><strong>etiam</strong></span> <span class='ocrx_word' id='word_1_52' title='bbox 192 721 374 808; x_wconf 65' lang='lat' dir='ltr'><strong>superesse!</strong></span> <span class='ocrx_word' id='word_1_53' title='bbox 420 719 586 798; x_wconf 83' lang='lat' dir='ltr'><strong>Consules,</strong></span> <span class='ocrx_word' id='word_1_54' title='bbox 610 720 669 786; x_wconf 85' lang='lat' dir='ltr'><strong>sibi</strong></span> <span class='ocrx_word' id='word_1_55' title='bbox 689 745 802 810; x_wconf 83' lang='lat' dir='ltr'><strong>pamm</strong></span> <span class='ocrx_word' id='word_1_56' title='bbox 822 723 934 802; x_wconf 86' lang='lat' dir='ltr'><strong>videri,</strong></span> <span class='ocrx_word' id='word_1_57' title='bbox 953 725 1096 811; x_wconf 84' lang='lat' dir='ltr'><strong>praefati,</strong></span> 
     </span>
     <span class='ocr_line' id='line_1_7' title="bbox 35 807 1097 895; baseline 0.005 -25"><span class='ocrx_word' id='word_1_58' title='bbox 35 829 106 895; x_wconf 92' lang='lat' dir='ltr'><strong>pro</strong></span> <span class='ocrx_word' id='word_1_59' title='bbox 123 808 236 872; x_wconf 89' lang='lat' dir='ltr'><strong>merito</strong></span> <span class='ocrx_word' id='word_1_60' title='bbox 247 829 367 884; x_wconf 86' lang='lat' dir='ltr'><strong>eorum,</strong></span> <span class='ocrx_word' id='word_1_61' title='bbox 380 830 437 872; x_wconf 89' lang='lat' dir='ltr'><strong>sua</strong></span> <span class='ocrx_word' id='word_1_62' title='bbox 450 829 527 872; x_wconf 89' lang='lat' dir='ltr'><strong>voce</strong></span> <span class='ocrx_word' id='word_1_63' title='bbox 542 807 712 873; x_wconf 84' lang='lat' dir='ltr'><strong>collaudari</strong></span> <span class='ocrx_word' id='word_1_64' title='bbox 727 831 791 886; x_wconf 89' lang='lat' dir='ltr'><strong>eos,</strong></span> <span class='ocrx_word' id='word_1_65' title='bbox 805 810 864 874; x_wconf 89' lang='lat' dir='ltr'><strong>nisi</strong></span> <span class='ocrx_word' id='word_1_66' title='bbox 881 810 1019 874; x_wconf 87' lang='lat' dir='ltr'><strong>universi</strong></span> <span class='ocrx_word' id='word_1_67' title='bbox 1035 810 1097 875; x_wconf 90' lang='lat' dir='ltr'><strong>Pa-</strong></span> 
     </span>
     <span class='ocr_line' id='line_1_8' title="bbox 37 893 1095 982; baseline 0.004 -24"><span class='ocrx_word' id='word_1_68' title='bbox 37 907 114 958; x_wconf 86' lang='lat' dir='ltr'><strong>tres</strong></span> <span class='ocrx_word' id='word_1_69' title='bbox 129 893 168 957; x_wconf 90' lang='lat' dir='ltr'><strong>iia</strong></span> <span class='ocrx_word' id='word_1_70' title='bbox 181 893 216 958; x_wconf 90' lang='lat' dir='ltr'><strong>in</strong></span> <span class='ocrx_word' id='word_1_71' title='bbox 231 893 319 959; x_wconf 90' lang='lat' dir='ltr'><strong>curia</strong></span> <span class='ocrx_word' id='word_1_72' title='bbox 332 894 447 980; x_wconf 88' lang='lat' dir='ltr'><strong>gratias</strong></span> <span class='ocrx_word' id='word_1_73' title='bbox 461 894 609 980; x_wconf 79' lang='lat' dir='ltr'><strong>egissent,</strong></span> <span class='ocrx_word' id='word_1_74' title='bbox 621 895 712 982; x_wconf 89' lang='lat' dir='ltr'><strong>sequi</strong></span> <span class='ocrx_word' id='word_1_75' title='bbox 726 895 760 959; x_wconf 92' lang='lat' dir='ltr'><strong>in</strong></span> <span class='ocrx_word' id='word_1_76' title='bbox 772 909 917 961; x_wconf 91' lang='lat' dir='ltr'><strong>senatum</strong></span> <span class='ocrx_word' id='word_1_77' title='bbox 928 897 1095 962; x_wconf 83' lang='lat' dir='ltr'><strong>iusserunt</strong></span> 
     </span>
     <span class='ocr_line' id='line_1_9' title="bbox 40 979 1096 1067; baseline 0.005 -24"><span class='ocrx_word' id='word_1_78' title='bbox 40 979 198 1058; x_wconf 89' lang='lat' dir='ltr'><strong>Senatus,</strong></span> <span class='ocrx_word' id='word_1_79' title='bbox 214 1003 309 1067; x_wconf 91' lang='lat' dir='ltr'><strong>quam</strong></span> <span class='ocrx_word' id='word_1_80' title='bbox 324 994 448 1066; x_wconf 88' lang='lat' dir='ltr'><strong>poterat</strong></span> <span class='ocrx_word' id='word_1_81' title='bbox 462 979 703 1045; x_wconf 81' lang='lat' dir='ltr'><strong>honoratissimo</strong></span> <span class='ocrx_word' id='word_1_82' title='bbox 718 981 847 1047; x_wconf 88' lang='lat' dir='ltr'><strong>decreto</strong></span> <span class='ocrx_word' id='word_1_83' title='bbox 862 982 1018 1048; x_wconf 89' lang='lat' dir='ltr'><strong>allocutus</strong></span> <span class='ocrx_word' id='word_1_84' title='bbox 1031 1005 1096 1061; x_wconf 89' lang='lat' dir='ltr'><strong>eos,</strong></span> 
     </span>
     <span class='ocr_line' id='line_1_10' title="bbox 37 1066 1095 1170; baseline 0.004 -39"><span class='ocrx_word' id='word_1_85' title='bbox 37 1066 182 1131; x_wconf 88' lang='lat' dir='ltr'><strong>mandat</strong></span> <span class='ocrx_word' id='word_1_86' title='bbox 195 1066 387 1143; x_wconf 89' lang='lat' dir='ltr'><strong>consulibus,</strong></span> <span class='ocrx_word' id='word_1_87' title='bbox 401 1079 436 1131; x_wconf 91' lang='lat' dir='ltr'><strong>ut</strong></span> <span class='ocrx_word' id='word_1_88' title='bbox 451 1066 491 1130; x_wconf 86' lang='lat' dir='ltr'><strong>ad</strong></span> <span class='ocrx_word' id='word_1_89' title='bbox 502 1067 656 1154; x_wconf 91' lang='lat' dir='ltr'><strong>populum</strong></span> <span class='ocrx_word' id='word_1_90' title='bbox 668 1091 797 1167; x_wconf 92' lang='lat' dir='ltr'><strong>quoque</strong></span> <span class='ocrx_word' id='word_1_91' title='bbox 809 1091 863 1134; x_wconf 87' lang='lat' dir='ltr'><strong>eos</strong></span> <span class='ocrx_word' id='word_1_92' title='bbox 873 1069 1095 1170; x_wconf 82' lang='lat' dir='ltr'><strong>producerent,</strong></span> 
     </span>
     <span class='ocr_line' id='line_1_11' title="bbox 38 1151 1097 1243; baseline 0.002 -25"><span class='ocrx_word' id='word_1_93' title='bbox 38 1167 80 1218; x_wconf 90' lang='lat' dir='ltr'><strong>et</strong></span> <span class='ocrx_word' id='word_1_94' title='bbox 101 1153 186 1218; x_wconf 90' lang='lat' dir='ltr'><strong>inter</strong></span> <span class='ocrx_word' id='word_1_95' title='bbox 202 1152 302 1218; x_wconf 88' lang='lat' dir='ltr'><strong>multa</strong></span> <span class='ocrx_word' id='word_1_96' title='bbox 316 1153 378 1217; x_wconf 87' lang='lat' dir='ltr'><strong>alia</strong></span> <span class='ocrx_word' id='word_1_97' title='bbox 396 1151 565 1241; x_wconf 84' lang='lat' dir='ltr'><strong>praeclara,</strong></span> <span class='ocrx_word' id='word_1_98' title='bbox 581 1174 662 1239; x_wconf 89' lang='lat' dir='ltr'><strong>quae</strong></span> <span class='ocrx_word' id='word_1_99' title='bbox 682 1154 758 1240; x_wconf 83' lang='lat' dir='ltr'><strong>ipsis</strong></span> <span class='ocrx_word' id='word_1_100' title='bbox 777 1155 1012 1243; x_wconf 78' lang='lat' dir='ltr'><strong>maioribusque</strong></span> <span class='ocrx_word' id='word_1_101' title='bbox 1032 1157 1097 1220; x_wconf 88' lang='lat' dir='ltr'><strong>suis</strong></span> 
     </span>
     <span class='ocr_line' id='line_1_12' title="bbox 69 1239 1096 1330; baseline 0.004 -27"><span class='ocrx_word' id='word_1_102' title='bbox 69 1239 287 1317; x_wconf 86' lang='lat' dir='ltr'><strong>raestitisseut,</strong></span> <span class='ocrx_word' id='word_1_103' title='bbox 314 1261 425 1304; x_wconf 85' lang='lat' dir='ltr'><strong>recens</strong></span> <span class='ocrx_word' id='word_1_104' title='bbox 450 1240 547 1304; x_wconf 89' lang='lat' dir='ltr'><strong>etiam</strong></span> <span class='ocrx_word' id='word_1_105' title='bbox 576 1239 724 1304; x_wconf 90' lang='lat' dir='ltr'><strong>meritum</strong></span> <span class='ocrx_word' id='word_1_106' title='bbox 750 1263 861 1306; x_wconf 90' lang='lat' dir='ltr'><strong>eorum</strong></span> <span class='ocrx_word' id='word_1_107' title='bbox 887 1242 921 1306; x_wconf 95' lang='lat' dir='ltr'><strong>in</strong></span> <span class='ocrx_word' id='word_1_108' title='bbox 946 1243 1096 1330; x_wconf 89' lang='lat' dir='ltr'><strong>rempub-</strong></span> 
     </span>
     <span class='ocr_line' id='line_1_13' title="bbox 8 1262 1097 1394; baseline 0.007 -8"><span class='ocrx_word' id='word_1_109' title='bbox 8 1262 144 1390; x_wconf 81' lang='lat' dir='ltr'><strong>6licam</strong></span> <span class='ocrx_word' id='word_1_110' title='bbox 158 1339 449 1390; x_wconf 74' lang='lat' dir='ltr'><strong>commemorarent.</strong></span> <span class='ocrx_word' id='word_1_111' title='bbox 496 1324 549 1390; x_wconf 90' lang='lat' dir='ltr'><strong>Ne</strong></span> <span class='ocrx_word' id='word_1_112' title='bbox 563 1347 650 1390; x_wconf 89' lang='lat' dir='ltr'><strong>nuno</strong></span> <span class='ocrx_word' id='word_1_113' title='bbox 687 1325 796 1391; x_wconf 91' lang='lat' dir='ltr'><strong>uidem</strong></span> <span class='ocrx_word' id='word_1_114' title='bbox 859 1341 953 1393; x_wconf 79' lang='lat' dir='ltr'><strong>attat</strong></span> <span class='ocrx_word' id='word_1_115' title='bbox 972 1329 1097 1394; x_wconf 83' lang='lat' dir='ltr'><strong>saecula</strong></span> 
     </span>
     <span class='ocr_line' id='line_1_14' title="bbox 38 1349 1097 1499; baseline 0.004 -23"><span class='ocrx_word' id='word_1_116' title='bbox 38 1410 211 1489; x_wconf 79' lang='lat' dir='ltr'><strong>sileantur,</strong></span> <span class='ocrx_word' id='word_1_117' title='bbox 225 1411 449 1476; x_wconf 88' lang='lat' dir='ltr'><strong>fraudenturve</strong></span> <span class='ocrx_word' id='word_1_118' title='bbox 461 1410 554 1476; x_wconf 89' lang='lat' dir='ltr'><strong>laude</strong></span> <span class='ocrx_word' id='word_1_119' title='bbox 569 1433 635 1476; x_wconf 84' lang='lat' dir='ltr'><strong>sua.</strong></span> <span class='ocrx_word' id='word_1_120' title='bbox 664 1349 794 1499; x_wconf 59' lang='lat' dir='ltr'><strong>Cignini</strong></span> <span class='ocrx_word' id='word_1_121' title='bbox 807 1351 906 1491; x_wconf 56' lang='lat' dir='ltr'><strong>tlidre,</strong></span> <span class='ocrx_word' id='word_1_122' title='bbox 922 1427 955 1480; x_wconf 87' lang='lat' dir='ltr'><strong>et</strong></span> <span class='ocrx_word' id='word_1_123' title='bbox 971 1414 1097 1481; x_wconf 89' lang='lat' dir='ltr'><strong>Norba·</strong></span> 
     </span>
     <span class='ocr_line' id='line_1_15' title="bbox 39 1497 1095 1586; baseline 0.003 -24"><span class='ocrx_word' id='word_1_124' title='bbox 39 1499 93 1575; x_wconf 91' lang='lat' dir='ltr'><strong>ni,</strong></span> <span class='ocrx_word' id='word_1_125' title='bbox 113 1497 359 1585; x_wconf 76' lang='lat' dir='ltr'><strong>Saticulanique,</strong></span> <span class='ocrx_word' id='word_1_126' title='bbox 375 1514 409 1562; x_wconf 89' lang='lat' dir='ltr'><strong>et</strong></span> <span class='ocrx_word' id='word_1_127' title='bbox 424 1497 620 1576; x_wconf 87' lang='lat' dir='ltr'><strong>Brundisini,</strong></span> <span class='ocrx_word' id='word_1_128' title='bbox 636 1511 670 1563; x_wconf 92' lang='lat' dir='ltr'><strong>et</strong></span> <span class='ocrx_word' id='word_1_129' title='bbox 684 1499 872 1586; x_wconf 80' lang='lat' dir='ltr'><strong>Fregellani,</strong></span> <span class='ocrx_word' id='word_1_130' title='bbox 885 1514 918 1566; x_wconf 92' lang='lat' dir='ltr'><strong>et</strong></span> <span class='ocrx_word' id='word_1_131' title='bbox 932 1501 1095 1579; x_wconf 89' lang='lat' dir='ltr'><strong>Lucerini,</strong></span> 
     </span>
     <span class='ocr_line' id='line_1_16' title="bbox 12 1583 1097 1662; baseline 0.003 -12"><span class='ocrx_word' id='word_1_132' title='bbox 12 1599 81 1658; x_wconf 77' lang='lat' dir='ltr'><strong>ret</strong></span> <span class='ocrx_word' id='word_1_133' title='bbox 93 1583 261 1661; x_wconf 89' lang='lat' dir='ltr'><strong>Venusini,</strong></span> <span class='ocrx_word' id='word_1_134' title='bbox 277 1597 310 1649; x_wconf 91' lang='lat' dir='ltr'><strong>et</strong></span> <span class='ocrx_word' id='word_1_135' title='bbox 323 1583 489 1661; x_wconf 88' lang='lat' dir='ltr'><strong>Hadriani,</strong></span> <span class='ocrx_word' id='word_1_136' title='bbox 504 1597 537 1648; x_wconf 89' lang='lat' dir='ltr'><strong>et</strong></span> <span class='ocrx_word' id='word_1_137' title='bbox 552 1585 702 1662; x_wconf 83' lang='lat' dir='ltr'><strong>Firmani,</strong></span> <span class='ocrx_word' id='word_1_138' title='bbox 717 1599 750 1650; x_wconf 90' lang='lat' dir='ltr'><strong>et</strong></span> <span class='ocrx_word' id='word_1_139' title='bbox 761 1587 997 1653; x_wconf 83' lang='lat' dir='ltr'><strong>Ariminenses:</strong></span> <span class='ocrx_word' id='word_1_140' title='bbox 1012 1601 1046 1653; x_wconf 84' lang='lat' dir='ltr'><strong>et</strong></span> <span class='ocrx_word' id='word_1_141' title='bbox 1056 1589 1097 1653; x_wconf 89' lang='lat' dir='ltr'><strong>ab</strong></span> 
     </span>
     <span class='ocr_line' id='line_1_17' title="bbox 40 1670 1098 1748; baseline 0.002 -12"><span class='ocrx_word' id='word_1_142' title='bbox 40 1671 150 1736; x_wconf 86' lang='lat' dir='ltr'><strong>altero</strong></span> <span class='ocrx_word' id='word_1_143' title='bbox 170 1671 257 1748; x_wconf 89' lang='lat' dir='ltr'><strong>mari,</strong></span> <span class='ocrx_word' id='word_1_144' title='bbox 273 1670 434 1748; x_wconf 89' lang='lat' dir='ltr'><strong>Pontiani,</strong></span> <span class='ocrx_word' id='word_1_145' title='bbox 450 1683 483 1735; x_wconf 92' lang='lat' dir='ltr'><strong>et</strong></span> <span class='ocrx_word' id='word_1_146' title='bbox 502 1671 660 1748; x_wconf 84' lang='lat' dir='ltr'><strong>Paestani,</strong></span> <span class='ocrx_word' id='word_1_147' title='bbox 679 1685 713 1736; x_wconf 88' lang='lat' dir='ltr'><strong>et</strong></span> <span class='ocrx_word' id='word_1_148' title='bbox 729 1671 867 1737; x_wconf 86' lang='lat' dir='ltr'><strong>Cosani:</strong></span> <span class='ocrx_word' id='word_1_149' title='bbox 891 1687 925 1738; x_wconf 94' lang='lat' dir='ltr'><strong>et</strong></span> <span class='ocrx_word' id='word_1_150' title='bbox 947 1674 1098 1740; x_wconf 91' lang='lat' dir='ltr'><strong>mediter-</strong></span> 
     </span>
     <span class='ocr_line' id='line_1_18' title="bbox 41 1757 1097 1846; baseline 0.005 -24"><span class='ocrx_word' id='word_1_151' title='bbox 41 1757 148 1834; x_wconf 88' lang='lat' dir='ltr'><strong>ranei,</strong></span> <span class='ocrx_word' id='word_1_152' title='bbox 173 1757 402 1834; x_wconf 85' lang='lat' dir='ltr'><strong>Beneventani,</strong></span> <span class='ocrx_word' id='word_1_153' title='bbox 421 1769 454 1821; x_wconf 88' lang='lat' dir='ltr'><strong>et</strong></span> <span class='ocrx_word' id='word_1_154' title='bbox 469 1757 652 1835; x_wconf 91' lang='lat' dir='ltr'><strong>Aesernini,</strong></span> <span class='ocrx_word' id='word_1_155' title='bbox 670 1770 704 1822; x_wconf 92' lang='lat' dir='ltr'><strong>et</strong></span> <span class='ocrx_word' id='word_1_156' title='bbox 725 1757 891 1846; x_wconf 87' lang='lat' dir='ltr'><strong>Spoletini,</strong></span> <span class='ocrx_word' id='word_1_157' title='bbox 910 1774 944 1825; x_wconf 88' lang='lat' dir='ltr'><strong>et</strong></span> <span class='ocrx_word' id='word_1_158' title='bbox 962 1760 1097 1826; x_wconf 89' lang='lat' dir='ltr'><strong>Placen-</strong></span> 
     </span>
     <span class='ocr_line' id='line_1_19' title="bbox 42 1841 1097 1920; baseline 0.002 -11"><span class='ocrx_word' id='word_1_159' title='bbox 42 1844 120 1920; x_wconf 88' lang='lat' dir='ltr'><strong>tini,</strong></span> <span class='ocrx_word' id='word_1_160' title='bbox 145 1856 179 1908; x_wconf 92' lang='lat' dir='ltr'><strong>et</strong></span> <span class='ocrx_word' id='word_1_161' title='bbox 202 1841 444 1909; x_wconf 87' lang='lat' dir='ltr'><strong>Cremonenses.</strong></span> <span class='ocrx_word' id='word_1_162' title='bbox 491 1843 615 1908; x_wconf 90' lang='lat' dir='ltr'><strong>Harum</strong></span> <span class='ocrx_word' id='word_1_163' title='bbox 641 1844 835 1909; x_wconf 86' lang='lat' dir='ltr'><strong>coloniarum</strong></span> <span class='ocrx_word' id='word_1_164' title='bbox 862 1847 1002 1911; x_wconf 88' lang='lat' dir='ltr'><strong>subsidio</strong></span> <span class='ocrx_word' id='word_1_165' title='bbox 1028 1861 1097 1911; x_wconf 90' lang='lat' dir='ltr'><strong>tum</strong></span> 
     </span>
     <span class='ocr_line' id='line_1_20' title="bbox 42 1929 1098 2018; baseline 0.002 -24"><span class='ocrx_word' id='word_1_166' title='bbox 42 1929 218 2016; x_wconf 87' lang='lat' dir='ltr'><strong>imperium</strong></span> <span class='ocrx_word' id='word_1_167' title='bbox 240 1929 351 2017; x_wconf 91' lang='lat' dir='ltr'><strong>populi</strong></span> <span class='ocrx_word' id='word_1_168' title='bbox 375 1929 514 1994; x_wconf 90' lang='lat' dir='ltr'><strong>Romani</strong></span> <span class='ocrx_word' id='word_1_169' title='bbox 536 1930 643 1995; x_wconf 85' lang='lat' dir='ltr'><strong>stetit:</strong></span> <span class='ocrx_word' id='word_1_170' title='bbox 671 1930 915 2018; x_wconf 79' lang='lat' dir='ltr'><strong>iisque&#39;gratiae</strong></span> <span class='ocrx_word' id='word_1_171' title='bbox 936 1945 970 1996; x_wconf 90' lang='lat' dir='ltr'><strong>et</strong></span> <span class='ocrx_word' id='word_1_172' title='bbox 992 1933 1026 1996; x_wconf 93' lang='lat' dir='ltr'><strong>in</strong></span> <span class='ocrx_word' id='word_1_173' title='bbox 1048 1955 1098 1996; x_wconf 90' lang='lat' dir='ltr'><strong>se-</strong></span> 
     </span>
     <span class='ocr_line' id='line_1_21' title="bbox 42 2015 1096 2114; baseline 0.001 -33"><span class='ocrx_word' id='word_1_174' title='bbox 42 2031 139 2093; x_wconf 89' lang='lat' dir='ltr'><strong>natu,</strong></span> <span class='ocrx_word' id='word_1_175' title='bbox 151 2031 185 2080; x_wconf 91' lang='lat' dir='ltr'><strong>et</strong></span> <span class='ocrx_word' id='word_1_176' title='bbox 198 2016 239 2081; x_wconf 90' lang='lat' dir='ltr'><strong>ad</strong></span> <span class='ocrx_word' id='word_1_177' title='bbox 253 2016 408 2114; x_wconf 87' lang='lat' dir='ltr'><strong>populum</strong></span> <span class='ocrx_word' id='word_1_178' title='bbox 422 2030 519 2081; x_wconf 88' lang='lat' dir='ltr'><strong>actae.</strong></span> <span class='ocrx_word' id='word_1_179' title='bbox 555 2015 735 2081; x_wconf 90' lang='lat' dir='ltr'><strong>Duodecim</strong></span> <span class='ocrx_word' id='word_1_180' title='bbox 748 2015 880 2080; x_wconf 87' lang='lat' dir='ltr'><strong>aliarum</strong></span> <span class='ocrx_word' id='word_1_181' title='bbox 892 2017 1096 2095; x_wconf 90' lang='lat' dir='ltr'><strong>coloniarum,</strong></span> 
     </span>
     <span class='ocr_line' id='line_1_22' title="bbox 44 2101 1098 2190; baseline 0.001 -23"><span class='ocrx_word' id='word_1_182' title='bbox 44 2125 134 2190; x_wconf 88' lang='lat' dir='ltr'><strong>quae</strong></span> <span class='ocrx_word' id='word_1_183' title='bbox 149 2101 405 2168; x_wconf 85' lang='lat' dir='ltr'><strong>detrectaverunt</strong></span> <span class='ocrx_word' id='word_1_184' title='bbox 421 2103 601 2189; x_wconf 90' lang='lat' dir='ltr'><strong>imperium,</strong></span> <span class='ocrx_word' id='word_1_185' title='bbox 617 2102 813 2167; x_wconf 89' lang='lat' dir='ltr'><strong>mentionem</strong></span> <span class='ocrx_word' id='word_1_186' title='bbox 831 2103 902 2168; x_wconf 88' lang='lat' dir='ltr'><strong>fieri</strong></span> <span class='ocrx_word' id='word_1_187' title='bbox 916 2104 1029 2168; x_wconf 89' lang='lat' dir='ltr'><strong>Patres</strong></span> <span class='ocrx_word' id='word_1_188' title='bbox 1042 2125 1098 2168; x_wconf 87' lang='lat' dir='ltr'><strong>ve-</strong></span> 
     </span>
     <span class='ocr_line' id='line_1_23' title="bbox 45 2187 1097 2290; baseline 0 -36"><span class='ocrx_word' id='word_1_189' title='bbox 45 2201 191 2266; x_wconf 90' lang='lat' dir='ltr'><strong>tuerunt,</strong></span> <span class='ocrx_word' id='word_1_190' title='bbox 203 2211 308 2276; x_wconf 89' lang='lat' dir='ltr'><strong>neque</strong></span> <span class='ocrx_word' id='word_1_191' title='bbox 323 2188 395 2253; x_wconf 89' lang='lat' dir='ltr'><strong>illos</strong></span> <span class='ocrx_word' id='word_1_192' title='bbox 409 2187 538 2265; x_wconf 92' lang='lat' dir='ltr'><strong>dimitti,</strong></span> <span class='ocrx_word' id='word_1_193' title='bbox 550 2210 656 2275; x_wconf 91' lang='lat' dir='ltr'><strong>neque</strong></span> <span class='ocrx_word' id='word_1_194' title='bbox 672 2188 811 2265; x_wconf 91' lang='lat' dir='ltr'><strong>retineri,</strong></span> <span class='ocrx_word' id='word_1_195' title='bbox 823 2211 929 2276; x_wconf 92' lang='lat' dir='ltr'><strong>neque</strong></span> <span class='ocrx_word' id='word_1_196' title='bbox 945 2189 1097 2290; x_wconf 87' lang='lat' dir='ltr'><strong>appellari</strong></span> 
     </span>
     <span class='ocr_line' id='line_1_24' title="bbox 44 2274 1098 2363; baseline 0.001 -22"><span class='ocrx_word' id='word_1_197' title='bbox 44 2299 69 2341; x_wconf 86' lang='lat' dir='ltr'><strong>a</strong></span> <span class='ocrx_word' id='word_1_198' title='bbox 91 2275 281 2342; x_wconf 90' lang='lat' dir='ltr'><strong>consulibus.</strong></span> <span class='ocrx_word' id='word_1_199' title='bbox 328 2274 378 2340; x_wconf 90' lang='lat' dir='ltr'><strong>Ea</strong></span> <span class='ocrx_word' id='word_1_200' title='bbox 403 2275 500 2339; x_wconf 88' lang='lat' dir='ltr'><strong>tacita</strong></span> <span class='ocrx_word' id='word_1_201' title='bbox 524 2274 687 2361; x_wconf 80' lang='lat' dir='ltr'><strong>castigatio</strong></span> <span class='ocrx_word' id='word_1_202' title='bbox 713 2275 851 2340; x_wconf 86' lang='lat' dir='ltr'><strong>maxime</strong></span> <span class='ocrx_word' id='word_1_203' title='bbox 877 2298 919 2340; x_wconf 88' lang='lat' dir='ltr'><strong>ex</strong></span> <span class='ocrx_word' id='word_1_204' title='bbox 942 2274 1098 2363; x_wconf 78' lang='lat' dir='ltr'><strong>dignitate</strong></span> 
     </span>
     <span class='ocr_line' id='line_1_25' title="bbox 44 2361 467 2451; baseline 0 -25"><span class='ocrx_word' id='word_1_205' title='bbox 44 2361 162 2451; x_wconf 89' lang='lat' dir='ltr'><strong>populi</strong></span> <span class='ocrx_word' id='word_1_206' title='bbox 177 2361 316 2427; x_wconf 87' lang='lat' dir='ltr'><strong>Romani</strong></span> <span class='ocrx_word' id='word_1_207' title='bbox 331 2362 398 2426; x_wconf 87' lang='lat' dir='ltr'><strong>visa</strong></span> <span class='ocrx_word' id='word_1_208' title='bbox 412 2373 467 2426; x_wconf 77' lang='lat' dir='ltr'><strong>ert.</strong></span> 
     </span>
    </p>

    <p class='ocr_par' dir='ltr' id='par_1_3' title="bbox 16 2447 1247 2709">
     <span class='ocr_line' id='line_1_26' title="bbox 97 2447 1247 2550; baseline -0.002 -36"><span class='ocrx_word' id='word_1_209' title='bbox 97 2447 215 2514; x_wconf 89' lang='lat' dir='ltr'><strong>Cetera</strong></span> <span class='ocrx_word' id='word_1_210' title='bbox 231 2447 484 2536; x_wconf 87' lang='lat' dir='ltr'><strong>expedientibus,</strong></span> <span class='ocrx_word' id='word_1_211' title='bbox 500 2470 582 2535; x_wconf 89' lang='lat' dir='ltr'><strong>quae</strong></span> <span class='ocrx_word' id='word_1_212' title='bbox 605 2447 646 2513; x_wconf 90' lang='lat' dir='ltr'><strong>ad</strong></span> <span class='ocrx_word' id='word_1_213' title='bbox 668 2447 786 2513; x_wconf 89' lang='lat' dir='ltr'><strong>bellum</strong></span> <span class='ocrx_word' id='word_1_214' title='bbox 807 2471 887 2550; x_wconf 87' lang='lat' dir='ltr'><strong>opus</strong></span> <span class='ocrx_word' id='word_1_215' title='bbox 906 2465 1006 2528; x_wconf 87' lang='lat' dir='ltr'><strong>erant,</strong></span> <span class='ocrx_word' id='word_1_216' title='bbox 1022 2464 1201 2542; x_wconf 67' lang='lat' dir='ltr'><strong>con-Aurum</strong></span> <span class='ocrx_word' id='word_1_217' title='bbox 1214 2465 1247 2513; x_wconf 82' lang='lat' dir='ltr'><strong>vi-</strong></span> 
     </span>
     <span class='ocr_line' id='line_1_27' title="bbox 16 2526 1206 2622; baseline 0.003 -21"><span class='ocrx_word' id='word_1_218' title='bbox 16 2526 181 2613; x_wconf 79' lang='lat' dir='ltr'><strong>⁸sulibua</strong></span> <span class='ocrx_word' id='word_1_219' title='bbox 197 2557 309 2600; x_wconf 91' lang='lat' dir='ltr'><strong>aurum</strong></span> <span class='ocrx_word' id='word_1_220' title='bbox 324 2534 565 2613; x_wconf 77' lang='lat' dir='ltr'><strong>uicesimarium,</strong></span> <span class='ocrx_word' id='word_1_221' title='bbox 581 2533 669 2622; x_wconf 91' lang='lat' dir='ltr'><strong>quod</strong></span> <span class='ocrx_word' id='word_1_222' title='bbox 689 2535 724 2598; x_wconf 91' lang='lat' dir='ltr'><strong>in</strong></span> <span class='ocrx_word' id='word_1_223' title='bbox 743 2550 898 2601; x_wconf 82' lang='lat' dir='ltr'><strong>sanctiore</strong></span> <span class='ocrx_word' id='word_1_224' title='bbox 919 2537 1040 2603; x_wconf 88' lang='lat' dir='ltr'><strong>aerario</strong></span> <span class='ocrx_word' id='word_1_225' title='bbox 1057 2536 1206 2604; x_wconf 59' lang='lat' dir='ltr'><strong>,desumo</strong></span> 
     </span>
     <span class='ocr_line' id='line_1_28' title="bbox 16 2604 1179 2709; baseline 0.003 -23"><span class='ocrx_word' id='word_1_226' title='bbox 16 2604 179 2687; x_wconf 87' lang='lat' dir='ltr'><strong>⁹ultimos</strong></span> <span class='ocrx_word' id='word_1_227' title='bbox 208 2645 298 2686; x_wconf 89' lang='lat' dir='ltr'><strong>casus</strong></span> <span class='ocrx_word' id='word_1_228' title='bbox 326 2622 517 2699; x_wconf 89' lang='lat' dir='ltr'><strong>servabatur,</strong></span> <span class='ocrx_word' id='word_1_229' title='bbox 546 2621 649 2709; x_wconf 92' lang='lat' dir='ltr'><strong>promi</strong></span> <span class='ocrx_word' id='word_1_230' title='bbox 685 2621 811 2708; x_wconf 77' lang='lat' dir='ltr'><strong>placuit.</strong></span> <span class='ocrx_word' id='word_1_231' title='bbox 869 2623 965 2688; x_wconf 92' lang='lat' dir='ltr'><strong>Prom</strong></span> <span class='ocrx_word' id='word_1_232' title='bbox 990 2637 1022 2689; x_wconf 85' lang='lat' dir='ltr'><strong>ta</strong></span> <span class='ocrx_word' id='word_1_233' title='bbox 1057 2607 1179 2688; x_wconf 62' lang='lat' dir='ltr'><strong>adrium.</strong></span> 
     </span>
    </p>

    <p class='ocr_par' dir='ltr' id='par_1_4' title="bbox 23 2645 1100 3404">
     <span class='ocr_line' id='line_1_29' title="bbox 45 2645 1099 2810; baseline 0.003 -37"><span class='ocrx_word' id='word_1_234' title='bbox 45 2720 202 2797; x_wconf 88' lang='lat' dir='ltr'><strong>quattuor</strong></span> <span class='ocrx_word' id='word_1_235' title='bbox 227 2708 326 2772; x_wconf 90' lang='lat' dir='ltr'><strong>millia</strong></span> <span class='ocrx_word' id='word_1_236' title='bbox 390 2708 456 2774; x_wconf 92' lang='lat' dir='ltr'><strong>ndo</strong></span> <span class='ocrx_word' id='word_1_237' title='bbox 480 2708 557 2772; x_wconf 89' lang='lat' dir='ltr'><strong>auri.</strong></span> <span class='ocrx_word' id='word_1_238' title='bbox 603 2707 684 2772; x_wconf 92' lang='lat' dir='ltr'><strong>Inde</strong></span> <span class='ocrx_word' id='word_1_239' title='bbox 708 2709 870 2810; x_wconf 88' lang='lat' dir='ltr'><strong>quingena</strong></span> <span class='ocrx_word' id='word_1_240' title='bbox 892 2645 1000 2797; x_wconf 79' lang='lat' dir='ltr'><strong>pondo</strong></span> <span class='ocrx_word' id='word_1_241' title='bbox 1024 2711 1099 2776; x_wconf 86' lang='lat' dir='ltr'><strong>data</strong></span> 
     </span>
     <span class='ocr_line' id='line_1_30' title="bbox 45 2793 1098 2884; baseline 0 -22"><span class='ocrx_word' id='word_1_242' title='bbox 45 2794 242 2872; x_wconf 86' lang='lat' dir='ltr'><strong>consulibus,</strong></span> <span class='ocrx_word' id='word_1_243' title='bbox 263 2807 296 2859; x_wconf 91' lang='lat' dir='ltr'><strong>et</strong></span> <span class='ocrx_word' id='word_1_244' title='bbox 358 2843 366 2859; x_wconf 94' lang='lat'><strong>.</strong></span> <span class='ocrx_word' id='word_1_245' title='bbox 384 2793 548 2872; x_wconf 84' lang='lat' dir='ltr'><strong>Marcello,</strong></span> <span class='ocrx_word' id='word_1_246' title='bbox 571 2806 605 2858; x_wconf 92' lang='lat' dir='ltr'><strong>et</strong></span> <span class='ocrx_word' id='word_1_247' title='bbox 625 2794 662 2858; x_wconf 89' lang='lat' dir='ltr'><strong>P.</strong></span> <span class='ocrx_word' id='word_1_248' title='bbox 685 2793 826 2882; x_wconf 78' lang='lat' dir='ltr'><strong>Sulpicio</strong></span> <span class='ocrx_word' id='word_1_249' title='bbox 847 2795 1098 2884; x_wconf 85' lang='lat' dir='ltr'><strong>proconsulibus,</strong></span> 
     </span>
     <span class='ocr_line' id='line_1_31' title="bbox 47 2879 1099 2968; baseline 0 -20"><span class='ocrx_word' id='word_1_250' title='bbox 47 2894 86 2948; x_wconf 89' lang='lat' dir='ltr'><strong>et</strong></span> <span class='ocrx_word' id='word_1_251' title='bbox 113 2880 151 2946; x_wconf 92' lang='lat' dir='ltr'><strong>L.</strong></span> <span class='ocrx_word' id='word_1_252' title='bbox 168 2880 303 2946; x_wconf 87' lang='lat' dir='ltr'><strong>Veturio</strong></span> <span class='ocrx_word' id='word_1_253' title='bbox 328 2881 476 2968; x_wconf 88' lang='lat' dir='ltr'><strong>praetori,</strong></span> <span class='ocrx_word' id='word_1_254' title='bbox 501 2880 558 2968; x_wconf 93' lang='lat' dir='ltr'><strong>qui</strong></span> <span class='ocrx_word' id='word_1_255' title='bbox 586 2879 724 2946; x_wconf 89' lang='lat' dir='ltr'><strong>Galliam</strong></span> <span class='ocrx_word' id='word_1_256' title='bbox 750 2883 944 2968; x_wconf 90' lang='lat' dir='ltr'><strong>provinciam</strong></span> <span class='ocrx_word' id='word_1_257' title='bbox 970 2884 1099 2948; x_wconf 88' lang='lat' dir='ltr'><strong>sortitus</strong></span> 
     </span>
     <span class='ocr_line' id='line_1_32' title="bbox 47 2966 1099 3054; baseline -0.002 -20"><span class='ocrx_word' id='word_1_258' title='bbox 47 2980 140 3044; x_wconf 83' lang='lat' dir='ltr'><strong>erat3</strong></span> <span class='ocrx_word' id='word_1_259' title='bbox 178 2966 386 3054; x_wconf 89' lang='lat' dir='ltr'><strong>additumque</strong></span> <span class='ocrx_word' id='word_1_260' title='bbox 424 2967 523 3032; x_wconf 87' lang='lat' dir='ltr'><strong>Fabio</strong></span> <span class='ocrx_word' id='word_1_261' title='bbox 561 2967 683 3031; x_wconf 89' lang='lat' dir='ltr'><strong>consuli</strong></span> <span class='ocrx_word' id='word_1_262' title='bbox 719 2981 849 3031; x_wconf 89' lang='lat' dir='ltr'><strong>centum</strong></span> <span class='ocrx_word' id='word_1_263' title='bbox 885 2968 994 3054; x_wconf 91' lang='lat' dir='ltr'><strong>pondo</strong></span> <span class='ocrx_word' id='word_1_264' title='bbox 1031 2969 1099 3032; x_wconf 89' lang='lat' dir='ltr'><strong>auri</strong></span> 
     </span>
     <span class='ocr_line' id='line_1_33' title="bbox 47 3051 1100 3144; baseline 0 -25"><span class='ocrx_word' id='word_1_265' title='bbox 47 3054 269 3144; x_wconf 88' lang='lat' dir='ltr'><strong>praecipuum,</strong></span> <span class='ocrx_word' id='word_1_266' title='bbox 285 3053 372 3141; x_wconf 91' lang='lat' dir='ltr'><strong>quod</strong></span> <span class='ocrx_word' id='word_1_267' title='bbox 394 3053 429 3116; x_wconf 92' lang='lat' dir='ltr'><strong>in</strong></span> <span class='ocrx_word' id='word_1_268' title='bbox 448 3074 553 3117; x_wconf 88' lang='lat' dir='ltr'><strong>arcem</strong></span> <span class='ocrx_word' id='word_1_269' title='bbox 571 3051 779 3116; x_wconf 87' lang='lat' dir='ltr'><strong>Tarentinam</strong></span> <span class='ocrx_word' id='word_1_270' title='bbox 800 3065 987 3139; x_wconf 83' lang='lat' dir='ltr'><strong>portaretur.</strong></span> <span class='ocrx_word' id='word_1_271' title='bbox 1035 3052 1100 3119; x_wconf 89' lang='lat' dir='ltr'><strong>Ce-</strong></span> 
     </span>
     <span class='ocr_line' id='line_1_34' title="bbox 23 3137 1100 3224; baseline -0.003 -17"><span class='ocrx_word' id='word_1_272' title='bbox 23 3158 122 3215; x_wconf 75' lang='lat' dir='ltr'><strong>1tero</strong></span> <span class='ocrx_word' id='word_1_273' title='bbox 136 3140 185 3206; x_wconf 91' lang='lat' dir='ltr'><strong>usi</strong></span> <span class='ocrx_word' id='word_1_274' title='bbox 203 3153 277 3205; x_wconf 90' lang='lat' dir='ltr'><strong>sunt</strong></span> <span class='ocrx_word' id='word_1_275' title='bbox 295 3139 337 3204; x_wconf 88' lang='lat' dir='ltr'><strong>ad</strong></span> <span class='ocrx_word' id='word_1_276' title='bbox 350 3139 540 3204; x_wconf 86' lang='lat' dir='ltr'><strong>vestimenta</strong></span> <span class='ocrx_word' id='word_1_277' title='bbox 557 3137 717 3224; x_wconf 89' lang='lat' dir='ltr'><strong>praesenti</strong></span> <span class='ocrx_word' id='word_1_278' title='bbox 777 3139 873 3203; x_wconf 89' lang='lat' dir='ltr'><strong>cunia</strong></span> <span class='ocrx_word' id='word_1_279' title='bbox 889 3137 1024 3204; x_wconf 85' lang='lat' dir='ltr'><strong>locanda</strong></span> <span class='ocrx_word' id='word_1_280' title='bbox 1043 3162 1100 3204; x_wconf 86' lang='lat' dir='ltr'><strong>ex-</strong></span> 
     </span>
     <span class='ocr_line' id='line_1_35' title="bbox 48 3223 1100 3314; baseline -0.001 -21"><span class='ocrx_word' id='word_1_281' title='bbox 48 3228 176 3304; x_wconf 91' lang='lat' dir='ltr'><strong>ercitui,</strong></span> <span class='ocrx_word' id='word_1_282' title='bbox 192 3226 297 3314; x_wconf 89' lang='lat' dir='ltr'><strong>quiin</strong></span> <span class='ocrx_word' id='word_1_283' title='bbox 314 3224 472 3313; x_wconf 88' lang='lat' dir='ltr'><strong>Hispania</strong></span> <span class='ocrx_word' id='word_1_284' title='bbox 487 3223 608 3290; x_wconf 88' lang='lat' dir='ltr'><strong>bellum</strong></span> <span class='ocrx_word' id='word_1_285' title='bbox 624 3245 722 3288; x_wconf 89' lang='lat' dir='ltr'><strong>secun</strong></span> <span class='ocrx_word' id='word_1_286' title='bbox 778 3247 835 3288; x_wconf 93' lang='lat' dir='ltr'><strong>sua</strong></span> <span class='ocrx_word' id='word_1_287' title='bbox 848 3223 932 3290; x_wconf 82' lang='lat' dir='ltr'><strong>fama</strong></span> <span class='ocrx_word' id='word_1_288' title='bbox 945 3224 1100 3314; x_wconf 87' lang='lat' dir='ltr'><strong>ducisque</strong></span> 
     </span>
     <span class='ocr_line' id='line_1_36' title="bbox 48 3315 190 3404; baseline 0.021 -27"><span class='ocrx_word' id='word_1_289' title='bbox 48 3315 190 3404; x_wconf 86' lang='lat' dir='ltr'><strong>gerebat.</strong></span> 
     </span>
    </p>

    <p class='ocr_par' dir='ltr' id='par_1_5' title="bbox 98 3395 1209 3500">
     <span class='ocr_line' id='line_1_37' title="bbox 98 3395 1209 3500; baseline -0.002 -34"><span class='ocrx_word' id='word_1_290' title='bbox 98 3400 248 3487; x_wconf 83' lang='lat' dir='ltr'><strong>Prodigia</strong></span> <span class='ocrx_word' id='word_1_291' title='bbox 262 3421 401 3500; x_wconf 89' lang='lat' dir='ltr'><strong>quoque,</strong></span> <span class='ocrx_word' id='word_1_292' title='bbox 417 3398 600 3485; x_wconf 90' lang='lat' dir='ltr'><strong>priusquam</strong></span> <span class='ocrx_word' id='word_1_293' title='bbox 616 3396 657 3460; x_wconf 88' lang='lat' dir='ltr'><strong>ab</strong></span> <span class='ocrx_word' id='word_1_294' title='bbox 671 3397 749 3460; x_wconf 87' lang='lat' dir='ltr'><strong>urbe</strong></span> <span class='ocrx_word' id='word_1_295' title='bbox 764 3395 907 3462; x_wconf 88' lang='lat' dir='ltr'><strong>consules</strong></span> <span class='ocrx_word' id='word_1_296' title='bbox 922 3398 1101 3484; x_wconf 88' lang='lat' dir='ltr'><strong>proficisce-</strong></span> <span class='ocrx_word' id='word_1_297' title='bbox 1161 3396 1209 3490; x_wconf 83' lang='lat'><strong>¹.¹.·</strong></span> 
     </span>
    </p>

    <p class='ocr_par' dir='ltr' id='par_1_6' title="bbox 51 3476 1229 3574">
     <span class='ocr_line' id='line_1_38' title="bbox 51 3476 1229 3574; baseline -0.003 -20"><span class='ocrx_word' id='word_1_298' title='bbox 51 3500 173 3564; x_wconf 91' lang='lat' dir='ltr'><strong>rentur,</strong></span> <span class='ocrx_word' id='word_1_299' title='bbox 189 3507 350 3574; x_wconf 81' lang='lat' dir='ltr'><strong>procurari</strong></span> <span class='ocrx_word' id='word_1_300' title='bbox 365 3484 492 3572; x_wconf 81' lang='lat' dir='ltr'><strong>placuit.</strong></span> <span class='ocrx_word' id='word_1_301' title='bbox 539 3480 580 3547; x_wconf 91' lang='lat' dir='ltr'><strong>ln</strong></span> <span class='ocrx_word' id='word_1_302' title='bbox 591 3481 719 3548; x_wconf 91' lang='lat' dir='ltr'><strong>Albano</strong></span> <span class='ocrx_word' id='word_1_303' title='bbox 733 3495 842 3548; x_wconf 89' lang='lat' dir='ltr'><strong>monte</strong></span> <span class='ocrx_word' id='word_1_304' title='bbox 859 3497 942 3550; x_wconf 82' lang='lat' dir='ltr'><strong>tacta</strong></span> <span class='ocrx_word' id='word_1_305' title='bbox 955 3484 996 3550; x_wconf 90' lang='lat' dir='ltr'><strong>de</strong></span> <span class='ocrx_word' id='word_1_306' title='bbox 1012 3486 1102 3551; x_wconf 87' lang='lat' dir='ltr'><strong>coelo</strong></span> <span class='ocrx_word' id='word_1_307' title='bbox 1110 3476 1229 3542; x_wconf 57' lang='lat' dir='ltr'><strong>Prone».</strong></span> 
     </span>
    </p>
   </div>
   <div class='ocr_carea' id='block_1_3' title="bbox 54 3743 1105 4448">
    <p class='ocr_par' dir='ltr' id='par_1_7' title="bbox 54 3743 1104 4073">
     <span class='ocr_line' id='line_1_39' title="bbox 88 3743 1102 3807; baseline -0.002 -12"><span class='ocrx_word' id='word_1_308' title='bbox 88 3745 104 3795; x_wconf 91' lang='lat'><strong>6</strong></span> <span class='ocrx_word' id='word_1_309' title='bbox 115 3748 175 3796; x_wconf 78' lang='lat' dir='ltr'><strong>Post</strong></span> <span class='ocrx_word' id='word_1_310' title='bbox 186 3752 219 3796; x_wconf 86' lang='lat' dir='ltr'><strong>tot</strong></span> <span class='ocrx_word' id='word_1_311' title='bbox 229 3746 340 3805; x_wconf 68' lang='lat' dir='ltr'><strong>aaran]</strong></span> <span class='ocrx_word' id='word_1_312' title='bbox 359 3745 449 3793; x_wconf 83' lang='lat' dir='ltr'><strong>Paullo</strong></span> <span class='ocrx_word' id='word_1_313' title='bbox 457 3745 563 3807; x_wconf 88' lang='lat' dir='ltr'><strong>plusdu-</strong></span> <span class='ocrx_word' id='word_1_314' title='bbox 632 3743 647 3791; x_wconf 86' lang='lat'>8</span> <span class='ocrx_word' id='word_1_315' title='bbox 667 3743 767 3790; x_wconf 79' lang='lat' dir='ltr'><strong>Auram</strong></span> <span class='ocrx_word' id='word_1_316' title='bbox 788 3743 978 3802; x_wconf 65' lang='lat' dir='ltr'><strong>circumactum]</strong></span> <span class='ocrx_word' id='word_1_317' title='bbox 1008 3745 1102 3793; x_wconf 78' lang='lat' dir='ltr'><strong>Aurum</strong></span> 
     </span>
     <span class='ocr_line' id='line_1_40' title="bbox 54 3805 1102 3871; baseline -0.002 -11"><span class='ocrx_word' id='word_1_318' title='bbox 54 3809 122 3861; x_wconf 82' lang='lat' dir='ltr'><strong>canti</strong></span> <span class='ocrx_word' id='word_1_319' title='bbox 132 3808 190 3858; x_wconf 84' lang='lat' dir='ltr'><strong>anni</strong></span> <span class='ocrx_word' id='word_1_320' title='bbox 199 3810 344 3858; x_wconf 85' lang='lat' dir='ltr'><strong>effluxerant</strong></span> <span class='ocrx_word' id='word_1_321' title='bbox 353 3809 385 3856; x_wconf 87' lang='lat' dir='ltr'><strong>ab</strong></span> <span class='ocrx_word' id='word_1_322' title='bbox 395 3809 443 3856; x_wconf 85' lang='lat' dir='ltr'><strong>lroc</strong></span> <span class='ocrx_word' id='word_1_323' title='bbox 453 3813 564 3870; x_wconf 85' lang='lat' dir='ltr'><strong>tempore</strong></span> <span class='ocrx_word' id='word_1_324' title='bbox 597 3811 737 3869; x_wconf 85' lang='lat' dir='ltr'><strong>congestum</strong></span> <span class='ocrx_word' id='word_1_325' title='bbox 747 3805 877 3869; x_wconf 86' lang='lat' dir='ltr'><strong>paullatim</strong></span> <span class='ocrx_word' id='word_1_326' title='bbox 885 3823 916 3856; x_wconf 88' lang='lat' dir='ltr'><strong>ex</strong></span> <span class='ocrx_word' id='word_1_327' title='bbox 925 3806 1039 3857; x_wconf 83' lang='lat' dir='ltr'><strong>vicesima</strong></span> <span class='ocrx_word' id='word_1_328' title='bbox 1049 3824 1102 3871; x_wconf 85' lang='lat' dir='ltr'><strong>par-</strong></span> 
     </span>
     <span class='ocr_line' id='line_1_41' title="bbox 54 3870 1102 3936; baseline -0.001 -14"><span class='ocrx_word' id='word_1_329' title='bbox 54 3876 89 3924; x_wconf 85' lang='lat' dir='ltr'><strong>ad</strong></span> <span class='ocrx_word' id='word_1_330' title='bbox 104 3874 175 3933; x_wconf 90' lang='lat' dir='ltr'><strong>illud,</strong></span> <span class='ocrx_word' id='word_1_331' title='bbox 188 3887 238 3936; x_wconf 88' lang='lat' dir='ltr'><strong>quo</strong></span> <span class='ocrx_word' id='word_1_332' title='bbox 254 3872 422 3922; x_wconf 68' lang='lat' dir='ltr'><strong>mnasonem</strong></span> <span class='ocrx_word' id='word_1_333' title='bbox 438 3871 564 3920; x_wconf 87' lang='lat' dir='ltr'><strong>historiam</strong></span> <span class='ocrx_word' id='word_1_334' title='bbox 596 3875 622 3919; x_wconf 80' lang='lat' dir='ltr'><strong>te</strong></span> <span class='ocrx_word' id='word_1_335' title='bbox 639 3870 710 3933; x_wconf 88' lang='lat' dir='ltr'><strong>pretii</strong></span> <span class='ocrx_word' id='word_1_336' title='bbox 730 3885 823 3930; x_wconf 84' lang='lat' dir='ltr'><strong>eorum,</strong></span> <span class='ocrx_word' id='word_1_337' title='bbox 839 3871 881 3933; x_wconf 89' lang='lat' dir='ltr'><strong>qui</strong></span> <span class='ocrx_word' id='word_1_338' title='bbox 897 3871 1102 3922; x_wconf 87' lang='lat' dir='ltr'><strong>manumitteban-</strong></span> 
     </span>
     <span class='ocr_line' id='line_1_42' title="bbox 54 3933 1104 3999; baseline -0.001 -12"><span class='ocrx_word' id='word_1_339' title='bbox 54 3939 183 3988; x_wconf 82' lang='lat' dir='ltr'><strong>scribebat.</strong></span> <span class='ocrx_word' id='word_1_340' title='bbox 215 3937 256 3987; x_wconf 78' lang='lat' dir='ltr'><strong>An</strong></span> <span class='ocrx_word' id='word_1_341' title='bbox 269 3942 294 3985; x_wconf 90' lang='lat' dir='ltr'><strong>et</strong></span> <span class='ocrx_word' id='word_1_342' title='bbox 308 3936 349 3984; x_wconf 90' lang='lat' dir='ltr'><strong>hic</strong></span> <span class='ocrx_word' id='word_1_343' title='bbox 365 3933 444 3997; x_wconf 67' lang='lat' dir='ltr'><strong>*rim</strong></span> <span class='ocrx_word' id='word_1_344' title='bbox 460 3934 564 3997; x_wconf 79' lang='lat' dir='ltr'><strong>intelligi</strong></span> <span class='ocrx_word' id='word_1_345' title='bbox 596 3939 651 3994; x_wconf 64' lang='lat' dir='ltr'><strong>tun</strong></span> <span class='ocrx_word' id='word_1_346' title='bbox 683 3935 840 3997; x_wconf 86' lang='lat' dir='ltr'><strong>uaequidern</strong></span> <span class='ocrx_word' id='word_1_347' title='bbox 854 3935 916 3984; x_wconf 84' lang='lat' dir='ltr'><strong>solvi</strong></span> <span class='ocrx_word' id='word_1_348' title='bbox 926 3941 1014 3999; x_wconf 83' lang='lat' dir='ltr'><strong>coepta</strong></span> <span class='ocrx_word' id='word_1_349' title='bbox 1023 3937 1104 3986; x_wconf 78' lang='lat' dir='ltr'><strong>lucrat</strong></span> 
     </span>
     <span class='ocr_line' id='line_1_43' title="bbox 56 3949 1103 4073; baseline -0.001 -21"><span class='ocrx_word' id='word_1_350' title='bbox 56 4004 165 4052; x_wconf 80' lang='lat' dir='ltr'><strong>debent?</strong></span> <span class='ocrx_word' id='word_1_351' title='bbox 188 4001 247 4051; x_wconf 85' lang='lat' dir='ltr'><strong>vid.</strong></span> <span class='ocrx_word' id='word_1_352' title='bbox 259 4015 324 4063; x_wconf 87' lang='lat' dir='ltr'><strong>supr.</strong></span> <span class='ocrx_word' id='word_1_353' title='bbox 336 3999 369 4048; x_wconf 84' lang='lat' dir='ltr'><strong>ix.</strong></span> <span class='ocrx_word' id='word_1_354' title='bbox 383 4000 420 4048; x_wconf 87' lang='lat'><strong>18.</strong></span> <span class='ocrx_word' id='word_1_355' title='bbox 437 3999 534 4073; x_wconf 38' lang='lat' dir='ltr'><strong>Cana..</strong></span> <span class='ocrx_word' id='word_1_356' title='bbox 596 3949 708 4048; x_wconf 74' lang='lat' dir='ltr'><strong>annolJ.</strong></span> <span class='ocrx_word' id='word_1_357' title='bbox 719 3999 749 4049; x_wconf 86' lang='lat' dir='ltr'><strong>C.</strong></span> <span class='ocrx_word' id='word_1_358' title='bbox 762 3999 816 4063; x_wconf 81' lang='lat'>398.</span> <span class='ocrx_word' id='word_1_359' title='bbox 848 3999 907 4050; x_wconf 81' lang='lat' dir='ltr'><strong>vid.</strong></span> <span class='ocrx_word' id='word_1_360' title='bbox 924 4014 989 4062; x_wconf 81' lang='lat' dir='ltr'><strong>supr.</strong></span> <span class='ocrx_word' id='word_1_361' title='bbox 1007 3999 1047 4050; x_wconf 86' lang='lat' dir='ltr'><strong>vii.</strong></span> <span class='ocrx_word' id='word_1_362' title='bbox 1066 3999 1103 4051; x_wconf 87' lang='lat'><strong>16.</strong></span> 
     </span>
    </p>

    <p class='ocr_par' dir='ltr' id='par_1_8' title="bbox 57 4061 1105 4448">
     <span class='ocr_line' id='line_1_44' title="bbox 95 4061 732 4128; baseline -0.003 -14"><span class='ocrx_word' id='word_1_363' title='bbox 95 4066 307 4128; x_wconf 75' lang='lat' dir='ltr'><strong>7Arlmr&#39;nemes]</strong></span> <span class='ocrx_word' id='word_1_364' title='bbox 347 4063 416 4113; x_wconf 86' lang='lat' dir='ltr'><strong>Hinc</strong></span> <span class='ocrx_word' id='word_1_365' title='bbox 438 4061 565 4124; x_wconf 80' lang='lat' dir='ltr'><strong>Sarigmus</strong></span> <span class='ocrx_word' id='word_1_366' title='bbox 597 4062 732 4112; x_wconf 75' lang='lat' dir='ltr'><strong>ersmers</strong></span> 
     </span>
     <span class='ocr_line' id='line_1_45' title="bbox 57 4127 1103 4200; baseline -0.006 -20"><span class='ocrx_word' id='word_1_367' title='bbox 57 4133 139 4180; x_wconf 89' lang='lat' dir='ltr'><strong>locum</strong></span> <span class='ocrx_word' id='word_1_368' title='bbox 159 4130 227 4191; x_wconf 87' lang='lat' dir='ltr'><strong>apud</strong></span> <span class='ocrx_word' id='word_1_369' title='bbox 250 4128 361 4180; x_wconf 79' lang='lat' dir='ltr'><strong>ciceron.</strong></span> <span class='ocrx_word' id='word_1_370' title='bbox 385 4127 453 4176; x_wconf 84' lang='lat' dir='ltr'><strong>Orat.</strong></span> <span class='ocrx_word' id='word_1_371' title='bbox 471 4141 515 4188; x_wconf 88' lang='lat' dir='ltr'><strong>pro</strong></span> <span class='ocrx_word' id='word_1_372' title='bbox 533 4127 564 4174; x_wconf 82' lang='grc' dir='ltr'><strong>Δ,</strong></span> <span class='ocrx_word' id='word_1_373' title='bbox 629 4128 943 4200; x_wconf 75' lang='lat' dir='ltr'><strong>plnrunctioreaarario]</strong></span> <span class='ocrx_word' id='word_1_374' title='bbox 963 4127 1103 4200; x_wconf 70' lang='lat' dir='ltr'><strong>tollenon-</strong></span> 
     </span>
     <span class='ocr_line' id='line_1_46' title="bbox 57 4189 1104 4256; baseline -0.009 -12"><span class='ocrx_word' id='word_1_375' title='bbox 57 4193 165 4245; x_wconf 84' lang='lat' dir='ltr'><strong>Caccina</strong></span> <span class='ocrx_word' id='word_1_376' title='bbox 183 4209 205 4242; x_wconf 88' lang='lat' dir='ltr'><strong>c.</strong></span> <span class='ocrx_word' id='word_1_377' title='bbox 221 4205 259 4256; x_wconf 82' lang='lat'><strong>35.</strong></span> <span class='ocrx_word' id='word_1_378' title='bbox 276 4191 382 4250; x_wconf 83' lang='lat' dir='ltr'><strong>retinxit,</strong></span> <span class='ocrx_word' id='word_1_379' title='bbox 398 4191 564 4250; x_wconf 66' lang='lat' dir='ltr'><strong>duodeviginti</strong></span> <span class='ocrx_word' id='word_1_380' title='bbox 597 4189 859 4251; x_wconf 80' lang='lat' dir='ltr'><strong>ditiore,unde‚niaiin</strong></span> <span class='ocrx_word' id='word_1_381' title='bbox 868 4189 1104 4253; x_wconf 76' lang='lat' dir='ltr'><strong>gravissimiadiscrr·</strong></span> 
     </span>
     <span class='ocr_line' id='line_1_47' title="bbox 58 4253 1066 4322; baseline -0.007 -16"><span class='ocrx_word' id='word_1_382' title='bbox 58 4258 234 4322; x_wconf 84' lang='lat' dir='ltr'><strong>produorleoim</strong></span> <span class='ocrx_word' id='word_1_383' title='bbox 250 4255 351 4306; x_wconf 81' lang='lat' dir='ltr'><strong>coloniis</strong></span> <span class='ocrx_word' id='word_1_384' title='bbox 366 4255 496 4316; x_wconf 83' lang='lat' dir='ltr'><strong>legendum</strong></span> <span class='ocrx_word' id='word_1_385' title='bbox 511 4267 564 4302; x_wconf 88' lang='lat' dir='ltr'><strong>sua·</strong></span> <span class='ocrx_word' id='word_1_386' title='bbox 597 4253 714 4310; x_wconf 78' lang='lat' dir='ltr'><strong>minssrus,</strong></span> <span class='ocrx_word' id='word_1_387' title='bbox 724 4268 773 4301; x_wconf 89' lang='lat' dir='ltr'><strong>non</strong></span> <span class='ocrx_word' id='word_1_388' title='bbox 785 4255 975 4316; x_wconf 85' lang='lat' dir='ltr'><strong>depromeretur.</strong></span> <span class='ocrx_word' id='word_1_389' title='bbox 1060 4311 1066 4322; x_wconf 44' lang='lat'><strong>·</strong></span> 
     </span>
     <span class='ocr_line' id='line_1_48' title="bbox 58 4310 1105 4380; baseline -0.011 -10"><span class='ocrx_word' id='word_1_390' title='bbox 58 4325 126 4370; x_wconf 86' lang='lat' dir='ltr'><strong>dens.</strong></span> <span class='ocrx_word' id='word_1_391' title='bbox 147 4321 306 4370; x_wconf 79' lang='lat' dir='ltr'><strong>cf.Museum</strong></span> <span class='ocrx_word' id='word_1_392' title='bbox 322 4317 443 4380; x_wconf 82' lang='lat' dir='ltr'><strong>Philolog.</strong></span> <span class='ocrx_word' id='word_1_393' title='bbox 459 4318 564 4366; x_wconf 84' lang='lat' dir='ltr'><strong>cantab.</strong></span> <span class='ocrx_word' id='word_1_394' title='bbox 632 4318 703 4363; x_wconf 82' lang='lat' dir='ltr'><strong>rAd</strong></span> <span class='ocrx_word' id='word_1_395' title='bbox 717 4318 871 4375; x_wconf 60' lang='lat' dir='ltr'><strong>aeramenta]</strong></span> <span class='ocrx_word' id='word_1_396' title='bbox 897 4317 971 4371; x_wconf 79' lang='lat' dir='ltr'><strong>Quae</strong></span> <span class='ocrx_word' id='word_1_397' title='bbox 987 4310 1105 4360; x_wconf 81' lang='lat' dir='ltr'><strong>exercitui</strong></span> 
     </span>
     <span class='ocr_line' id='line_1_49' title="bbox 59 4377 1094 4448; baseline -0.012 -14"><span class='ocrx_word' id='word_1_398' title='bbox 59 4387 84 4434; x_wconf 92' lang='lat' dir='ltr'><strong>ii.</strong></span> <span class='ocrx_word' id='word_1_399' title='bbox 96 4400 120 4448; x_wconf 90' lang='lat' dir='ltr'><strong>p.</strong></span> <span class='ocrx_word' id='word_1_400' title='bbox 134 4383 186 4446; x_wconf 81' lang='lat'><strong>156.</strong></span> <span class='ocrx_word' id='word_1_401' title='bbox 599 4380 738 4440; x_wconf 76' lang='lat' dir='ltr'><strong>praebenda</strong></span> <span class='ocrx_word' id='word_1_402' title='bbox 748 4380 912 4427; x_wconf 85' lang='lat' dir='ltr'><strong>conducerent</strong></span> <span class='ocrx_word' id='word_1_403' title='bbox 922 4377 1094 4435; x_wconf 83' lang='lat' dir='ltr'><strong>redemptores.</strong></span> 
     </span>
    </p>
   </div>
   <div class='ocr_carea' id='block_1_4' title="bbox 103 4459 934 4511">
    <p class='ocr_par' dir='ltr' id='par_1_9' title="bbox 103 4459 934 4511">
     <span class='ocr_line' id='line_1_50' title="bbox 103 4459 934 4511; baseline 0.001 0"><span class='ocrx_word' id='word_1_404' title='bbox 103 4467 175 4511; x_wconf 70' lang='lat' dir='ltr'><strong>Vola.</strong></span> <span class='ocrx_word' id='word_1_405' title='bbox 193 4467 227 4510; x_wconf 88' lang='lat'><strong>11.</strong></span> <span class='ocrx_word' id='word_1_406' title='bbox 877 4459 934 4500; x_wconf 66' lang='lat' dir='ltr'><strong>Aa</strong></span> 
     </span>
    </p>
   </div>
   <div class='ocr_carea' id='block_1_5' title="bbox 0 0 1459 4772">
    <p class='ocr_par' dir='ltr' id='par_1_10' title="bbox 0 0 1459 4772">
     <span class='ocr_line' id='line_1_51' title="bbox 0 0 1459 4772; baseline 0 0"><span class='ocrx_word' id='word_1_407' title='bbox 0 0 1459 4772; x_wconf 95' lang='lat' dir='ltr'><strong> </strong></span> 
     </span>
    </p>
   </div>
  </div>
 </body>
</html>
