2878 4772
335 223 398 288 aaa
718 215 832 282 iiii
859 197 997 283 Livii

179 373 213 424 U.
225 373 254 424 c.
272 356 531 442 unciarumque,
548 353 634 441 quod
655 351 775 418 roboris
794 367 872 431 erat,
888 352 1019 440 delegit,
1035 375 1092 417 sex
1112 353 1219 417 millia
1238 352 1392 441 peditum.

177 441 208 488 L
226 438 256 487 ⁰·
272 448 327 499 ²⁰⁷·
336 441 422 506 mille
434 463 452 504 e
478 441 576 506 uites:
592 439 786 527 pronuntiat,
799 461 954 527 occupare
965 462 999 504 se
1011 441 1046 504 in
1058 439 1204 504 Lucanis
1216 439 1393 527 proximam

336 529 448 593 urbem
492 527 687 612 unicumque
703 525 738 589 in
752 548 791 590 ea
803 526 997 613 praesidium
1011 526 1115 604 velle3
1138 541 1180 591 ut
1198 525 1247 590 ad
1263 527 1330 590 iter
1346 549 1393 613 ps·

337 614 397 679 rati
412 635 523 678 omnes
538 625 651 678 essent
697 612 863 678 Profectus
877 627 972 678 nocte
986 614 1078 678 flexit
1092 612 1129 677 in
1145 613 1327 678 Picenum.

382 699 426 764 Et
447 699 558 765 consul
602 700 721 776 uidem,
739 700 868 785 quantis
890 700 1037 766 maximis
1059 699 1240 765 itineribus
1263 712 1392 800 poterat,

338 785 379 851 ad
404 785 558 874 collegam
580 723 728 863 ducebat,
750 785 862 852 relicto
888 785 929 862 Q
945 785 1041 852 Catio
1064 785 1186 873 legato,
1209 808 1275 872 qm
1297 786 1393 850 castris

271 919 279 937 .
338 885 507 961 praeesset.
553 873 676 937 Romae
698 872 786 936 baud
807 873 914 938 minus
933 874 1059 938 terroris
1078 895 1117 937 ac
1138 871 1311 938 tumultus
1327 884 1392 946 erat,

362 981 435 1024 uam
460 959 563 1024 fuerat
588 959 726 1024 triennio
752 971 836 1036 aute,
862 981 964 1046 quum
991 972 1093 1024 castra
1118 957 1256 1024 Punica
1282 959 1408 1024 obierat

338 982 495 1112 Homanis
518 1046 685 1110 moenibus
708 1046 871 1132 portisque
892 1046 1026 1110 fuerant.
1072 1043 1199 1132 Neque
1223 1045 1307 1110 setis
1329 1067 1393 1108 eoo-

339 1133 442 1198 stabat
461 1131 584 1210 animis,
600 1143 666 1196 tam
686 1131 791 1197 audax
811 1133 872 1196 iter
890 1131 1028 1197 consulis
1047 1131 1227 1196 laudarent
1241 1132 1393 1218 vitupera

339 1231 462 1284 rentne.
508 1217 694 1305 Apparebat
718 1216 800 1304 (quo
828 1217 910 1283 nihil
938 1217 1079 1308 iniquius
1108 1216 1177 1305 est)
1207 1239 1256 1282 ex
1287 1231 1393 1282 eventu

181 1313 325 1362 Manena
339 1304 457 1370 samam
485 1303 677 1369 habiturum.
724 1302 862 1369 ‘Castra
889 1325 989 1392 prope
1019 1302 1250 1369 Hannibalem
1281 1304 1393 1369 bostem

180 1391 317 1428 mnarum.
341 1391 473 1456 ‘relicta
487 1391 554 1456 sine
570 1390 652 1456 duce
666 1411 741 1455 cum
755 1391 907 1469 exercitu,
922 1391 975 1455 cui
989 1390 1174 1454 detractum
1188 1390 1283 1455 fouet
1300 1411 1392 1464 omns,

341 1477 451 1566 ‘quod
469 1477 599 1555 roboris,
615 1477 703 1564 quod
717 1477 803 1542 floris
816 1476 931 1553 fiierit3
954 1488 989 1541 et
1007 1476 1176 1541 consulem
1194 1477 1234 1541 in
1255 1477 1393 1542 Lucanos

341 1563 537 1630 ‘ostendisse
557 1565 628 1642 iter,
667 1587 745 1628 uum
759 1563 916 1630 Picenum
932 1575 965 1628 et
980 1562 1120 1627 Galliam
1139 1575 1291 1649 peteret,
1305 1579 1393 1628 castis

340 1650 596 1736 ‘relinquentem
610 1587 699 1714 milla
712 1649 774 1714 alia
788 1672 822 1714 re
837 1650 963 1727 tutiora,
975 1671 1072 1735 quam
1087 1671 1199 1714 errore
1215 1649 1333 1726 hostis
1347 1649 1392 1735 qui

341 1737 479 1801 ‘ducem
508 1736 583 1801 inde
613 1747 710 1836 atque
739 1736 898 1802 exercitus
926 1749 1047 1823 partem
1077 1736 1192 1799 abesse
1230 1736 1239 1750 '
1292 1749 1390 1800 oraret.

342 1820 455 1898 ‘Quid
468 1821 622 1900 futurum,
638 1845 665 1886 si
679 1821 714 1887 id
727 1821 832 1909 palam
847 1821 927 1887 fiat?
949 1834 983 1886 et
999 1821 1079 1886 aut'
1166 1822 1204 1885 ui
1245 1823 1392 1895 ‘monem

342 1917 437 1974 ‘cuin
459 1931 515 1973 sex
537 1907 678 1973 millibus
704 1922 895 1974 armatorum
943 1907 1107 1986 refectum,
1170 1909 1314 1974 annibal
1338 1923 1393 1973 toto

342 1995 505 2060 ‘exercitu
524 1994 611 2071 velit,
633 2007 689 2058 aut
711 2007 813 2060 castra
835 1931 995 2072 invalba
1016 1993 1154 2081 praedae
1182 1994 1316 2072 relicta,
1336 1997 1392 2058 siue

342 2081 489 2158 ‘viribus
505 2081 573 2145 sine
595 2080 739 2167 imperio,
755 2082 823 2146 siue
845 2080 1024 2168 auspicioi’
1067 2077 1211 2145 Veteres
1232 2082 1310 2146 eius
1329 2080 1392 2146 belli

341 2166 456 2245 clades,
482 2167 548 2232 duo
574 2166 719 2231 consules
743 2168 890 2254 proximo
916 2188 1000 2231 anno
1029 2165 1194 2230 interfecti
1227 2169 1391 2233 terrebmr.

342 2253 408 2319 ‘Et
422 2276 460 2318 ea
474 2253 582 2318 omnia
595 2252 756 2330 accidisse,
772 2275 873 2340 quum
892 2275 975 2318 unus
995 2252 1182 2338 imperator,
1199 2275 1295 2319 unus
1315 2275 1392 2319 esn-

343 2341 444 2405 ‘citus
468 2339 608 2405 bostium
634 2338 668 2402 in
694 2336 788 2403 Italia
812 2351 913 2404 esset:
948 2359 1035 2402 nunc
1060 2337 1129 2402 duo
1156 2338 1253 2404 bella
1283 2340 1392 2405 Punica

342 2427 453 2503 ‘facta
469 2425 549 2490 duos
570 2426 717 2512 ingentes
736 2427 904 2502 exercitus,
920 2424 1001 2491 duos
1019 2445 1118 2511 prope
1135 2422 1351 2492 Hannibales
1366 2427 1391 2488 iu

342 2512 456 2577 ‘Italia
468 2534 545 2577 esse.
583 2510 713 2598 Quippe
729 2524 762 2576 et
774 2509 1016 2588 Hasdrubalem,
1027 2524 1117 2597 patre
1131 2511 1261 2576 eodem
1280 2511 1392 2578 Hamil·

342 2607 434 2662 ‘care
448 2599 603 2684 genitum,
615 2619 716 2684 aeque
730 2597 902 2685 impigrum
913 2598 1039 2674 ducem,
1050 2619 1107 2684 per
1122 2607 1173 2661 tot
1189 2598 1230 2662 in
1242 2598 1391 2687 Hispau'n

342 2692 463 2748 ‘annos
490 2683 636 2748 Romano
665 2684 873 2749 exercitatum
901 2683 996 2760 bello,
1025 2682 1155 2768 gemina
1182 2685 1330 2751 victoria
1354 2687 1392 2748 iii·

343 2770 496 2856 ‘signem
519 2769 643 2834 duobus
666 2770 856 2835 exercitibus
879 2791 953 2834 cum
976 2768 1155 2834 clarissimis
1178 2769 1330 2837 ducibus
1348 2771 1392 2834 de·

342 2855 441 2921 ‘letis
477 2853 564 2920 Nam
578 2856 700 2920 itineris
714 2855 845 2942 quidem
860 2854 1019 2921 celeritate
1035 2877 1076 2919 ex
1092 2853 1267 2942 Hispania
1281 2875 1318 2924 et
1329 2879 1392 2923 cos·

342 2942 465 3008 ‘citatis
479 2942 521 3007 ad
535 2964 622 3006 arma
638 2941 770 3007 Gallicis
783 2942 931 3028 gentibus
946 2940 1047 3006 multo
1061 2942 1173 3027 magis,
1217 2963 1300 3008 uam
1315 2944 1393 3009 Hm·

343 3029 500 3094 ‘nibalem
519 3029 633 3116 ipsum,
648 3027 775 3115 gloriari
794 3050 895 3116 posse.
944 3027 1074 3114 Quippe
1092 3026 1128 3090 in
1148 3028 1192 3092 iis
1227 3030 1302 3096 ocis
1320 3031 1393 3095 hunc

343 3115 501 3203 ‘coegisse
521 3115 707 3192 exercitum,
723 3115 839 3202 quibus
862 3113 916 3180 ille
937 3113 1088 3178 maiorem
1107 3125 1242 3199 partem
1264 3117 1393 3181 milinm

343 3201 446 3266 ‘fame
461 3225 497 3267 ac
511 3201 530 3264 s
541 3202 549 3216 ⁶
573 3222 638 3279 ore,
654 3223 736 3287 quae
751 3201 926 3266 miserrima
944 3200 1054 3264 mortis
1094 3221 1198 3265 encra
1219 3215 1311 3279 sunt,
1327 3203 1393 3267 auii-

344 3288 472 3352 ‘sisset'
516 3289 550 3351 A
573 3287 723 3351 iiclebant
737 3287 833 3352 etiam
847 3287 1058 3374 peritirerum
1110 3285 1117 3299 ⁸
1209 3287 1274 3364 'se,
1297 3286 1391 3352 ‘baud

343 3383 437 3437 ‘cum
456 3374 566 3460 ignoto
581 3372 663 3437 duce
683 3370 722 3437 C.
737 3371 868 3438 Nerone
883 3393 1147 3459 congressurum:
1171 3373 1237 3437 sed
1250 3397 1352 3462 quem
1363 3375 1404 3436 int

342 3459 444 3524 ‘saltu
480 3459 634 3545 impedito
670 3458 711 3523 de
734 3459 886 3524 rehensus
917 3459 1008 3534 forte,
1041 3457 1128 3522 haud
1165 3481 1266 3526 secus
1305 3481 1390 3547 quam

342 3555 507 3633 ‘puerum
522 3545 707 3610 conscriben
733 3545 757 3608 's
771 3545 933 3611 fallacibus
952 3543 1191 3609 conditionibus
1214 3548 1307 3632 pacis
1321 3547 1391 3610 irus·

343 3643 463 3698 ‘tratus
481 3631 646 3698 elusisset’
675 3631 794 3697 Omnia
811 3632 931 3696 maiora
944 3630 1040 3695 etiam
1055 3651 1129 3693 vero
1145 3633 1314 3717 praesidia
1328 3633 1406 3696 he:

343 3719 432 3796 tium,
458 3718 582 3782 minora
607 3739 672 3795 sua,
701 3730 788 3782 metu
814 3718 996 3806 interprete,
1023 3737 1149 3803 semper
1174 3715 1211 3780 in
1238 3718 1391 3783 deteriora

341 3803 503 3881 inclinato,
520 3803 688 3868 ducebant.
1117 3797 1126 3820 '

373 3988 389 4034 9
407 3975 522 4022 Triennio
532 3976 602 4033 onte]
629 3974 752 4032 Triennio,
763 3972 783 4020 si
798 3987 848 4020 non
915 3987 924 4019 1
943 3973 992 4021 Sed
1001 3986 1071 4044 quern
1082 3973 1110 4018 in
1119 3971 1201 4030 solbs]
1222 3971 1266 4020 De
1282 3985 1315 4020 es
1329 3987 1353 4020 re
1365 3970 1390 4019 cl

341 4041 499 4085 numerentur
509 4041 633 4096 extremm
645 4035 848 4098 quinquennium
880 4050 944 4098 supr.
956 4049 1023 4084 xxvi.
1037 4046 1073 4096 17.

341 4113 425 4148 eorum
436 4099 635 4149 ratiohabeatur.
669 4100 848 4162 Vulgaremla·
913 4100 1029 4148 aOmnia
1038 4099 1146 4158 maiora]
1163 4098 1300 4160 Quicquid
1313 4099 1390 4148 ririim

342 4163 447 4211 ctionem
469 4163 565 4210 atmnto
584 4163 670 4210 vitium
693 4163 774 4224 potius
795 4177 847 4211 eme
879 4163 997 4210 habereut
1018 4162 1108 4222 hostes,
1126 4163 1253 4223 augebant
1279 4163 1390 4216 noma,

341 4225 492 4274 librariorum
510 4225 586 4274 credit
600 4225 705 4274 Crevier.
718 4241 792 4288 quam
806 4227 846 4275 Li·
879 4231 947 4274 metu
963 4226 1114 4288 interprete;
1133 4225 1257 4288 quicquid
1278 4227 1389 4278 habau

342 4288 374 4358 ¹iii
392 4289 418 4360 in
436 4304 462 4337 re
480 4293 532 4337 tum
552 4289 617 4336 clam
635 4293 734 4350 tamque
755 4290 846 4338 recenti
879 4289 935 4351 ipsi,
946 4289 1096 4339 minuebant
1114 4289 1195 4340 Cast.

342 4363 468 4400 incuriam.
