2878 4772
328 159 393 226 370
712 152 826 220 TITI
854 153 990 220 LIVII

174 299 209 352 U.
221 300 251 352 c.
267 313 322 364 54⁴·
331 292 365 357 in
379 292 490 380 longos
504 290 639 368 morbos,
655 311 752 378 quam
767 289 800 354 in
815 288 1012 377 perniciales,
1027 289 1136 354 erasit.
1183 287 1265 353 Eius
1287 287 1398 374 pestp

146 363 205 416 Ἰ·
222 366 252 418 ⁰·
268 365 451 478 ²⁰⁸·lentise
468 398 563 477 causo
583 388 617 442 et
635 376 847 464 supplicatum
867 376 1086 526 perlcompitp
1100 389 1167 440 tota
1163 376 1261 526 aprbe
1276 386 1344 524 effi,
1362 383 1394 442 dt

175 567 240 618 Ludi
248 569 323 631 Apol-
331 463 650 628 iirsslild,ndlulsr1liridils
641 463 934 648 inpprbetortdiidilin
944 484 1063 613 esddliim
1071 484 1165 612 ilireem
1180 483 1389 612 voldrbndll

173 633 300 681 nnumin
331 635 349 700 Ι
426 637 548 724 primus
569 636 615 700 ita
634 571 888 720 rovrtrldecitque
911 647 984 699 ente
1006 634 1091 698 diem
1114 633 1251 698 tertium
1273 631 1387 699 Nonas

174 702 321 810 pptrpetuum
369 721 505 788 uintiles.
551 720 584 786 Is
597 721 665 786 dies
680 720 797 785 deinde
812 718 963 785 sollennis
977 733 1127 786 servatus.

222 827 274 888 24,
376 808 428 874 De
444 807 604 874 Arretinis
625 819 659 872 et
679 806 763 870 famo
784 806 819 870 in
840 806 909 871 dies
930 807 1062 894 gravior,
1085 818 1119 869 et
1139 828 1221 870 cura
1244 829 1386 872 crescere

174 907 280 960 ruenni
332 895 487 961 Patribus.
533 893 645 980 Itaque
663 891 702 958 C.
716 891 854 957 Hostilio
868 892 1020 980 scriptum
1035 904 1091 970 cst,
1108 915 1149 957 ne
1165 892 1323 958 differret
1336 895 1387 957 ob-

174 974 271 1086 gff'edss
331 981 415 1046 sides
431 982 470 1046 ab
486 979 645 1047 Arretinis
659 979 819 1128 accipere:
844 990 887 1055 et,
903 979 954 1044 cui
967 978 1105 1044 traderet
1122 978 1272 1044 Romam
1287 979 1387 1044 dedu-

174 1100 231 1152 m
243 1053 283 1088 ω
331 1067 458 1144 cendos,
477 1065 516 1132 C.
526 1066 699 1132 Terentius
745 1087 815 1130 srro
834 1087 908 1129 cum
928 1065 1063 1152 imperio
1083 1065 1210 1129 missus.
1265 1065 1338 1140 Qui
1356 1079 1387 1128 ut

331 1153 469 1229 advenit,
485 1151 646 1239 externplo
662 1150 819 1216 Hostilius
840 1150 999 1238 legionem
1013 1173 1120 1226 unam,
1137 1173 1226 1250 quse
1243 1163 1324 1216 ante
1340 1173 1386 1215 nr-

330 1239 404 1305 bem
419 1251 521 1304 csstra
540 1238 685 1314 habebat,
701 1237 792 1323 signa
812 1237 847 1300 in
868 1237 980 1302 urbem
993 1237 1074 1301 ferre
1089 1236 1194 1314 iussit,
1210 1238 1386 1324 praesidis-

354 1348 394 1390 ue
417 1324 495 1390 locis
512 1323 636 1388 idoneis
650 1322 700 1387 dis
782 1322 822 1386 'tr
847 1335 914 1388 turn
931 1323 965 1386 in
979 1323 1047 1387 loro
1061 1322 1167 1387 citatis
1183 1325 1385 1388 senatoribru

331 1348 456 1476 dbsides
470 1409 644 1497 imperavit.
725 1431 802 1473 uum
817 1421 945 1474 senatus
958 1408 1091 1475 biduum
1114 1408 1156 1472 ad
1177 1410 1400 1478 consideran-t

330 1496 409 1562 dum
473 1509 554 1561 teret
575 1509 709 1583 tempus,
725 1507 781 1559 aut
802 1495 886 1595 ipsos
908 1495 1068 1583 extemplo
1085 1493 1174 1572 dnre,
1191 1510 1255 1560 aut
1277 1519 1313 1562 se
1335 1519 1385 1582 po

330 1596 415 1647 stero
450 1581 477 1646 'e
490 1595 671 1647 senatorum
682 1603 792 1646 omnes
802 1580 917 1646 liberos
928 1595 1137 1669 sumpturum,
1148 1580 1272 1646 edixit.
1310 1581 1383 1646 Inde

329 1681 436 1756 portos
450 1667 607 1733 custodire
623 1667 698 1732 iussi
714 1667 833 1733 tribuni
851 1666 999 1745 militnm,
1015 1667 1165 1756 praefecti
1192 1691 1238 1732 ue
1255 1667 1382 1742 socium,

330 1766 365 1819 et
392 1754 604 1832 centuriones,
631 1777 673 1819 ne
699 1754 770 1841 quis
799 1767 893 1818 nocte
921 1754 1000 1819 urbe
1026 1754 1136 1819 exiret.
1167 1690 1230 1818 qId
1260 1754 1381 1842 segnius

329 1840 543 1928 negligentius
567 1865 607 1906 ue
621 1841 749 1906 factum.
796 1838 927 1928 Septem
946 1839 1104 1928 principes
1119 1853 1271 1918 senatus,
1287 1841 1381 1928 prius-

330 1949 428 2013 quam
450 1939 521 1992 cust
634 1928 668 1992 in
689 1925 789 2015 portis
810 1926 998 2004 locarentur,
1013 1939 1086 1992 ante
1106 1939 1244 1990 noctem
1261 1949 1338 1992 cnm
1350 1926 1381 1990 li

329 2013 412 2078 beris
426 2025 601 2078 eraserunt
647 2013 780 2079 Postero
794 2011 847 2077 dic
869 2013 941 2078 luce
956 2013 1067 2100 prima,
1083 2033 1187 2098 quum
1204 2013 1380 2078 sensnmin

329 2098 433 2164 forum
454 2100 545 2164 citari
567 2112 698 2186 coeptus
720 2110 812 2176 esset,
827 2098 1008 2176 desiderati,
1026 2099 1177 2197 bonoque
1202 2121 1323 2164 eorum
1336 2121 1380 2162 rc—

328 2185 467 2251 nierunt.
517 2184 550 2249 A
576 2185 689 2251 ceteris
718 2185 914 2250 senatoribus
942 2198 1071 2250 centum
1096 2184 1217 2271 viginti
1249 2185 1378 2258 obsides,

328 2268 421 2336 liberi
443 2271 592 2372 ipsorum,
608 2271 739 2358 accepti,
756 2271 927 2358 traditique
944 2269 983 2336 C.
997 2270 1151 2336 Terentio
1166 2269 1321 2336 Romam
1333 2269 1380 2334 ds·
1425 2313 1426 2328 ι

329 2355 477 2422 ducendi.
523 2355 555 2422 Is
570 2357 677 2422 omnio
695 2358 897 2445 suspectiora,
913 2379 1010 2445 quam
1030 2368 1103 2422 snte
1125 2356 1275 2435 fuerant,
1292 2359 1326 2422 in
1339 2379 1378 2422 sr-
1425 2329 1426 2387 l

262 2447 284 2522 ,’
328 2454 407 2507 natu
427 2443 512 2508 fecit
557 2442 681 2530 Itaque,
697 2455 752 2508 tan
776 2465 849 2508 uam
871 2443 1057 2510 imminente
1073 2442 1216 2508 Etrusco
1231 2443 1378 2518 tumltu,
1424 2445 1425 2503 l

270 2545 277 2561 ·
328 2526 488 2613 legionem
509 2527 639 2594 alteram
661 2551 702 2595 ex
724 2465 852 2594 urbanis
867 2530 1031 2595 Arretium
1048 2529 1164 2594 ducere
1187 2529 1303 2596 iosus
1321 2532 1332 2594 i
1423 2561 1424 2620 p

330 2611 370 2677 C.
384 2612 564 2692 Terentius,
580 2637 714 2703 eamque
729 2614 845 2680 habere
867 2616 903 2680 in
923 2615 1079 2704 praesidio
1093 2614 1193 2680 urbis.
1246 2615 1291 2682 C.
1304 2551 1376 2680 ᾗ
1422 2655 1423 2736 p

328 2697 434 2763 tilium
456 2722 530 2765 cum
551 2714 656 2766 cetero
678 2701 820 2767 exercitu
840 2701 945 2789 placet
965 2714 1065 2767 totam
1085 2701 1296 2788 provinciam
1318 2725 1377 2790 per·
1421 2765 1422 2772 ι

328 2807 447 2873 agrore,
469 2799 504 2852 et
524 2809 645 2865 cavere,
668 2809 709 2852 ne
729 2810 794 2874 quo
812 2788 935 2852 occasio
960 2809 1077 2853 novare
1099 2787 1318 2873 cupientibus
1337 2810 1376 2853 res
1421 2773 1422 2853 l

327 2869 465 2937 daretur
513 2871 552 2937 Ο.
566 2871 747 2950 Terentius,
770 2886 807 2938 ut
829 2873 994 2938 Arretium
1019 2895 1093 2938 cum
1121 2873 1260 2960 legione
1289 2877 1375 2952 venit¹
1420 2917 1421 2969 p

328 2957 431 3023 elsves
445 2970 608 3046 portarum
623 2981 724 3047 quum
746 2959 945 3046 magistratus
966 2959 1169 3048 poposcisset,
1187 2962 1375 3048 negantibru
1419 3019 1420 3030 ,

327 3043 366 3108 iis
381 3067 451 3110 corn
528 3045 694 3122 re,sraude
709 3059 829 3110 amotos
843 3046 1053 3133 magistratus,
1068 3067 1165 3146 quom
1182 3047 1375 3135 negligentis
1419 3033 1420 3085 l

327 3067 533 3208 intercididdee,
549 3132 617 3218 ipse
635 3131 711 3196 alios
725 3129 829 3196 claves
843 3131 989 3198 omnibus
1010 3146 1109 3219 portis
1127 3131 1312 3218 imposuit:
1333 3155 1375 3198 cs-
1418 3129 1419 3201 l

327 3214 438 3302 vitque
452 3238 527 3281 cum
541 3239 626 3294 curs,
641 3230 678 3282 ut
692 3217 799 3281 omnio
814 3217 848 3281 in
862 3229 1016 3306 potestate
1031 3240 1088 3282 sus
1102 3231 1224 3282 essent
1274 3219 1374 3284 Hosti·
1416 3223 1418 3320 l

327 3298 407 3364 lium
427 3301 581 3367 intentius
603 3303 740 3379 monuit,¹
752 3316 790 3368 ut
811 3303 845 3367 in
865 3325 904 3368 eo
925 3325 1024 3404 spem,
1040 3325 1106 3367 non
1127 3315 1281 3395 moturos
1296 3305 1372 3392 quic

328 3408 425 3473 quam
441 3385 599 3464 Etruscos,
617 3401 760 3476 poneret,
781 3389 818 3466 si,
838 3410 880 3454 ne
895 3389 975 3477 qurd
996 3389 1115 3454 moveri
1136 3404 1262 3476 pomer,
1287 3392 1371 3456 orris

328 3485 385 3537 Bet.
1123 3533 1127 3544 .

216 3565 268 3628 25.
370 3557 423 3624 De
440 3558 622 3625 Tarentinis
636 3559 712 3626 inde
727 3583 842 3662 magna
855 3561 1059 3627 contentione
1081 3561 1116 3625 in
1135 3575 1256 3627 senatu
1275 3581 1370 3628 setun

168 3647 212 3725 1,)0,
222 3648 315 3724 ruen-
326 3665 432 3710 eoram
446 3644 555 3723 Fabio,
571 3645 764 3712 defendente
782 3669 860 3734 rpso,
875 3670 957 3735 quos
970 3671 1007 3712 ce
1049 3658 1098 3711 rat
1118 3648 1228 3726 armis,
1245 3649 1318 3714 aliis
1331 3651 1370 3712 in-

166 3717 309 3825 ppppmss
326 3730 432 3807 sensis,
455 3743 488 3796 et
512 3731 671 3819 plerisque
697 3734 906 3820 sequentibus
931 3756 986 3799 eos
1038 3754 1251 3820 ampanorum
1278 3756 1369 3800 noxae

167 3844 259 3890 neum.
387 3837 521 3902 uaeque.
577 3817 891 3884 senatusconsultum
920 3819 954 3884 in
983 3819 1173 3884 sententiam
1202 3819 1263 3884 Μ’.
1283 3819 1369 3886 Acilii

338 3912 443 3965 sctum
459 3913 516 3980 est,
532 3915 569 3967 ut
584 3904 738 3994 oppidum
759 3905 916 3993 praesidio
935 3905 1163 3970 custodiretur:
1190 3904 1368 3972 Tarentini

356 4069 669 4133 4Btduom...tempm]
695 4070 830 4120 Inhoclo·
863 4070 1185 4133 dierum,quemsdmodum
1203 4071 1237 4120 rb
1252 4073 1366 4124 udus

324 4132 423 4182 cutione
446 4133 556 4181 abundat
581 4131 610 4179 rb
631 4141 733 4195 umpro,
754 4149 830 4196 quum
863 4134 987 4184 locutione
1004 4137 1081 4184 viduo
1098 4135 1196 4194 misr,
1216 4151 1260 4200 ap.
1279 4137 1367 4187 Tafis

323 4196 423 4246 bidom
440 4209 484 4258 per
499 4209 525 4244 re
539 4200 607 4244 notet
618 4197 830 4259 tempusduorum
864 4197 957 4248 Heaut.
969 4213 991 4248 v.
1005 4213 1026 4249 r.
1037 4199 1076 4248 82.
1095 4199 1167 4249 Dus.
