2874 4772
350 229 445 296 LIB.
469 229 615 296 XXVIL
646 230 756 297 CAP.
781 236 810 297 5.
1042 235 1104 302 345

49 367 172 443 ictum,
187 387 224 430 ac
234 387 333 453 prope
345 367 432 431 omni
446 377 531 432 tecto
544 365 719 431 nudatum:
743 365 855 432 iisdem
869 365 968 430 ferme
982 363 1105 442 diebus,
1116 377 1150 428 U.
1161 375 1191 428 c.
1207 390 1263 440 542·

51 452 231 538 Anagniae
247 467 361 517 terram
381 465 454 518 ante
473 467 597 540 portam
616 452 721 530 ictam,
736 452 822 518 diem
842 475 879 517 ac
897 463 1024 518 noctem
1038 443 1145 516 sineL
1161 442 1192 492 ⁰·
1209 455 1263 492 ²¹⁰·

20 538 130 614 5ullo
139 539 221 626 ignis
230 538 381 604 alimento
391 540 512 604 arsisse:
528 539 882 626 etavesadcompiturn
890 537 1106 624 Ariagninum,

52 626 97 689 in
113 623 186 690 luco
201 625 325 690 Dianae
337 626 429 691 nidos
439 625 474 690 in
488 626 649 691 arboribus
663 625 843 726 reliquisse:
868 624 1058 690 Tarracinae
1072 623 1107 687 in

53 712 145 776 mari
159 711 246 776 haud
259 711 370 799 procul
388 726 483 800 portu
497 735 616 800 angues
633 735 665 776 m
741 711 859 777 tudinis
873 711 971 776 mirae
985 709 1108 776 lascivi·

55 798 189 862 entium
206 799 341 887 piscium
362 797 457 864 modo
476 798 665 864 exsultasse:
721 798 873 885 arquiniis
929 819 1018 862 rcum
1033 819 1107 862 cum

55 907 120 948 ore
135 884 275 950 humano
285 884 445 972 genitum:
470 886 551 950 etin
562 907 637 973 agro
650 882 825 971 Capenate,
836 884 878 949 ad
904 905 1001 948 ucum
1012 882 1109 948 fero-

55 971 149 1048 niae,
169 985 319 1058 quattuor
337 972 427 1058 signa
447 972 601 1059 sangirine
623 969 724 1036 multo
745 971 832 1036 diem
849 993 886 1036 ac
907 983 1033 1035 noctem
1055 993 1108 1040 su·

56 1058 166 1122 dasse.
212 1057 303 1124 Haec
321 1057 466 1146 prodigia
485 1057 594 1124 hostiis
609 1057 778 1124 maioribus
819 1070 962 1136 rocurata
980 1056 1109 1122 decreto

56 1145 272 1233 pontificum:
296 1159 330 1209 ct
354 1144 540 1233 supplicatio
562 1144 650 1210 diem
670 1167 771 1210 unum
795 1080 918 1210 domae
938 1143 980 1208 ad
1001 1143 1109 1208 omnia

56 1231 251 1381 pugionis,
267 1231 410 1309 alterum,
425 1231 461 1295 in
477 1230 641 1318 Capenate
660 1253 745 1318 agro,
760 1230 802 1295 ad
823 1229 975 1296 Feroniae
989 1228 1108 1307 lucum,

57 1341 101 1382 ln
137 1331 196 1382 cta.

110 1403 159 1468 M
172 1403 318 1469 Valerius
332 1403 443 1470 consul
461 1403 560 1470 literis
574 1404 706 1482 excitus,
721 1403 884 1505 provincia
903 1402 1108 1489 exercituque
1176 1410 1207 1472 5.

60 1490 216 1556 mandato
244 1489 360 1556 Cincio
385 1491 532 1578 praetori,
556 1489 604 1556 M
622 1489 751 1556 Valeno
777 1488 927 1556 Messalla
951 1489 1110 1576 praefecto
1118 1493 1232 1544 veressus

60 1577 172 1643 clamis
186 1600 260 1642 cum
274 1590 362 1664 parte
378 1579 506 1642 narium
526 1579 561 1642 in
576 1577 718 1642 Africam
732 1576 916 1678 praedatum
931 1575 1024 1641 simul
1039 1559 1257 1672 wiffredi:

60 1663 281 1750 cnlatumqne,
301 1687 383 1752 quae
403 1664 540 1752 populus
556 1663 656 1730 Carth
698 1664 706 1678 '
743 1664 827 1728 ensis
846 1675 953 1750 ageret
972 1673 1111 1750 pararet·
1259 1658 1267 1672 '

60 1774 143 1838 que,
165 1751 269 1827 misso,
294 1751 360 1838 ipse
381 1750 493 1816 decem
515 1751 647 1816 navibus
706 1773 809 1816 omem
853 1749 989 1816 rofectus
1010 1770 1110 1835 quum

60 1859 216 1926 prospere
241 1837 443 1924 pervenisset,
467 1850 612 1903 senatum
641 1835 801 1925 extemplo
829 1772 948 1902 babuit
993 1833 1044 1900 Ibi
1068 1834 1110 1899 de

28 1924 134 1990 6suis
144 1924 237 1988 rebus
250 1923 346 2011 gestis
360 1924 623 1989 commemoravit.
670 1923 803 1998 ‘Quum
815 1945 913 1988 annos
927 1943 1025 2010 prope
1040 1935 1235 2008 sex-lteram

64 2019 78 2048 ‘
89 2010 199 2096 aginta
212 2011 247 2074 in
264 2009 371 2075 Sicilia
384 2023 467 2074 terra
484 2010 625 2110 marique
640 2032 733 2096 saepe
750 2009 874 2096 magnis
890 2007 1031 2075 cladibus
1045 1998 1146 2071 bel·1¹1
1157 1998 1262 2110 &effi

31 2097 191 2174 7‘latum
217 2110 308 2174 esset,
334 2119 368 2161 se
397 2118 468 2162 eam
493 2097 686 2182 provinciam
715 2095 893 2160 confecisse.
939 2067 1199 2176 Neminemssffl

65 2183 387 2270 ‘Carthaginiensem
406 2183 441 2246 in
466 2181 572 2246 Sicilia
592 2203 677 2246 esse:
701 2181 862 2246 neminem
885 2179 1037 2257 Siculum,
1056 2180 1113 2267 qui

65 2279 179 2334 ‘metu
198 2269 273 2334 inde
292 2269 393 2356 fugati
413 2269 558 2346 afuerint,
574 2290 639 2332 non
659 2290 746 2333 esse:
771 2289 880 2332 omnes
899 2267 934 2331 in
953 2267 1056 2343 urbes,
1077 2267 1112 2332 in

65 2367 80 2396 ‘
90 2379 183 2444 agros
197 2378 269 2420 suos
279 2356 437 2434 reductos,
452 2377 548 2432 arare,
561 2377 681 2419 serere:
704 2354 862 2418 desertam
872 2353 968 2419 recoli
984 2352 1114 2418 tandem

66 2453 216 2520 ‘terram,
238 2442 417 2530 frugiferam
445 2441 521 2528 ipsis
550 2441 732 2518 cultoribus,
755 2439 937 2542 populoque
967 2440 1115 2506 Romano

32 2547 54 2594 8
69 2540 81 2570 ‘
153 2553 171 2594 e
200 2553 237 2594 ac
270 2529 354 2593 bello
386 2529 573 2593 fidissimum
602 2550 746 2593 annonae
776 2527 969 2592 subsidium’
1027 2525 1115 2590 Exin
1192 2551 1197 2560 ·

113 2617 213 2694 utine,
229 2616 301 2680 etsi
315 2638 450 2702 quorum
465 2615 598 2680 aliorum
613 2615 724 2680 merita
738 2637 813 2701 erga
825 2613 979 2701 populum
995 2613 1115 2678 Roma-

67 2725 152 2769 num
174 2716 274 2779 erant,
293 2704 328 2766 in
351 2715 496 2767 senatum
517 2701 715 2779 introductis,
736 2701 871 2766 honores
893 2701 1051 2777 omnibus,
1073 2699 1115 2764 ad

67 2788 298 2856 exsolvendam
317 2788 414 2854 fidem
429 2812 448 2853 a
461 2788 600 2866 consule,
615 2789 724 2854 babiti.
770 2787 914 2853 Mutines
928 2788 1024 2852 etiam
1038 2786 1116 2851 civis

71 2877 240 2942 Romanus
253 2875 362 2952 factus,
374 2877 536 2963 rogatione
551 2877 591 2941 ab
607 2876 733 2940 tribuno
751 2873 861 2962 plebis,
874 2897 915 2939 ex
929 2873 1115 2939 auctoritate

70 2964 216 3040 Petrum,
232 2962 272 3026 ad
285 2961 411 3050 plebem
426 2961 497 3026 lata.

119 3047 208 3114 Dum
223 3049 301 3113 baec
317 3047 438 3113 Romae
456 3060 620 3134 geruntur,
635 3044 684 3111 M.
696 3045 844 3110 Valerius
859 3043 1009 3110 Messalla
1022 3043 1217 3144 quin-clamis
1257 3117 1264 3130 ι

72 3137 228 3224 quaginta
241 3135 373 3200 navibus
387 3156 487 3221 quum
501 3145 574 3197 ante
595 3133 699 3197 lucem
714 3132 755 3196 ad
770 3131 913 3196 Africam
927 3143 1115 3208 accessisset,
1127 3119 1200 3168 Rom.
1211 3119 1276 3220 Mn]

72 3222 244 3310 improviso
263 3222 299 3285 in
318 3243 429 3307 agrum
450 3219 634 3284 Uticensem
654 3217 892 3282 exscensioncm
911 3217 1004 3281 fecit:
1028 3197 1262 3299 eum-iiiii,popu

74 3331 140 3396 qne
165 3307 228 3373 late
253 3306 472 3395 depopulatus,
495 3305 602 3370 multis
627 3303 811 3369 mortalibus
832 3326 905 3368 cum
930 3302 992 3367 alia
1016 3303 1118 3368 omnis

73 3395 201 3484 generis
225 3394 346 3496 praeda
367 3393 476 3481 captis,
499 3390 540 3456 ad
561 3413 657 3456 naves
678 3389 780 3468 rediit,
803 3402 898 3477 atque
920 3389 955 3454 in
980 3388 1119 3454 Siciliam

75 3481 265 3548 transmisit:
297 3480 390 3546 tertio
415 3479 540 3544 decimo
561 3478 624 3555 die,
646 3498 743 3578 quam
764 3476 922 3565 profectus
944 3475 1019 3540 inde
1041 3491 1117 3554 erat,

76 3568 268 3656 Lilybaeum
285 3579 436 3633 revectus
482 3565 535 3630 Ex
549 3565 689 3653 captivis,
705 3562 887 3650 quaestione
908 3563 1025 3640 habita,
1041 3561 1119 3628 haec

77 3669 249 3743 comperta,
265 3654 450 3742 consulique
471 3652 614 3717 laevino
629 3651 735 3716 omnia
755 3650 865 3715 ordine
885 3648 1067 3738 perscripta,
1084 3663 1120 3714 ut

78 3743 182 3822 sciret,
201 3765 265 3831 quo
286 3743 321 3807 in
340 3754 424 3806 statu
445 3763 494 3806 res
517 3739 643 3806 Africae
665 3749 778 3802 essent
824 3736 1000 3824 ‘Quinque
1023 3736 1121 3802 millia

115 4013 129 4060 5
145 3995 462 4060 Ompitamdaapninum]
478 3993 585 4042 Hoano-
618 3991 732 4042 ainrirum
744 3993 798 4054 488.
811 3992 845 4042 U.
853 3993 883 4042 0.
899 4009 915 4042 a
930 4008 979 4056 quo
994 3993 1035 4042 hic
1051 3993 1121 4056 quin-

81 4077 140 4112 men
161 4061 217 4122 loci,
235 4060 322 4119 idest,
341 4059 387 4108 vici
406 4057 517 4117 alicuius,
536 4057 585 4106 sive
617 4057 770 4121 quagesimae
799 4057 897 4120 quintus
927 4073 1005 4108 annus
1034 4059 1123 4121 agitur.

81 4125 264 4188 oppiduli‚esse
278 4130 362 4172 monet
377 4121 515 4172 Douiatiua
552 4122 586 4172 A:
617 4121 698 4172 Caura

82 4205 133 4254 quo
145 4197 243 4238 anctore
259 4189 284 4237 id
300 4188 412 4246 affirmet,
425 4187 512 4234 docere
529 4201 585 4248 neg·
654 4187 840 4248 7Prooinct'om
860 4186 1000 4246 consociare]
1030 4183 1121 4232 Debel-

83 4254 151 4304 lexit.
185 4255 236 4302 Res
250 4251 392 4316 perseipsa
405 4251 538 4299 admodum
549 4255 586 4298 est
618 4251 806 4310 lassc.cf.supr.
818 4249 884 4298 xxvi.
898 4263 936 4297 or.

83 4317 226 4367 verisimilis.
242 4318 322 4368 cmv.
649 4315 665 4361 8
681 4316 750 4361 Em'n
759 4315 872 4372 Mutine]
895 4311 949 4367 Qui
964 4308 1121 4371 Agrigentum

117 4379 132 4430 6
142 4384 227 4431 Annos
235 4397 311 4444 prope
321 4379 461 4442 magistro]
475 4377 515 4427 Ab
522 4393 587 4426 anno
620 4377 753 4440 prodidisse
763 4377 874 4436 tmditur,
885 4389 950 4437 supr.
961 4371 1027 4422 xxvi.
1039 4386 1077 4432 eo.
