2866 4770
345 203 442 269 Llss.
466 201 580 271 xxx
614 205 726 273 our.
750 213 802 274 sa.
1036 183 1101 279 ses

26 355 125 421 4que,
144 335 247 414 ludos,
290 359 358 416 uos,
379 336 427 403 Μ.
443 338 582 405 Claudio
604 338 769 420 Marcello,
791 342 830 408 T.
847 342 1001 419 Quinctio
1022 358 1186 410 eon-tm.
1202 373 1258 423 550·

54 420 179 500 sulibus,
213 422 253 488 T.
326 424 429 490 aniius
457 425 601 504 dictator,
632 451 774 516 quasque
811 428 929 495 hostius
965 425 1138 497 maioresAu
1156 425 1185 475 ⁰·
1201 438 1258 474 ²⁰²·

54 522 186 586 voverat,
202 510 302 598 siper
338 511 573 598 uinquennium
591 512 671 578 illud
688 515 865 602 respublica
881 515 995 581 eodem
1013 529 1098 583 statu

25 593 169 674 sfuisset,
187 609 225 661 ut
247 619 301 662 eos
316 534 416 663 ludos
431 599 594 677 consules,
612 600 797 700 priusquam
820 602 861 666 ed
885 601 1001 667 bellum
1024 625 1098 691 pro-

52 679 274 761 ficiscerentur,
303 683 453 750 facerent
499 684 587 750 Ludi
618 709 654 750 ιιι
686 687 771 752 circo
803 709 862 775 per
890 688 1096 778 quatriduum

51 765 143 833 sacti:
167 769 363 858 hostiaeque,
380 770 495 857 quibus
509 783 600 837 votae
616 785 707 838 erant
721 773 791 850 diis,
806 796 924 839 caesae.

96 852 183 920 Inter
199 855 277 922 haec
299 856 393 921 simul
407 879 487 945 spes,
503 857 598 923 simul
612 881 688 923 eura
701 859 735 923 in
750 859 818 924 dies
833 861 1009 926 crescebat:
1035 884 1096 927 nec
1195 905 1204 922 .

50 940 124 1005 satis
137 955 260 1007 certum
274 956 418 1008 constare
436 967 455 1008 a
477 943 522 1010 ud
543 944 685 1009 animum
706 959 840 1032 poterat,
856 959 961 1011 utrum
978 947 1096 1034 gaudio

50 1025 182 1112 dignum
202 1041 294 1107 esset,
311 967 536 1108 Hannibalem,
551 1043 623 1118 post
644 1044 769 1110 sextum
791 1033 951 1098 decimum
974 1057 1095 1098 annum

49 1133 93 1176 ex
107 1113 199 1179 Italia
211 1115 431 1194 decedentem,
446 1139 578 1182 vacuam
598 1117 826 1205 possessionem
846 1120 913 1184 eius
930 1119 1095 1207 reliquisse

48 1200 167 1287 populo
183 1201 340 1280 Romano,
356 1225 397 1268 an
415 1204 515 1290 magis
534 1203 754 1283 metuendum,
769 1205 857 1306 quod
872 1206 1024 1271 incolumi
1039 1229 1096 1272 ex·

47 1286 150 1352 ercitu
164 1289 198 1351 in
212 1288 355 1354 Africam
370 1291 539 1355 transisset
588 1289 733 1356 ‘Locum
754 1293 915 1370 nimirum,
931 1316 995 1358 non
1011 1293 1179 1380 peri-amri
1190 1299 1243 1350 Re

49 1374 188 1452 ‘culum
215 1389 389 1453 mutetum3
421 1377 511 1441 cuius
534 1389 641 1442 tantae
664 1377 876 1443 dimicationis
898 1393 1013 1457 vatem,
1038 1367 1214 1476 quiffilg’l'

47 1467 173 1548 ‘nuper
186 1460 380 1540 decessisset,
398 1462 439 1538 Q,
451 1463 585 1527 Fabium
600 1463 686 1528 haud
700 1463 815 1529 bantra
827 1487 941 1530 canere
956 1465 1094 1543 solitum,
1104 1443 1234 1542 miii&

48 1547 244 1646 ‘graviorem
259 1549 293 1612 in
308 1571 365 1614 sua
380 1560 461 1614 terra
472 1549 615 1613 futurum
627 1549 749 1615 hostem
762 1550 987 1629 Hannibalem,
998 1575 1094 1639 quam
1103 1555 1141 1606 ua

47 1641 105 1696 ‘m
127 1633 230 1699 aliena
242 1634 359 1700 fuisset.
407 1634 478 1701 Nec
496 1634 637 1723 Scipioni
652 1648 707 1701 aut
721 1659 795 1702 cum
812 1636 968 1726 Syphace,
984 1638 1096 1704 incon·

14 1719 156 1785 6‘ditee
177 1720 337 1786 barbariae
360 1744 444 1809 rege,
460 1722 513 1786 cui
531 1721 686 1788 Statorius
708 1723 852 1788 semilixa
870 1724 986 1790 ducere
1004 1747 1096 1790 exer-

45 1805 152 1871 ‘citus
173 1806 283 1872 solitus
304 1808 354 1885 sit,
370 1821 426 1874 aut
439 1831 513 1874 cum
528 1831 636 1873 socero
651 1809 719 1873 eius
735 1809 945 1888 Hasdrubale,
960 1810 1096 1897 fugacis·

45 1893 150 1958 ‘simo
165 1893 257 1971 duce,
275 1916 343 1958 rem
362 1895 511 1972 sutrinam,
527 1907 583 1959 aut
604 1893 817 1959 tumultuariis
837 1896 1037 1974 exercitibus,
1054 1919 1096 1962 ex

44 1980 241 2079 ‘agrestium
261 1981 420 2046 semiermi
437 1981 529 2046 turba
542 1980 647 2045 subito
662 1979 819 2058 collectis3
843 1981 899 2046 sed
914 2004 988 2046 cum
1004 1981 1097 2047 Han·

43 2073 58 2105 ‘
69 2064 185 2144 urbale,
208 2089 308 2154 prope
336 2081 412 2132 nato
439 2067 474 2132 in
502 2067 660 2154 praetorio
685 2067 792 2154 patris,
814 2066 975 2132 fortissimi
995 2069 1094 2146 ducis,

42 2151 146 2217 ‘alito
168 2165 264 2239 atque
288 2153 424 2219 educato
448 2153 532 2218 inter
554 2175 649 2231 arma,
673 2175 773 2241 puero
795 2153 957 2242 quondam
982 2154 1094 2233 milite,

11 2246 56 2310 7‘
68 2237 201 2303 vixdum
227 2240 341 2305 iuvene
364 2241 408 2304 im
450 2252 573 2305 ratore:
600 2239 656 2327 qui
680 2262 779 2304 senex
800 2239 958 2305 vincendo
983 2241 1095 2319 factus,

42 2323 252 2412 ‘Hispanias
269 2325 400 2404 Gallias,
409 2263 542 2390 lialiam
564 2326 604 2391 ab
622 2325 760 2414 Alpibus
781 2325 824 2390 ad
844 2326 960 2392 fretum
982 2350 1096 2392 monu-

6 2420 55 2478 8‘
69 2411 186 2476 mentis
205 2413 384 2500 ingentium
406 2435 512 2477 rerum
527 2411 722 2500 complesset.
768 2411 896 2478 Ducere
919 2413 1095 2478 exercitum

40 2497 236 2598 ‘aequalem
257 2499 423 2585 stipendiis
445 2499 519 2576 suis,
542 2497 691 2563 duratum
714 2499 858 2564 omnium
882 2521 988 2564 rerum
1014 2500 1097 2602 pati·

39 2592 55 2624 ⁶
67 2598 166 2662 entra,
175 2608 254 2672 quas
268 2587 322 2650 vix
333 2585 413 2650 fides
427 2585 483 2650 liat
497 2585 642 2650 homines
656 2607 780 2686 passos3
804 2585 966 2674 perfusum
981 2586 1096 2652 millies

39 2679 181 2736 ‘amore
198 2671 365 2749 Roman03
388 2671 519 2739 exuvias
537 2694 604 2737 non
625 2672 762 2737 m1litum
778 2686 911 2750 tantum,
928 2672 1096 2739 sedetiam

40 2757 306 2844 ‘imperatorum
322 2770 510 2846 portantem.
557 2758 679 2823 Multos
697 2781 880 2825 occursuros
897 2759 1039 2846 Scipioni
1060 2759 1097 2824 in

38 2853 54 2885 ‘
67 2843 148 2922 acie,
168 2845 226 2932 qui
246 2857 416 2932 praetores,
458 2844 492 2908 ui
513 2845 727 2932 imperatores,
743 2845 799 2931 qui
817 2845 961 2910 consules
977 2845 1096 2910 Roma·

38 2939 129 2994 ‘nos
158 2953 215 2996 sua
242 2948 340 2997 manu
365 2867 563 3008 occidissent,
588 2930 761 2994 muralibus
785 2929 1016 3016 vallaribusque
1046 2931 1096 2995 in·

36 3016 176 3104 ‘signes
196 3017 332 3097 coronis,
347 3029 532 3106 pervagatos
554 3029 646 3103 capta
667 3029 777 3092 castra,
793 3029 900 3103 captas
919 3017 1012 3081 urbes
1028 3016 1096 3081 Ro-

36 3113 52 3146 ‘
66 3125 187 3169 manas.
234 3103 312 3170 Non
333 3127 400 3170 esse
422 3102 518 3168 hodie
541 3115 589 3168 tot
609 3100 708 3166 fasces
730 3101 963 3190 magistratibus
984 3102 1096 3190 populi

35 3199 51 3232 ‘
67 3187 220 3268 Romani,
253 3203 311 3256 uot
324 3213 362 3256 ca
383 3203 433 3256 tos
447 3212 488 3254 ex
500 3189 596 3253 caede
611 3187 838 3275 imperatorum
851 3188 1009 3276 praeferre
1023 3210 1096 3275 pos·

31 3287 51 3319 ⁴
65 3289 118 3340 set
130 3213 314 3342 HannibaL'
384 3299 417 3340 as
432 3274 617 3340 formidines
631 3274 781 3362 agitando
796 3275 918 3353 animis,
931 3275 991 3363 ipsi
1006 3297 1096 3340 curas

32 3375 79 3430 et
98 3374 204 3428 metus
225 3385 244 3428 a
307 3363 385 3428 bant
406 3362 512 3440 etiam,
528 3360 626 3448 quod,
664 3383 741 3426 uum
763 3374 941 3426 assuessent
961 3383 1019 3449 per
1039 3361 1097 3426 ali·

33 3461 128 3540 quot
149 3471 249 3515 annos
311 3449 389 3514 llum
407 3462 480 3514 ante
501 3445 609 3514 oculos
660 3448 698 3512 ris
719 3460 815 3536 atque
837 3446 907 3513 aliis
928 3447 962 3512 in
984 3446 1095 3513 Italiae

76 3648 203 3708 4Ludos,
284 3646 495 3698 ...uniantur
509 3645 557 3694 clio·
590 3640 651 3692 toris
665 3642 767 3691 fortasse
783 3639 878 3690 dictum
895 3641 927 3689 ad
943 3654 994 3689 rem
1008 3655 1096 3704 augen-

30 3713 125 3772 emor]
144 3711 201 3760 Hos
211 3663 283 3761 iliade
297 3710 355 3760 iussi
368 3711 467 3760 merent
478 3709 559 3758 faeere
591 3707 656 3756 dam.
690 3705 746 3755 Nisi
762 3705 844 3768 potius
856 3705 988 3754 dicendum
1005 3712 1042 3754 est
1056 3705 1096 3780 Li-

31 3778 162 3828 consules
179 3775 309 3838 superioris
325 3775 392 3834 anni,
410 3789 459 3836 quo
477 3771 557 3834 reipsa
590 3771 655 3820 rium
666 3769 706 3819 hic
718 3785 749 3818 ex
760 3784 828 3818 more
838 3769 1007 3819 Romanorum
1019 3770 1096 3832 loqur,
1142 3799 1145 3806 ·

30 3839 244 3904 quinquennium
268 3855 285 3887 a
306 3838 402 3889 Manlio
426 3837 557 3886 definitum
588 3836 656 3898 apud
668 3848 729 3897 quos
739 3831 837 3881 initium
849 3831 981 3882 senectutis
991 3835 1023 3882 ab
1031 3848 1097 3882 anno

30 3904 218 3955 claudebatur.
251 3903 360 3952 Necesse
374 3908 411 3950 est
425 3900 499 3964 igitur
513 3899 557 3948 nli·
589 3899 677 3948 aetatis
687 3903 756 3946 sexto
767 3903 793 3945 et
804 3897 987 3971 quadragesimo
998 3899 1096 3960 peteba-

28 3982 95 4032 qua
115 3967 274 4018 intervenerit
293 3981 370 4026 mora,
388 3980 452 4027 quae
471 3979 513 4012 eos
531 3962 558 4012 in
589 3968 635 4012 tur.
660 3963 691 4011 Id
702 3966 786 4010 autem
797 3965 954 4010 aetatrstunc
965 3963 1097 4011 eratHan-

28 4034 113 4084 hunc
124 4046 218 4080 annum
229 4031 328 4080 relicere
339 4029 452 4093 coegerit,
469 4029 550 4078 caer.
589 4025 665 4076 nibal.
691 4027 750 4088 Ipse
760 4023 814 4074 infr.
825 4036 862 4088 37.
872 4027 902 4074 de
913 4041 939 4073 ee
950 4025 993 4085 sit,
1003 4028 1097 4075 Novem

76 4109 92 4158 5
115 4097 205 4146 Utens
222 4097 303 4158 ludos]
322 4096 388 4145 Ante
405 4093 467 4143 baec
485 4093 559 4140 verba
590 4106 712 4140 comeum
726 4107 743 4138 o
757 4091 823 4138 vobis
837 4091 971 4151 profectur,
984 4097 1039 4151 port
1053 4091 1097 4137 tri·

27 4159 137 4222 supple
147 4161 269 4210 decretum
275 4161 338 4221 Ῑιιίι.
586 4156 704 4217 perimam
714 4161 808 4203 metum
819 4169 913 4200 annum
924 4155 994 4201 redii.
1015 4153 1096 4201 Casu.

76 4221 94 4272 6
112 4223 161 4272 unt
173 4225 297 4273 Statorius
310 4223 436 4282 semilixa]
453 4220 494 4269 De
509 4219 556 4268 hoc
621 4219 636 4266 8
653 4221 751 4268 Ducere
770 4217 914 4276 censitam]
939 4217 1047 4265 Duceret
1065 4231 1096 4263 ex

28 4287 156 4341 Statorio
167 4288 198 4336 cf.
209 4303 275 4351 supr.
286 4287 354 4336 xxiv.
365 4287 404 4345 48.
589 4281 762 4331 emendatione
774 4279 893 4330 Gronovii
909 4280 1018 4342 reposuit
1032 4279 1097 4328 Bek-

79 4363 94 4413 7
112 4353 163 4410 Qvi
173 4367 248 4403 senes
258 4351 482 4413 otnomdosaottoe]
496 4348 556 4399 Ora·
590 4347 643 4406 lter.

89 4434 169 4480 von
187 4435 221 4480 ru
850 4425 875 4468 Μ
891 4427 922 4468 m
