<?xml version="1.0" encoding="UTF-8"?>
<!DOCTYPE html PUBLIC "-//W3C//DTD XHTML 1.0 Transitional//EN"
    "http://www.w3.org/TR/xhtml1/DTD/xhtml1-transitional.dtd">
<html xmlns="http://www.w3.org/1999/xhtml" xml:lang="en" lang="en">
 <head>
  <title>
</title>
<meta http-equiv="Content-Type" content="text/html;charset=utf-8" />
  <meta name='ocr-system' content='tesseract 3.04.00' />
  <meta name='ocr-capabilities' content='ocr_page ocr_carea ocr_par ocr_line ocrx_word'/>
</head>
<body>
  <div class='ocr_page' id='page_1' title='image "./tliviipatavinih00kreygoog_0080.png"; bbox 0 0 3002 4798; ppageno 0'>
   <div class='ocr_carea' id='block_1_1' title="bbox 119 255 1318 544">
    <p class='ocr_par' dir='ltr' id='par_1_1' title="bbox 119 255 1318 544">
     <span class='ocr_line' id='line_1_1' title="bbox 429 255 1166 326; baseline 0.003 -2"><span class='ocrx_word' id='word_1_1' title='bbox 429 257 524 324; x_wconf 92' lang='lat' dir='ltr'><strong>LIB.</strong></span> <span class='ocrx_word' id='word_1_2' title='bbox 549 257 663 324; x_wconf 92' lang='lat' dir='ltr'><strong>XXII.</strong></span> <span class='ocrx_word' id='word_1_3' title='bbox 695 257 806 325; x_wconf 88' lang='lat' dir='ltr'><strong>CAP.</strong></span> <span class='ocrx_word' id='word_1_4' title='bbox 832 267 860 326; x_wconf 90' lang='grc'><strong>9.</strong></span> <span class='ocrx_word' id='word_1_5' title='bbox 1125 255 1166 326; x_wconf 77' lang='grc'><strong>69</strong></span> 
     </span>
     <span class='ocr_line' id='line_1_2' title="bbox 119 391 1318 544; baseline 0.006 -89"><span class='ocrx_word' id='word_1_6' title='bbox 119 391 378 544; x_wconf 58' lang='lat' dir='ltr'><strong>ffllantesque</strong></span> <span class='ocrx_word' id='word_1_7' title='bbox 397 406 452 458; x_wconf 89' lang='lat' dir='ltr'><strong>aut</strong></span> <span class='ocrx_word' id='word_1_8' title='bbox 466 395 663 459; x_wconf 80' lang='lat' dir='ltr'><strong>consolantes</strong></span> <span class='ocrx_word' id='word_1_9' title='bbox 680 395 886 460; x_wconf 81' lang='lat' dir='ltr'>redeuntibus</span> <span class='ocrx_word' id='word_1_10' title='bbox 906 395 1018 460; x_wconf 90' lang='lat' dir='ltr'><strong>domos</strong></span> <span class='ocrx_word' id='word_1_11' title='bbox 1032 395 1166 460; x_wconf 88' lang='lat' dir='ltr'><strong>circum-</strong></span> <span class='ocrx_word' id='word_1_12' title='bbox 1176 413 1209 462; x_wconf 84' lang='lat' dir='ltr'><strong>U.</strong></span> <span class='ocrx_word' id='word_1_13' title='bbox 1221 413 1250 462; x_wconf 81' lang='lat' dir='ltr'><strong>c,</strong></span> <span class='ocrx_word' id='word_1_14' title='bbox 1263 426 1318 476; x_wconf 76' lang='lat'><strong>535.</strong></span> 
     </span>
    </p>
   </div>
   <div class='ocr_carea' id='block_1_2' title="bbox 82 478 1378 4036">
    <p class='ocr_par' dir='ltr' id='par_1_2' title="bbox 116 478 1319 1176">
     <span class='ocr_line' id='line_1_3' title="bbox 262 478 1318 590; baseline -0.004 -47"><span class='ocrx_word' id='word_1_15' title='bbox 262 478 464 544; x_wconf 83' lang='lat' dir='ltr'><strong>Feminarum</strong></span> <span class='ocrx_word' id='word_1_16' title='bbox 486 482 655 568; x_wconf 80' lang='lat' dir='ltr'>praecipue</span> <span class='ocrx_word' id='word_1_17' title='bbox 677 495 711 546; x_wconf 92' lang='lat' dir='ltr'><strong>et</strong></span> <span class='ocrx_word' id='word_1_18' title='bbox 728 481 845 582; x_wconf 88' lang='lat' dir='ltr'><strong>gaudia</strong></span> <span class='ocrx_word' id='word_1_19' title='bbox 861 482 997 570; x_wconf 89' lang='lat' dir='ltr'><strong>insignia</strong></span> <span class='ocrx_word' id='word_1_20' title='bbox 1017 493 1116 559; x_wconf 88' lang='lat' dir='ltr'><strong>erant,</strong></span> <span class='ocrx_word' id='word_1_21' title='bbox 1132 478 1204 590; x_wconf 39' lang='lat' dir='ltr'><strong>etz·</strong></span> <span class='ocrx_word' id='word_1_22' title='bbox 1219 478 1251 589; x_wconf 47' lang='grc' dir='ltr'><strong>ιθ·</strong></span> <span class='ocrx_word' id='word_1_23' title='bbox 1263 491 1318 539; x_wconf 75' lang='lat'><strong>¹¹7·</strong></span> 
     </span>
     <span class='ocr_line' id='line_1_4' title="bbox 119 557 1319 658; baseline 0.003 -29"><span class='ocrx_word' id='word_1_24' title='bbox 119 565 234 631; x_wconf 77' lang='lat' dir='ltr'><strong>luctus.</strong></span> <span class='ocrx_word' id='word_1_25' title='bbox 282 566 390 631; x_wconf 88' lang='lat' dir='ltr'><strong>Unam</strong></span> <span class='ocrx_word' id='word_1_26' title='bbox 410 567 445 631; x_wconf 92' lang='lat' dir='ltr'><strong>in</strong></span> <span class='ocrx_word' id='word_1_27' title='bbox 459 568 527 654; x_wconf 86' lang='lat' dir='ltr'><strong>ipsa</strong></span> <span class='ocrx_word' id='word_1_28' title='bbox 548 581 647 654; x_wconf 88' lang='lat' dir='ltr'><strong>porta,</strong></span> <span class='ocrx_word' id='word_1_29' title='bbox 662 569 772 656; x_wconf 83' lang='lat' dir='ltr'><strong>sospiti</strong></span> <span class='ocrx_word' id='word_1_30' title='bbox 786 568 852 634; x_wconf 88' lang='lat' dir='ltr'><strong>lilio</strong></span> <span class='ocrx_word' id='word_1_31' title='bbox 866 583 997 658; x_wconf 86' lang='lat' dir='ltr'><strong>repente</strong></span> <span class='ocrx_word' id='word_1_32' title='bbox 1017 569 1163 647; x_wconf 88' lang='lat' dir='ltr'><strong>oblatam,</strong></span> <span class='ocrx_word' id='word_1_33' title='bbox 1173 557 1319 655; x_wconf 46' lang='lat' dir='ltr'><strong>Julfffiffi</strong></span> 
     </span>
     <span class='ocr_line' id='line_1_5' title="bbox 118 622 1313 746; baseline 0.002 -30"><span class='ocrx_word' id='word_1_34' title='bbox 118 653 154 716; x_wconf 87' lang='lat' dir='ltr'><strong>in</strong></span> <span class='ocrx_word' id='word_1_35' title='bbox 170 667 345 742; x_wconf 86' lang='lat' dir='ltr'><strong>conspectu</strong></span> <span class='ocrx_word' id='word_1_36' title='bbox 358 654 428 718; x_wconf 89' lang='lat' dir='ltr'><strong>eius</strong></span> <span class='ocrx_word' id='word_1_37' title='bbox 442 653 614 741; x_wconf 80' lang='lat' dir='ltr'>exspirasse</span> <span class='ocrx_word' id='word_1_38' title='bbox 629 653 755 732; x_wconf 83' lang='lat' dir='ltr'><strong>senmt3</strong></span> <span class='ocrx_word' id='word_1_39' title='bbox 779 655 918 732; x_wconf 90' lang='lat' dir='ltr'><strong>alteram,</strong></span> <span class='ocrx_word' id='word_1_40' title='bbox 934 655 986 721; x_wconf 91' lang='lat' dir='ltr'><strong>cui</strong></span> <span class='ocrx_word' id='word_1_41' title='bbox 1008 677 1092 720; x_wconf 89' lang='lat' dir='ltr'><strong>mors</strong></span> <span class='ocrx_word' id='word_1_42' title='bbox 1106 655 1163 720; x_wconf 90' lang='lat' dir='ltr'><strong>filii</strong></span> <span class='ocrx_word' id='word_1_43' title='bbox 1172 622 1261 746; x_wconf 64' lang='lat' dir='ltr'><strong>galato</strong></span> <span class='ocrx_word' id='word_1_44' title='bbox 1272 685 1313 718; x_wconf 82' lang='lat' dir='ltr'><strong>ex-</strong></span> 
     </span>
     <span class='ocr_line' id='line_1_6' title="bbox 117 739 1302 844; baseline 0.003 -41"><span class='ocrx_word' id='word_1_45' title='bbox 117 739 198 805; x_wconf 81' lang='lat' dir='ltr'><strong>falso</strong></span> <span class='ocrx_word' id='word_1_46' title='bbox 220 740 367 806; x_wconf 90' lang='lat' dir='ltr'><strong>nuntiata</strong></span> <span class='ocrx_word' id='word_1_47' title='bbox 388 753 465 818; x_wconf 90' lang='lat' dir='ltr'><strong>erat,</strong></span> <span class='ocrx_word' id='word_1_48' title='bbox 490 755 640 806; x_wconf 89' lang='lat' dir='ltr'><strong>maestam</strong></span> <span class='ocrx_word' id='word_1_49' title='bbox 662 741 825 806; x_wconf 73' lang='lat' dir='ltr'><strong>sedentem</strong></span> <span class='ocrx_word' id='word_1_50' title='bbox 846 741 942 820; x_wconf 89' lang='lat' dir='ltr'><strong>domi,</strong></span> <span class='ocrx_word' id='word_1_51' title='bbox 965 742 1005 807; x_wconf 89' lang='lat' dir='ltr'><strong>ad</strong></span> <span class='ocrx_word' id='word_1_52' title='bbox 1026 741 1302 844; x_wconf 61' lang='lat' dir='ltr'><strong>primumssmmw·</strong></span> 
     </span>
     <span class='ocr_line' id='line_1_7' title="bbox 117 827 1161 914; baseline 0.005 -24"><span class='ocrx_word' id='word_1_53' title='bbox 117 840 326 914; x_wconf 88' lang='lat' dir='ltr'><strong>conspectum</strong></span> <span class='ocrx_word' id='word_1_54' title='bbox 362 827 525 892; x_wconf 85' lang='lat' dir='ltr'><strong>redeuntis</strong></span> <span class='ocrx_word' id='word_1_55' title='bbox 560 827 618 891; x_wconf 84' lang='lat' dir='ltr'><strong>lilii</strong></span> <span class='ocrx_word' id='word_1_56' title='bbox 654 827 771 914; x_wconf 88' lang='lat' dir='ltr'><strong>gaudio</strong></span> <span class='ocrx_word' id='word_1_57' title='bbox 807 827 906 892; x_wconf 91' lang='lat' dir='ltr'><strong>nimio</strong></span> <span class='ocrx_word' id='word_1_58' title='bbox 942 845 1161 894; x_wconf 79' lang='lat' dir='ltr'><strong>exanimatam.</strong></span> 
     </span>
     <span class='ocr_line' id='line_1_8' title="bbox 119 911 1164 1002; baseline 0.003 -24"><span class='ocrx_word' id='word_1_59' title='bbox 119 911 274 978; x_wconf 80' lang='lat' dir='ltr'><strong>Senatum</strong></span> <span class='ocrx_word' id='word_1_60' title='bbox 289 927 449 1001; x_wconf 88' lang='lat' dir='ltr'><strong>praetores</strong></span> <span class='ocrx_word' id='word_1_61' title='bbox 467 935 526 1000; x_wconf 87' lang='lat' dir='ltr'><strong>per</strong></span> <span class='ocrx_word' id='word_1_62' title='bbox 540 913 607 978; x_wconf 90' lang='lat' dir='ltr'><strong>dies</strong></span> <span class='ocrx_word' id='word_1_63' title='bbox 622 914 743 1002; x_wconf 87' lang='lat' dir='ltr'><strong>aliquot</strong></span> <span class='ocrx_word' id='word_1_64' title='bbox 757 916 796 980; x_wconf 87' lang='lat' dir='ltr'><strong>ab</strong></span> <span class='ocrx_word' id='word_1_65' title='bbox 819 927 888 979; x_wconf 90' lang='lat' dir='ltr'><strong>orto</strong></span> <span class='ocrx_word' id='word_1_66' title='bbox 906 937 1005 1002; x_wconf 89' lang='lat' dir='ltr'><strong>usque</strong></span> <span class='ocrx_word' id='word_1_67' title='bbox 1021 915 1062 980; x_wconf 88' lang='lat' dir='ltr'><strong>ad</strong></span> <span class='ocrx_word' id='word_1_68' title='bbox 1081 917 1164 981; x_wconf 86' lang='lat' dir='ltr'><strong>oeci·</strong></span> 
     </span>
     <span class='ocr_line' id='line_1_9' title="bbox 117 998 1162 1088; baseline 0.002 -24"><span class='ocrx_word' id='word_1_69' title='bbox 117 998 250 1065; x_wconf 85' lang='lat' dir='ltr'><strong>dentem</strong></span> <span class='ocrx_word' id='word_1_70' title='bbox 265 1000 363 1066; x_wconf 89' lang='lat' dir='ltr'><strong>solem</strong></span> <span class='ocrx_word' id='word_1_71' title='bbox 375 1001 410 1065; x_wconf 93' lang='lat' dir='ltr'><strong>in</strong></span> <span class='ocrx_word' id='word_1_72' title='bbox 424 1001 512 1065; x_wconf 89' lang='lat' dir='ltr'><strong>curia</strong></span> <span class='ocrx_word' id='word_1_73' title='bbox 525 1001 674 1078; x_wconf 80' lang='lat' dir='ltr'><strong>retinent,</strong></span> <span class='ocrx_word' id='word_1_74' title='bbox 686 1001 908 1078; x_wconf 82' lang='lat' dir='ltr'><strong>consultantes,</strong></span> <span class='ocrx_word' id='word_1_75' title='bbox 921 1023 1058 1088; x_wconf 90' lang='lat' dir='ltr'><strong>quonam</strong></span> <span class='ocrx_word' id='word_1_76' title='bbox 1071 1001 1162 1080; x_wconf 88' lang='lat' dir='ltr'><strong>duce,</strong></span> 
     </span>
     <span class='ocr_line' id='line_1_10' title="bbox 116 1086 984 1176; baseline 0.003 -26"><span class='ocrx_word' id='word_1_77' title='bbox 116 1099 175 1151; x_wconf 88' lang='lat' dir='ltr'><strong>aut</strong></span> <span class='ocrx_word' id='word_1_78' title='bbox 188 1088 304 1173; x_wconf 90' lang='lat' dir='ltr'><strong>quibus</strong></span> <span class='ocrx_word' id='word_1_79' title='bbox 318 1087 427 1174; x_wconf 88' lang='lat' dir='ltr'><strong>copiis,</strong></span> <span class='ocrx_word' id='word_1_80' title='bbox 439 1086 540 1152; x_wconf 86' lang='lat' dir='ltr'><strong>resisti</strong></span> <span class='ocrx_word' id='word_1_81' title='bbox 554 1087 725 1152; x_wconf 83' lang='lat' dir='ltr'><strong>victoribus</strong></span> <span class='ocrx_word' id='word_1_82' title='bbox 740 1087 857 1153; x_wconf 91' lang='lat' dir='ltr'><strong>Poenis</strong></span> <span class='ocrx_word' id='word_1_83' title='bbox 870 1103 984 1176; x_wconf 85' lang='lat' dir='ltr'><strong>posset.</strong></span> 
     </span>
    </p>

    <p class='ocr_par' dir='ltr' id='par_1_3' title="bbox 111 1173 1378 2215">
     <span class='ocr_line' id='line_1_11' title="bbox 162 1173 1263 1262; baseline 0.001 -24"><span class='ocrx_word' id='word_1_84' title='bbox 162 1173 352 1261; x_wconf 87' lang='lat' dir='ltr'><strong>Priusquam</strong></span> <span class='ocrx_word' id='word_1_85' title='bbox 364 1175 439 1238; x_wconf 89' lang='lat' dir='ltr'><strong>satis</strong></span> <span class='ocrx_word' id='word_1_86' title='bbox 448 1187 534 1239; x_wconf 88' lang='lat' dir='ltr'><strong>certa</strong></span> <span class='ocrx_word' id='word_1_87' title='bbox 544 1173 675 1238; x_wconf 87' lang='lat' dir='ltr'><strong>consilia</strong></span> <span class='ocrx_word' id='word_1_88' title='bbox 685 1186 798 1252; x_wconf 88' lang='lat' dir='ltr'><strong>essent,</strong></span> <span class='ocrx_word' id='word_1_89' title='bbox 808 1197 921 1262; x_wconf 91' lang='lat' dir='ltr'><strong>repens</strong></span> <span class='ocrx_word' id='word_1_90' title='bbox 930 1175 991 1240; x_wconf 90' lang='lat' dir='ltr'><strong>alia</strong></span> <span class='ocrx_word' id='word_1_91' title='bbox 999 1173 1163 1240; x_wconf 89' lang='lat' dir='ltr'><strong>nuntiatur</strong></span> <span class='ocrx_word' id='word_1_92' title='bbox 1234 1180 1263 1239; x_wconf 75' lang='grc' dir='ltr'><strong>θ’.</strong></span> 
     </span>
     <span class='ocr_line' id='line_1_12' title="bbox 115 1259 1324 1349; baseline 0.002 -25"><span class='ocrx_word' id='word_1_93' title='bbox 115 1259 241 1325; x_wconf 85' lang='lat' dir='ltr'><strong>clades:</strong></span> <span class='ocrx_word' id='word_1_94' title='bbox 272 1273 422 1347; x_wconf 89' lang='lat' dir='ltr'><strong>quattuor</strong></span> <span class='ocrx_word' id='word_1_95' title='bbox 447 1259 547 1325; x_wconf 90' lang='lat' dir='ltr'><strong>millia</strong></span> <span class='ocrx_word' id='word_1_96' title='bbox 568 1261 723 1348; x_wconf 89' lang='lat' dir='ltr'><strong>equitum,</strong></span> <span class='ocrx_word' id='word_1_97' title='bbox 749 1284 824 1325; x_wconf 89' lang='lat' dir='ltr'><strong>cum</strong></span> <span class='ocrx_word' id='word_1_98' title='bbox 848 1261 886 1326; x_wconf 89' lang='lat' dir='ltr'><strong>C.</strong></span> <span class='ocrx_word' id='word_1_99' title='bbox 906 1259 1065 1326; x_wconf 87' lang='lat' dir='ltr'><strong>Centenio</strong></span> <span class='ocrx_word' id='word_1_100' title='bbox 1090 1283 1163 1349; x_wconf 89' lang='lat' dir='ltr'><strong>pro-</strong></span> <span class='ocrx_word' id='word_1_101' title='bbox 1171 1263 1324 1314; x_wconf 69' lang='lat' dir='ltr'><strong>aracusa.</strong></span> 
     </span>
     <span class='ocr_line' id='line_1_13' title="bbox 116 1347 1162 1433; baseline 0.001 -22"><span class='ocrx_word' id='word_1_102' title='bbox 116 1357 262 1433; x_wconf 90' lang='lat' dir='ltr'><strong>praetore</strong></span> <span class='ocrx_word' id='word_1_103' title='bbox 277 1348 371 1412; x_wconf 88' lang='lat' dir='ltr'><strong>missa</strong></span> <span class='ocrx_word' id='word_1_104' title='bbox 385 1347 426 1412; x_wconf 87' lang='lat' dir='ltr'><strong>ad</strong></span> <span class='ocrx_word' id='word_1_105' title='bbox 440 1347 519 1413; x_wconf 90' lang='lat' dir='ltr'><strong>colle</strong></span> <span class='ocrx_word' id='word_1_106' title='bbox 561 1371 593 1411; x_wconf 93' lang='lat' dir='ltr'><strong>m</strong></span> <span class='ocrx_word' id='word_1_107' title='bbox 608 1348 647 1412; x_wconf 91' lang='lat' dir='ltr'><strong>ab</strong></span> <span class='ocrx_word' id='word_1_108' title='bbox 664 1347 797 1412; x_wconf 89' lang='lat' dir='ltr'><strong>Servilio</strong></span> <span class='ocrx_word' id='word_1_109' title='bbox 811 1348 948 1427; x_wconf 91' lang='lat' dir='ltr'><strong>consule,</strong></span> <span class='ocrx_word' id='word_1_110' title='bbox 963 1350 997 1412; x_wconf 90' lang='lat' dir='ltr'><strong>in</strong></span> <span class='ocrx_word' id='word_1_111' title='bbox 1019 1348 1162 1427; x_wconf 90' lang='lat' dir='ltr'><strong>Umbria,</strong></span> 
     </span>
     <span class='ocr_line' id='line_1_14' title="bbox 117 1435 1378 1585; baseline 0.001 -88"><span class='ocrx_word' id='word_1_112' title='bbox 117 1455 185 1584; x_wconf 75' lang='lat' dir='ltr'><strong>qpo</strong></span> <span class='ocrx_word' id='word_1_113' title='bbox 256 1446 270 1498; x_wconf 90' lang='lat' dir='ltr'><strong>t</strong></span> <span class='ocrx_word' id='word_1_114' title='bbox 290 1457 430 1585; x_wconf 76' lang='lat' dir='ltr'><strong>pugnam</strong></span> <span class='ocrx_word' id='word_1_115' title='bbox 444 1435 486 1499; x_wconf 92' lang='lat' dir='ltr'><strong>ad</strong></span> <span class='ocrx_word' id='word_1_116' title='bbox 533 1435 724 1500; x_wconf 88' lang='lat' dir='ltr'><strong>rasimenum</strong></span> <span class='ocrx_word' id='word_1_117' title='bbox 747 1435 886 1499; x_wconf 88' lang='lat' dir='ltr'><strong>auditam</strong></span> <span class='ocrx_word' id='word_1_118' title='bbox 901 1447 1078 1500; x_wconf 88' lang='lat' dir='ltr'><strong>averterant</strong></span> <span class='ocrx_word' id='word_1_119' title='bbox 1091 1435 1161 1512; x_wconf 90' lang='lat' dir='ltr'><strong>iter,</strong></span> <span class='ocrx_word' id='word_1_120' title='bbox 1359 1478 1378 1516; x_wconf 43' lang='lat' dir='ltr'><strong>q</strong></span> 
     </span>
     <span class='ocr_line' id='line_1_15' title="bbox 115 1521 1373 1587; baseline 0.002 -3"><span class='ocrx_word' id='word_1_121' title='bbox 115 1541 135 1584; x_wconf 89' lang='lat' dir='ltr'><strong>a</strong></span> <span class='ocrx_word' id='word_1_122' title='bbox 215 1521 289 1585; x_wconf 89' lang='lat' dir='ltr'><strong>anni</strong></span> <span class='ocrx_word' id='word_1_123' title='bbox 313 1521 360 1586; x_wconf 90' lang='lat' dir='ltr'><strong>ale</strong></span> <span class='ocrx_word' id='word_1_124' title='bbox 383 1521 605 1586; x_wconf 88' lang='lat' dir='ltr'><strong>circumventa.</strong></span> <span class='ocrx_word' id='word_1_125' title='bbox 652 1521 731 1586; x_wconf 90' lang='lat' dir='ltr'><strong>Eius</strong></span> <span class='ocrx_word' id='word_1_126' title='bbox 752 1522 798 1586; x_wconf 89' lang='lat' dir='ltr'><strong>rei</strong></span> <span class='ocrx_word' id='word_1_127' title='bbox 815 1521 898 1586; x_wconf 88' lang='lat' dir='ltr'><strong>fama</strong></span> <span class='ocrx_word' id='word_1_128' title='bbox 911 1521 995 1586; x_wconf 85' lang='lat' dir='ltr'><strong>varie</strong></span> <span class='ocrx_word' id='word_1_129' title='bbox 1017 1521 1161 1587; x_wconf 90' lang='lat' dir='ltr'><strong>homines</strong></span> <span class='ocrx_word' id='word_1_130' title='bbox 1369 1553 1373 1560; x_wconf 63' lang='lat'>¹</span> 
     </span>
     <span class='ocr_line' id='line_1_16' title="bbox 114 1605 1159 1708; baseline 0.002 -38"><span class='ocrx_word' id='word_1_131' title='bbox 114 1605 232 1672; x_wconf 81' lang='lat' dir='ltr'><strong>affecit</strong></span> <span class='ocrx_word' id='word_1_132' title='bbox 277 1607 364 1686; x_wconf 84' lang='lat' dir='ltr'><strong>Pars,</strong></span> <span class='ocrx_word' id='word_1_133' title='bbox 380 1609 540 1708; x_wconf 84' lang='lat' dir='ltr'><strong>occupatis</strong></span> <span class='ocrx_word' id='word_1_134' title='bbox 559 1608 677 1674; x_wconf 91' lang='lat' dir='ltr'><strong>maiore</strong></span> <span class='ocrx_word' id='word_1_135' title='bbox 692 1608 889 1696; x_wconf 84' lang='lat' dir='ltr'><strong>aegritudine</strong></span> <span class='ocrx_word' id='word_1_136' title='bbox 909 1609 1031 1686; x_wconf 83' lang='lat' dir='ltr'><strong>animia,</strong></span> <span class='ocrx_word' id='word_1_137' title='bbox 1047 1607 1159 1687; x_wconf 90' lang='lat' dir='ltr'><strong>levem,</strong></span> 
     </span>
     <span class='ocr_line' id='line_1_17' title="bbox 113 1694 1160 1782; baseline 0.003 -25"><span class='ocrx_word' id='word_1_138' title='bbox 113 1715 158 1757; x_wconf 90' lang='lat' dir='ltr'><strong>ex</strong></span> <span class='ocrx_word' id='word_1_139' title='bbox 174 1695 407 1782; x_wconf 90' lang='lat' dir='ltr'><strong>comparatione</strong></span> <span class='ocrx_word' id='word_1_140' title='bbox 425 1716 576 1782; x_wconf 81' lang='lat' dir='ltr'><strong>priorum,</strong></span> <span class='ocrx_word' id='word_1_141' title='bbox 592 1694 709 1760; x_wconf 87' lang='lat' dir='ltr'><strong>ducere</strong></span> <span class='ocrx_word' id='word_1_142' title='bbox 724 1709 883 1760; x_wconf 88' lang='lat' dir='ltr'><strong>recentem</strong></span> <span class='ocrx_word' id='word_1_143' title='bbox 898 1696 1041 1782; x_wconf 90' lang='lat' dir='ltr'><strong>equiturn</strong></span> <span class='ocrx_word' id='word_1_144' title='bbox 1060 1695 1160 1760; x_wconf 89' lang='lat' dir='ltr'><strong>iaetu-</strong></span> 
     </span>
     <span class='ocr_line' id='line_1_18' title="bbox 113 1781 1160 1870; baseline 0.002 -26"><span class='ocrx_word' id='word_1_145' title='bbox 113 1801 202 1844; x_wconf 86' lang='lat' dir='ltr'><strong>ram:</strong></span> <span class='ocrx_word' id='word_1_146' title='bbox 226 1803 298 1868; x_wconf 81' lang='lat' dir='ltr'><strong>pars</strong></span> <span class='ocrx_word' id='word_1_147' title='bbox 312 1805 376 1846; x_wconf 90' lang='lat' dir='ltr'><strong>non</strong></span> <span class='ocrx_word' id='word_1_148' title='bbox 392 1781 435 1858; x_wconf 92' lang='lat' dir='ltr'><strong>id,</strong></span> <span class='ocrx_word' id='word_1_149' title='bbox 452 1782 538 1868; x_wconf 92' lang='lat' dir='ltr'><strong>quod</strong></span> <span class='ocrx_word' id='word_1_150' title='bbox 553 1781 719 1860; x_wconf 88' lang='lat' dir='ltr'><strong>acciderat,</strong></span> <span class='ocrx_word' id='word_1_151' title='bbox 735 1803 839 1870; x_wconf 87' lang='lat' dir='ltr'><strong>perse</strong></span> <span class='ocrx_word' id='word_1_152' title='bbox 855 1783 1027 1861; x_wconf 88' lang='lat' dir='ltr'><strong>aestimare,</strong></span> <span class='ocrx_word' id='word_1_153' title='bbox 1042 1781 1108 1860; x_wconf 92' lang='lat' dir='ltr'><strong>sed,</strong></span> <span class='ocrx_word' id='word_1_154' title='bbox 1124 1795 1160 1847; x_wconf 89' lang='lat' dir='ltr'><strong>nt</strong></span> 
     </span>
     <span class='ocr_line' id='line_1_19' title="bbox 112 1867 1160 1956; baseline 0.002 -26"><span class='ocrx_word' id='word_1_155' title='bbox 112 1867 151 1930; x_wconf 90' lang='lat' dir='ltr'><strong>in</strong></span> <span class='ocrx_word' id='word_1_156' title='bbox 166 1867 279 1934; x_wconf 82' lang='lat' dir='ltr'><strong>affecto</strong></span> <span class='ocrx_word' id='word_1_157' title='bbox 301 1889 429 1956; x_wconf 90' lang='lat' dir='ltr'><strong>corpore</strong></span> <span class='ocrx_word' id='word_1_158' title='bbox 450 1869 594 1955; x_wconf 90' lang='lat' dir='ltr'><strong>quamvis</strong></span> <span class='ocrx_word' id='word_1_159' title='bbox 607 1868 685 1933; x_wconf 88' lang='lat' dir='ltr'><strong>levis</strong></span> <span class='ocrx_word' id='word_1_160' title='bbox 705 1891 799 1934; x_wconf 90' lang='lat' dir='ltr'><strong>causa</strong></span> <span class='ocrx_word' id='word_1_161' title='bbox 817 1869 925 1956; x_wconf 85' lang='lat' dir='ltr'><strong>magis,</strong></span> <span class='ocrx_word' id='word_1_162' title='bbox 942 1891 1037 1956; x_wconf 90' lang='lat' dir='ltr'><strong>quam</strong></span> <span class='ocrx_word' id='word_1_163' title='bbox 1055 1868 1160 1933; x_wconf 81' lang='lat' dir='ltr'><strong>valido</strong></span> 
     </span>
     <span class='ocr_line' id='line_1_20' title="bbox 112 1953 1160 2042; baseline 0 -24"><span class='ocrx_word' id='word_1_164' title='bbox 112 1953 250 2042; x_wconf 86' lang='lat' dir='ltr'><strong>gravior,</strong></span> <span class='ocrx_word' id='word_1_165' title='bbox 262 1956 430 2020; x_wconf 88' lang='lat' dir='ltr'><strong>sentiretur</strong></span> <span class='ocrx_word' id='word_1_166' title='bbox 438 1977 447 2032; x_wconf 93' lang='lat'>;</span> <span class='ocrx_word' id='word_1_167' title='bbox 470 1956 515 2023; x_wconf 85' lang='lat' dir='ltr'><strong>ita</strong></span> <span class='ocrx_word' id='word_1_168' title='bbox 530 1969 597 2020; x_wconf 86' lang='lat' dir='ltr'><strong>tum</strong></span> <span class='ocrx_word' id='word_1_169' title='bbox 613 1977 725 2042; x_wconf 88' lang='lat' dir='ltr'><strong>aegrae</strong></span> <span class='ocrx_word' id='word_1_170' title='bbox 736 1968 769 2020; x_wconf 89' lang='lat' dir='ltr'><strong>et</strong></span> <span class='ocrx_word' id='word_1_171' title='bbox 783 1955 912 2020; x_wconf 83' lang='lat' dir='ltr'><strong>affectae</strong></span> <span class='ocrx_word' id='word_1_172' title='bbox 928 1954 1047 2020; x_wconf 85' lang='lat' dir='ltr'><strong>civitati</strong></span> <span class='ocrx_word' id='word_1_173' title='bbox 1057 1954 1160 2041; x_wconf 92' lang='lat' dir='ltr'><strong>quod·</strong></span> 
     </span>
     <span class='ocr_line' id='line_1_21' title="bbox 111 2041 1160 2128; baseline -0.002 -22"><span class='ocrx_word' id='word_1_174' title='bbox 111 2063 244 2128; x_wconf 89' lang='lat' dir='ltr'><strong>cunque</strong></span> <span class='ocrx_word' id='word_1_175' title='bbox 260 2041 380 2106; x_wconf 87' lang='lat' dir='ltr'><strong>adversi</strong></span> <span class='ocrx_word' id='word_1_176' title='bbox 395 2041 550 2118; x_wconf 87' lang='lat' dir='ltr'><strong>inciderit,</strong></span> <span class='ocrx_word' id='word_1_177' title='bbox 565 2064 632 2105; x_wconf 93' lang='lat' dir='ltr'><strong>non</strong></span> <span class='ocrx_word' id='word_1_178' title='bbox 645 2063 752 2106; x_wconf 92' lang='lat' dir='ltr'><strong>rerum</strong></span> <span class='ocrx_word' id='word_1_179' title='bbox 772 2041 999 2128; x_wconf 81' lang='lat' dir='ltr'><strong>magnitudine,</strong></span> <span class='ocrx_word' id='word_1_180' title='bbox 1015 2041 1071 2105; x_wconf 90' lang='lat' dir='ltr'><strong>sed</strong></span> <span class='ocrx_word' id='word_1_181' title='bbox 1085 2041 1160 2104; x_wconf 88' lang='lat' dir='ltr'><strong>viri-</strong></span> 
     </span>
     <span class='ocr_line' id='line_1_22' title="bbox 111 2127 1159 2215; baseline -0.002 -23"><span class='ocrx_word' id='word_1_182' title='bbox 111 2127 177 2192; x_wconf 88' lang='lat' dir='ltr'><strong>bus</strong></span> <span class='ocrx_word' id='word_1_183' title='bbox 197 2129 384 2206; x_wconf 85' lang='lat' dir='ltr'><strong>extenuatis,</strong></span> <span class='ocrx_word' id='word_1_184' title='bbox 400 2149 481 2214; x_wconf 90' lang='lat' dir='ltr'><strong>quae</strong></span> <span class='ocrx_word' id='word_1_185' title='bbox 503 2127 594 2205; x_wconf 85' lang='lat' dir='ltr'><strong>nihil,</strong></span> <span class='ocrx_word' id='word_1_186' title='bbox 610 2128 698 2213; x_wconf 93' lang='lat' dir='ltr'><strong>quod</strong></span> <span class='ocrx_word' id='word_1_187' title='bbox 719 2141 910 2214; x_wconf 77' lang='lat' dir='ltr'><strong>aggravaret,</strong></span> <span class='ocrx_word' id='word_1_188' title='bbox 932 2127 999 2215; x_wconf 88' lang='lat' dir='ltr'><strong>pati</strong></span> <span class='ocrx_word' id='word_1_189' title='bbox 1020 2140 1159 2214; x_wconf 85' lang='lat' dir='ltr'><strong>possent,</strong></span> 
     </span>
    </p>

    <p class='ocr_par' dir='ltr' id='par_1_4' title="bbox 82 2213 1322 3254">
     <span class='ocr_line' id='line_1_23' title="bbox 82 2213 1158 2301; baseline -0.001 -22"><span class='ocrx_word' id='word_1_190' title='bbox 82 2215 347 2279; x_wconf 71' lang='lat' dir='ltr'><strong>saestimandum</strong></span> <span class='ocrx_word' id='word_1_191' title='bbox 366 2237 441 2279; x_wconf 91' lang='lat' dir='ltr'><strong>esse.</strong></span> <span class='ocrx_word' id='word_1_192' title='bbox 487 2213 599 2301; x_wconf 90' lang='lat' dir='ltr'><strong>Itaque</strong></span> <span class='ocrx_word' id='word_1_193' title='bbox 623 2214 664 2278; x_wconf 90' lang='lat' dir='ltr'><strong>ad</strong></span> <span class='ocrx_word' id='word_1_194' title='bbox 687 2213 873 2290; x_wconf 91' lang='lat' dir='ltr'><strong>remedium,</strong></span> <span class='ocrx_word' id='word_1_195' title='bbox 893 2215 954 2277; x_wconf 88' lang='lat' dir='ltr'><strong>iam</strong></span> <span class='ocrx_word' id='word_1_196' title='bbox 975 2214 1032 2277; x_wconf 93' lang='lat' dir='ltr'><strong>diu</strong></span> <span class='ocrx_word' id='word_1_197' title='bbox 1052 2235 1158 2301; x_wconf 90' lang='lat' dir='ltr'><strong>neque</strong></span> 
     </span>
     <span class='ocr_line' id='line_1_24' title="bbox 113 2299 1159 2378; baseline 0.001 -14"><span class='ocrx_word' id='word_1_198' title='bbox 113 2299 328 2366; x_wconf 89' lang='lat' dir='ltr'><strong>desideratum</strong></span> <span class='ocrx_word' id='word_1_199' title='bbox 350 2323 410 2366; x_wconf 89' lang='lat' dir='ltr'><strong>nee</strong></span> <span class='ocrx_word' id='word_1_200' title='bbox 432 2301 618 2378; x_wconf 89' lang='lat' dir='ltr'><strong>adhibitum,</strong></span> <span class='ocrx_word' id='word_1_201' title='bbox 642 2299 828 2364; x_wconf 86' lang='lat' dir='ltr'><strong>dictatorem</strong></span> <span class='ocrx_word' id='word_1_202' title='bbox 849 2299 1030 2378; x_wconf 89' lang='lat' dir='ltr'><strong>dicendum,</strong></span> <span class='ocrx_word' id='word_1_203' title='bbox 1048 2300 1159 2366; x_wconf 78' lang='lat' dir='ltr'><strong>civitas</strong></span> 
     </span>
     <span class='ocr_line' id='line_1_25' title="bbox 113 2386 1158 2475; baseline -0.001 -23"><span class='ocrx_word' id='word_1_204' title='bbox 113 2387 275 2475; x_wconf 71' lang='lat' dir='ltr'><strong>confligit:</strong></span> <span class='ocrx_word' id='word_1_205' title='bbox 301 2400 335 2452; x_wconf 88' lang='lat' dir='ltr'><strong>et</strong></span> <span class='ocrx_word' id='word_1_206' title='bbox 356 2387 431 2474; x_wconf 92' lang='lat' dir='ltr'><strong>quia</strong></span> <span class='ocrx_word' id='word_1_207' title='bbox 452 2401 485 2452; x_wconf 92' lang='lat' dir='ltr'><strong>et</strong></span> <span class='ocrx_word' id='word_1_208' title='bbox 506 2386 615 2452; x_wconf 90' lang='lat' dir='ltr'><strong>consul</strong></span> <span class='ocrx_word' id='word_1_209' title='bbox 637 2386 753 2464; x_wconf 89' lang='lat' dir='ltr'><strong>aberat,</strong></span> <span class='ocrx_word' id='word_1_210' title='bbox 775 2409 794 2451; x_wconf 90' lang='lat' dir='ltr'><strong>a</strong></span> <span class='ocrx_word' id='word_1_211' title='bbox 814 2409 879 2473; x_wconf 92' lang='lat' dir='ltr'><strong>quo</strong></span> <span class='ocrx_word' id='word_1_212' title='bbox 901 2409 965 2451; x_wconf 92' lang='lat' dir='ltr'><strong>uno</strong></span> <span class='ocrx_word' id='word_1_213' title='bbox 984 2386 1048 2451; x_wconf 92' lang='lat' dir='ltr'><strong>dici</strong></span> <span class='ocrx_word' id='word_1_214' title='bbox 1067 2409 1158 2475; x_wconf 90' lang='lat' dir='ltr'><strong>posse</strong></span> 
     </span>
     <span class='ocr_line' id='line_1_26' title="bbox 111 2471 1158 2562; baseline 0 -24"><span class='ocrx_word' id='word_1_215' title='bbox 111 2471 298 2552; x_wconf 80' lang='lat' dir='ltr'><strong>videbatur3</strong></span> <span class='ocrx_word' id='word_1_216' title='bbox 321 2495 381 2539; x_wconf 90' lang='lat' dir='ltr'><strong>nee</strong></span> <span class='ocrx_word' id='word_1_217' title='bbox 396 2496 453 2561; x_wconf 92' lang='lat' dir='ltr'><strong>per</strong></span> <span class='ocrx_word' id='word_1_218' title='bbox 472 2487 657 2562; x_wconf 90' lang='lat' dir='ltr'><strong>occupatam</strong></span> <span class='ocrx_word' id='word_1_219' title='bbox 672 2473 766 2539; x_wconf 90' lang='lat' dir='ltr'><strong>armis</strong></span> <span class='ocrx_word' id='word_1_220' title='bbox 781 2473 911 2539; x_wconf 89' lang='lat' dir='ltr'><strong>Punicis</strong></span> <span class='ocrx_word' id='word_1_221' title='bbox 928 2472 1052 2538; x_wconf 89' lang='lat' dir='ltr'><strong>Italiam</strong></span> <span class='ocrx_word' id='word_1_222' title='bbox 1067 2474 1158 2539; x_wconf 78' lang='lat' dir='ltr'><strong>facile</strong></span> 
     </span>
     <span class='ocr_line' id='line_1_27' title="bbox 112 2560 1158 2648; baseline 0.002 -24"><span class='ocrx_word' id='word_1_223' title='bbox 112 2573 183 2625; x_wconf 84' lang='lat' dir='ltr'><strong>erat</strong></span> <span class='ocrx_word' id='word_1_224' title='bbox 199 2573 253 2625; x_wconf 89' lang='lat' dir='ltr'><strong>aut</strong></span> <span class='ocrx_word' id='word_1_225' title='bbox 267 2561 426 2638; x_wconf 89' lang='lat' dir='ltr'><strong>nuntium,</strong></span> <span class='ocrx_word' id='word_1_226' title='bbox 437 2575 491 2626; x_wconf 89' lang='lat' dir='ltr'><strong>aut</strong></span> <span class='ocrx_word' id='word_1_227' title='bbox 505 2560 609 2626; x_wconf 88' lang='lat' dir='ltr'><strong>literas</strong></span> <span class='ocrx_word' id='word_1_228' title='bbox 624 2560 725 2638; x_wconf 84' lang='lat' dir='ltr'><strong>mitti3</strong></span> <span class='ocrx_word' id='word_1_229' title='bbox 749 2583 809 2626; x_wconf 91' lang='lat' dir='ltr'><strong>nec</strong></span> <span class='ocrx_word' id='word_1_230' title='bbox 821 2560 1006 2626; x_wconf 89' lang='lat' dir='ltr'><strong>dictatorem</strong></span> <span class='ocrx_word' id='word_1_231' title='bbox 1020 2560 1158 2648; x_wconf 88' lang='lat' dir='ltr'><strong>populus</strong></span> 
     </span>
     <span class='ocr_line' id='line_1_28' title="bbox 110 2646 1155 2735; baseline 0 -23"><span class='ocrx_word' id='word_1_232' title='bbox 110 2669 221 2712; x_wconf 89' lang='lat' dir='ltr'><strong>creare</strong></span> <span class='ocrx_word' id='word_1_233' title='bbox 235 2661 368 2735; x_wconf 91' lang='lat' dir='ltr'><strong>poterat,</strong></span> <span class='ocrx_word' id='word_1_234' title='bbox 385 2647 471 2734; x_wconf 91' lang='lat' dir='ltr'><strong>quod</strong></span> <span class='ocrx_word' id='word_1_235' title='bbox 485 2669 649 2734; x_wconf 89' lang='lat' dir='ltr'><strong>nunquam</strong></span> <span class='ocrx_word' id='word_1_236' title='bbox 665 2661 738 2712; x_wconf 90' lang='lat' dir='ltr'><strong>ante</strong></span> <span class='ocrx_word' id='word_1_237' title='bbox 753 2669 823 2712; x_wconf 89' lang='lat' dir='ltr'><strong>earn</strong></span> <span class='ocrx_word' id='word_1_238' title='bbox 838 2646 923 2712; x_wconf 87' lang='lat' dir='ltr'><strong>diem</strong></span> <span class='ocrx_word' id='word_1_239' title='bbox 937 2647 1054 2712; x_wconf 83' lang='lat' dir='ltr'><strong>lactum</strong></span> <span class='ocrx_word' id='word_1_240' title='bbox 1071 2660 1155 2714; x_wconf 84' lang='lat' dir='ltr'><strong>erat:</strong></span> 
     </span>
     <span class='ocr_line' id='line_1_29' title="bbox 110 2733 1322 2834; baseline 0.002 -36"><span class='ocrx_word' id='word_1_241' title='bbox 110 2733 360 2821; x_wconf 89' lang='lat' dir='ltr'><strong>prodictatorem</strong></span> <span class='ocrx_word' id='word_1_242' title='bbox 383 2733 520 2834; x_wconf 90' lang='lat' dir='ltr'><strong>populus</strong></span> <span class='ocrx_word' id='word_1_243' title='bbox 548 2735 666 2799; x_wconf 89' lang='lat' dir='ltr'><strong>creavit</strong></span> <span class='ocrx_word' id='word_1_244' title='bbox 693 2733 734 2809; x_wconf 67' lang='lat' dir='ltr'><strong>Q,</strong></span> <span class='ocrx_word' id='word_1_245' title='bbox 748 2734 881 2799; x_wconf 91' lang='lat' dir='ltr'><strong>Fabium</strong></span> <span class='ocrx_word' id='word_1_246' title='bbox 907 2733 1098 2812; x_wconf 86' lang='lat' dir='ltr'><strong>Maximum,</strong></span> <span class='ocrx_word' id='word_1_247' title='bbox 1125 2748 1322 2827; x_wconf 57' lang='lat' dir='ltr'><strong>etrabiuapre</strong></span> 
     </span>
     <span class='ocr_line' id='line_1_30' title="bbox 111 2817 1276 2910; baseline 0.002 -26"><span class='ocrx_word' id='word_1_248' title='bbox 111 2821 299 2907; x_wconf 87' lang='lat' dir='ltr'><strong>magistrum</strong></span> <span class='ocrx_word' id='word_1_249' title='bbox 317 2834 461 2908; x_wconf 81' lang='lat' dir='ltr'><strong>equitum</strong></span> <span class='ocrx_word' id='word_1_250' title='bbox 477 2819 525 2884; x_wconf 90' lang='lat' dir='ltr'><strong>M.</strong></span> <span class='ocrx_word' id='word_1_251' title='bbox 539 2819 721 2885; x_wconf 90' lang='lat' dir='ltr'><strong>Minucium</strong></span> <span class='ocrx_word' id='word_1_252' title='bbox 742 2821 871 2886; x_wconf 88' lang='lat' dir='ltr'><strong>Rufum.</strong></span> <span class='ocrx_word' id='word_1_253' title='bbox 918 2819 962 2885; x_wconf 84' lang='lat' dir='ltr'><strong>H&#39;</strong></span> <span class='ocrx_word' id='word_1_254' title='bbox 1003 2845 1042 2886; x_wconf 89' lang='lat' dir='ltr'><strong>ue</strong></span> <span class='ocrx_word' id='word_1_255' title='bbox 1058 2843 1157 2910; x_wconf 86' lang='lat' dir='ltr'><strong>nego-</strong></span> <span class='ocrx_word' id='word_1_256' title='bbox 1165 2817 1276 2867; x_wconf 67' lang='grc' dir='ltr'>θθθθ·</span> 
     </span>
     <span class='ocr_line' id='line_1_31' title="bbox 111 2905 1156 3008; baseline 0.002 -37"><span class='ocrx_word' id='word_1_257' title='bbox 111 2907 195 2972; x_wconf 90' lang='lat' dir='ltr'><strong>tium</strong></span> <span class='ocrx_word' id='word_1_258' title='bbox 210 2909 250 2972; x_wconf 92' lang='lat' dir='ltr'><strong>ab</strong></span> <span class='ocrx_word' id='word_1_259' title='bbox 264 2919 376 2972; x_wconf 91' lang='lat' dir='ltr'><strong>senatu</strong></span> <span class='ocrx_word' id='word_1_260' title='bbox 390 2905 509 2984; x_wconf 90' lang='lat' dir='ltr'><strong>datum,</strong></span> <span class='ocrx_word' id='word_1_261' title='bbox 526 2918 563 2971; x_wconf 89' lang='lat' dir='ltr'><strong>ut</strong></span> <span class='ocrx_word' id='word_1_262' title='bbox 581 2929 687 2974; x_wconf 88' lang='lat' dir='ltr'><strong>muros</strong></span> <span class='ocrx_word' id='word_1_263' title='bbox 701 2919 865 3008; x_wconf 86' lang='lat' dir='ltr'><strong>turresque</strong></span> <span class='ocrx_word' id='word_1_264' title='bbox 885 2909 971 2972; x_wconf 92' lang='lat' dir='ltr'><strong>urbis</strong></span> <span class='ocrx_word' id='word_1_265' title='bbox 1007 2922 1156 2987; x_wconf 89' lang='lat' dir='ltr'><strong>rmarent,</strong></span> 
     </span>
     <span class='ocr_line' id='line_1_32' title="bbox 110 2993 1155 3082; baseline 0.003 -24"><span class='ocrx_word' id='word_1_266' title='bbox 110 3006 147 3058; x_wconf 90' lang='lat' dir='ltr'><strong>et</strong></span> <span class='ocrx_word' id='word_1_267' title='bbox 165 2994 322 3082; x_wconf 86' lang='lat' dir='ltr'><strong>praesidia</strong></span> <span class='ocrx_word' id='word_1_268' title='bbox 340 2993 554 3080; x_wconf 80' lang='lat' dir='ltr'><strong>disponerent,</strong></span> <span class='ocrx_word' id='word_1_269' title='bbox 593 2995 685 3059; x_wconf 92' lang='lat' dir='ltr'><strong>uibus</strong></span> <span class='ocrx_word' id='word_1_270' title='bbox 705 2993 782 3058; x_wconf 89' lang='lat' dir='ltr'><strong>locis</strong></span> <span class='ocrx_word' id='word_1_271' title='bbox 795 2994 962 3070; x_wconf 80' lang='lat' dir='ltr'><strong>videretur,</strong></span> <span class='ocrx_word' id='word_1_272' title='bbox 978 3005 1155 3082; x_wconf 88' lang='lat' dir='ltr'><strong>pontesque</strong></span> 
     </span>
     <span class='ocr_line' id='line_1_33' title="bbox 109 3019 1155 3169; baseline 0.003 -24"><span class='ocrx_word' id='word_1_273' title='bbox 109 3081 329 3147; x_wconf 89' lang='lat' dir='ltr'><strong>rescinderent</strong></span> <span class='ocrx_word' id='word_1_274' title='bbox 348 3080 533 3144; x_wconf 90' lang='lat' dir='ltr'><strong>fluminum:</strong></span> <span class='ocrx_word' id='word_1_275' title='bbox 558 3019 599 3146; x_wconf 63' lang='lat' dir='ltr'><strong>ad</strong></span> <span class='ocrx_word' id='word_1_276' title='bbox 620 3093 751 3167; x_wconf 88' lang='lat' dir='ltr'><strong>penates</strong></span> <span class='ocrx_word' id='word_1_277' title='bbox 770 3103 828 3169; x_wconf 89' lang='lat' dir='ltr'><strong>pro</strong></span> <span class='ocrx_word' id='word_1_278' title='bbox 842 3081 919 3146; x_wconf 89' lang='lat' dir='ltr'><strong>urbe</strong></span> <span class='ocrx_word' id='word_1_279' title='bbox 938 3081 1155 3148; x_wconf 88' lang='lat' dir='ltr'><strong>dimicandum</strong></span> 
     </span>
     <span class='ocr_line' id='line_1_34' title="bbox 110 3165 778 3254; baseline 0 -24"><span class='ocrx_word' id='word_1_280' title='bbox 110 3189 192 3244; x_wconf 88' lang='lat' dir='ltr'><strong>ease,</strong></span> <span class='ocrx_word' id='word_1_281' title='bbox 209 3168 336 3254; x_wconf 90' lang='lat' dir='ltr'><strong>quando</strong></span> <span class='ocrx_word' id='word_1_282' title='bbox 351 3165 474 3231; x_wconf 87' lang='lat' dir='ltr'><strong>Italiam</strong></span> <span class='ocrx_word' id='word_1_283' title='bbox 491 3167 571 3231; x_wconf 90' lang='lat' dir='ltr'><strong>tueri</strong></span> <span class='ocrx_word' id='word_1_284' title='bbox 586 3189 626 3231; x_wconf 94' lang='lat' dir='ltr'><strong>ne</strong></span> <span class='ocrx_word' id='word_1_285' title='bbox 650 3167 778 3232; x_wconf 83' lang='lat' dir='ltr'><strong>uissent</strong></span> 
     </span>
    </p>

    <p class='ocr_par' dir='ltr' id='par_1_5' title="bbox 159 3191 1254 3342">
     <span class='ocr_line' id='line_1_35' title="bbox 159 3191 1254 3342; baseline 0.002 -26"><span class='ocrx_word' id='word_1_286' title='bbox 159 3252 320 3320; x_wconf 91' lang='lat' dir='ltr'><strong>Hannibal</strong></span> <span class='ocrx_word' id='word_1_287' title='bbox 334 3267 421 3318; x_wconf 91' lang='lat' dir='ltr'><strong>recto</strong></span> <span class='ocrx_word' id='word_1_288' title='bbox 436 3253 549 3318; x_wconf 88' lang='lat' dir='ltr'><strong>itinere</strong></span> <span class='ocrx_word' id='word_1_289' title='bbox 563 3276 621 3341; x_wconf 89' lang='lat' dir='ltr'><strong>per</strong></span> <span class='ocrx_word' id='word_1_290' title='bbox 628 3191 803 3318; x_wconf 71' lang='lat' dir='ltr'><strong>ltmbriam</strong></span> <span class='ocrx_word' id='word_1_291' title='bbox 818 3253 970 3338; x_wconf 91' lang='lat' dir='ltr'><strong>usquead</strong></span> <span class='ocrx_word' id='word_1_292' title='bbox 987 3252 1153 3340; x_wconf 88' lang='lat' dir='ltr'><strong>Spoletum</strong></span> <span class='ocrx_word' id='word_1_293' title='bbox 1224 3248 1254 3342; x_wconf 73' lang='lat'><strong>9?</strong></span> 
     </span>
    </p>

    <p class='ocr_par' dir='ltr' id='par_1_6' title="bbox 110 3329 1291 3442">
     <span class='ocr_line' id='line_1_36' title="bbox 110 3329 1291 3442; baseline -0.001 -36"><span class='ocrx_word' id='word_1_294' title='bbox 110 3340 209 3406; x_wconf 87' lang='lat' dir='ltr'><strong>venit</strong></span> <span class='ocrx_word' id='word_1_295' title='bbox 258 3339 351 3418; x_wconf 87' lang='lat' dir='ltr'><strong>Inde,</strong></span> <span class='ocrx_word' id='word_1_296' title='bbox 377 3363 477 3427; x_wconf 91' lang='lat' dir='ltr'><strong>quum</strong></span> <span class='ocrx_word' id='word_1_297' title='bbox 504 3340 711 3427; x_wconf 89' lang='lat' dir='ltr'><strong>perpopulato</strong></span> <span class='ocrx_word' id='word_1_298' title='bbox 737 3361 811 3424; x_wconf 85' lang='lat' dir='ltr'><strong>agro</strong></span> <span class='ocrx_word' id='word_1_299' title='bbox 837 3339 948 3404; x_wconf 88' lang='lat' dir='ltr'><strong>urbem</strong></span> <span class='ocrx_word' id='word_1_300' title='bbox 973 3361 1155 3426; x_wconf 78' lang='lat' dir='ltr'><strong>oppugnare</strong></span> <span class='ocrx_word' id='word_1_301' title='bbox 1164 3329 1291 3442; x_wconf 47' lang='lat' dir='ltr'><strong>{¹⁸2³ng</strong></span> 
     </span>
    </p>

    <p class='ocr_par' dir='ltr' id='par_1_7' title="bbox 110 3409 1367 3686">
     <span class='ocr_line' id='line_1_37' title="bbox 110 3409 1367 3513; baseline 0.001 -21"><span class='ocrx_word' id='word_1_302' title='bbox 110 3427 241 3492; x_wconf 90' lang='lat' dir='ltr'><strong>adortus</strong></span> <span class='ocrx_word' id='word_1_303' title='bbox 253 3441 343 3506; x_wconf 87' lang='lat' dir='ltr'><strong>esset,</strong></span> <span class='ocrx_word' id='word_1_304' title='bbox 357 3450 430 3491; x_wconf 92' lang='lat' dir='ltr'><strong>cum</strong></span> <span class='ocrx_word' id='word_1_305' title='bbox 446 3449 561 3513; x_wconf 88' lang='lat' dir='ltr'><strong>magna</strong></span> <span class='ocrx_word' id='word_1_306' title='bbox 569 3426 665 3490; x_wconf 87' lang='lat' dir='ltr'><strong>caede</strong></span> <span class='ocrx_word' id='word_1_307' title='bbox 677 3447 805 3490; x_wconf 82' lang='lat' dir='ltr'><strong>auorum</strong></span> <span class='ocrx_word' id='word_1_308' title='bbox 814 3424 965 3511; x_wconf 86' lang='lat' dir='ltr'><strong>repulsus,</strong></span> <span class='ocrx_word' id='word_1_309' title='bbox 976 3425 1156 3490; x_wconf 87' lang='lat' dir='ltr'><strong>coniectans</strong></span> <span class='ocrx_word' id='word_1_310' title='bbox 1163 3409 1293 3506; x_wconf 43' lang='lat' dir='ltr'><strong>&amp;aa</strong></span> <span class='ocrx_word' id='word_1_311' title='bbox 1364 3485 1367 3493; x_wconf 64' lang='lat'><strong>.</strong></span> 
     </span>
     <span class='ocr_line' id='line_1_38' title="bbox 110 3512 1250 3599; baseline -0.005 -21"><span class='ocrx_word' id='word_1_312' title='bbox 110 3536 153 3578; x_wconf 86' lang='lat' dir='ltr'><strong>ex</strong></span> <span class='ocrx_word' id='word_1_313' title='bbox 180 3515 273 3578; x_wconf 92' lang='lat' dir='ltr'><strong>unius</strong></span> <span class='ocrx_word' id='word_1_314' title='bbox 298 3513 439 3580; x_wconf 90' lang='lat' dir='ltr'><strong>coloniae</strong></span> <span class='ocrx_word' id='word_1_315' title='bbox 464 3513 550 3578; x_wconf 90' lang='lat' dir='ltr'><strong>haud</strong></span> <span class='ocrx_word' id='word_1_316' title='bbox 573 3512 667 3577; x_wconf 90' lang='lat' dir='ltr'><strong>nimis</strong></span> <span class='ocrx_word' id='word_1_317' title='bbox 691 3533 839 3599; x_wconf 89' lang='lat' dir='ltr'><strong>prospere</strong></span> <span class='ocrx_word' id='word_1_318' title='bbox 866 3523 1003 3576; x_wconf 88' lang='lat' dir='ltr'><strong>tentatae</strong></span> <span class='ocrx_word' id='word_1_319' title='bbox 1026 3512 1153 3590; x_wconf 87' lang='lat' dir='ltr'><strong>viribus,</strong></span> <span class='ocrx_word' id='word_1_320' title='bbox 1164 3525 1250 3572; x_wconf 78' lang='lat' dir='ltr'><strong>tentat.</strong></span> 
     </span>
     <span class='ocr_line' id='line_1_39' title="bbox 110 3595 1154 3686; baseline 0 -22"><span class='ocrx_word' id='word_1_321' title='bbox 110 3613 233 3686; x_wconf 90' lang='lat' dir='ltr'><strong>quanta</strong></span> <span class='ocrx_word' id='word_1_322' title='bbox 257 3600 356 3666; x_wconf 90' lang='lat' dir='ltr'><strong>moles</strong></span> <span class='ocrx_word' id='word_1_323' title='bbox 383 3600 547 3665; x_wconf 84' lang='lat' dir='ltr'><strong>Romanae</strong></span> <span class='ocrx_word' id='word_1_324' title='bbox 573 3599 659 3663; x_wconf 90' lang='lat' dir='ltr'><strong>urbis</strong></span> <span class='ocrx_word' id='word_1_325' title='bbox 684 3611 776 3676; x_wconf 84' lang='lat' dir='ltr'><strong>esset,</strong></span> <span class='ocrx_word' id='word_1_326' title='bbox 802 3599 837 3662; x_wconf 91' lang='lat' dir='ltr'><strong>in</strong></span> <span class='ocrx_word' id='word_1_327' title='bbox 860 3619 971 3685; x_wconf 90' lang='lat' dir='ltr'><strong>agrum</strong></span> <span class='ocrx_word' id='word_1_328' title='bbox 1000 3595 1154 3664; x_wconf 91' lang='lat' dir='ltr'><strong>Picenum</strong></span> 
     </span>
    </p>

    <p class='ocr_par' dir='ltr' id='par_1_8' title="bbox 110 3685 1155 3773">
     <span class='ocr_line' id='line_1_40' title="bbox 110 3685 1155 3773; baseline -0.002 -21"><span class='ocrx_word' id='word_1_329' title='bbox 110 3688 227 3752; x_wconf 86' lang='lat' dir='ltr'><strong>avertit</strong></span> <span class='ocrx_word' id='word_1_330' title='bbox 246 3688 315 3766; x_wconf 90' lang='lat' dir='ltr'><strong>iter,</strong></span> <span class='ocrx_word' id='word_1_331' title='bbox 331 3709 398 3752; x_wconf 89' lang='lat' dir='ltr'><strong>non</strong></span> <span class='ocrx_word' id='word_1_332' title='bbox 417 3686 509 3773; x_wconf 93' lang='lat' dir='ltr'><strong>copia</strong></span> <span class='ocrx_word' id='word_1_333' title='bbox 530 3686 631 3750; x_wconf 90' lang='lat' dir='ltr'><strong>solum</strong></span> <span class='ocrx_word' id='word_1_334' title='bbox 652 3686 754 3751; x_wconf 91' lang='lat' dir='ltr'><strong>omnis</strong></span> <span class='ocrx_word' id='word_1_335' title='bbox 771 3685 895 3772; x_wconf 46' lang='lat' dir='ltr'><strong>pneris</strong></span> <span class='ocrx_word' id='word_1_336' title='bbox 909 3685 1035 3773; x_wconf 82' lang='lat' dir='ltr'><strong>lingum</strong></span> <span class='ocrx_word' id='word_1_337' title='bbox 1054 3685 1155 3750; x_wconf 89' lang='lat' dir='ltr'><strong>abuu-</strong></span> 
     </span>
    </p>

    <p class='ocr_par' dir='ltr' id='par_1_9' title="bbox 109 3771 1154 3860">
     <span class='ocr_line' id='line_1_41' title="bbox 109 3771 1154 3860; baseline -0.001 -21"><span class='ocrx_word' id='word_1_338' title='bbox 109 3773 252 3852; x_wconf 91' lang='lat' dir='ltr'><strong>dantem,</strong></span> <span class='ocrx_word' id='word_1_339' title='bbox 278 3774 335 3839; x_wconf 91' lang='lat' dir='ltr'><strong>aed</strong></span> <span class='ocrx_word' id='word_1_340' title='bbox 362 3773 513 3838; x_wconf 84' lang='lat' dir='ltr'><strong>refertum</strong></span> <span class='ocrx_word' id='word_1_341' title='bbox 541 3771 668 3860; x_wconf 85' lang='lat' dir='ltr'><strong>praeda,</strong></span> <span class='ocrx_word' id='word_1_342' title='bbox 699 3794 795 3859; x_wconf 90' lang='lat' dir='ltr'><strong>quam</strong></span> <span class='ocrx_word' id='word_1_343' title='bbox 824 3771 921 3837; x_wconf 87' lang='lat' dir='ltr'><strong>effuse</strong></span> <span class='ocrx_word' id='word_1_344' title='bbox 947 3771 1030 3836; x_wconf 89' lang='lat' dir='ltr'><strong>avidi</strong></span> <span class='ocrx_word' id='word_1_345' title='bbox 1059 3785 1154 3860; x_wconf 90' lang='lat' dir='ltr'><strong>atque</strong></span> 
     </span>
    </p>

    <p class='ocr_par' dir='ltr' id='par_1_10' title="bbox 108 3857 1154 4036">
     <span class='ocr_line' id='line_1_42' title="bbox 109 3857 1152 3948; baseline 0 -22"><span class='ocrx_word' id='word_1_346' title='bbox 109 3873 242 3948; x_wconf 84' lang='lat' dir='ltr'><strong>egentes</strong></span> <span class='ocrx_word' id='word_1_347' title='bbox 270 3861 442 3948; x_wconf 85' lang='lat' dir='ltr'><strong>rapiebant.</strong></span> <span class='ocrx_word' id='word_1_348' title='bbox 489 3857 539 3924; x_wconf 90' lang='lat' dir='ltr'><strong>Ibi</strong></span> <span class='ocrx_word' id='word_1_349' title='bbox 567 3881 625 3946; x_wconf 90' lang='lat' dir='ltr'><strong>per</strong></span> <span class='ocrx_word' id='word_1_350' title='bbox 647 3857 716 3924; x_wconf 89' lang='lat' dir='ltr'><strong>dies</strong></span> <span class='ocrx_word' id='word_1_351' title='bbox 746 3858 866 3945; x_wconf 90' lang='lat' dir='ltr'><strong>aliquot</strong></span> <span class='ocrx_word' id='word_1_352' title='bbox 891 3859 1003 3924; x_wconf 83' lang='lat' dir='ltr'><strong>stativa</strong></span> <span class='ocrx_word' id='word_1_353' title='bbox 1027 3857 1152 3926; x_wconf 89' lang='lat' dir='ltr'><strong>habita:</strong></span> 
     </span>
     <span class='ocr_line' id='line_1_43' title="bbox 108 3944 1154 4036; baseline -0.002 -23"><span class='ocrx_word' id='word_1_354' title='bbox 108 3947 309 4036; x_wconf 82' lang='lat' dir='ltr'><strong>refectusque</strong></span> <span class='ocrx_word' id='word_1_355' title='bbox 325 3946 424 4024; x_wconf 87' lang='lat' dir='ltr'><strong>miles,</strong></span> <span class='ocrx_word' id='word_1_356' title='bbox 436 3945 576 4012; x_wconf 90' lang='lat' dir='ltr'><strong>hibernis</strong></span> <span class='ocrx_word' id='word_1_357' title='bbox 591 3945 754 4010; x_wconf 87' lang='lat' dir='ltr'><strong>itineribus</strong></span> <span class='ocrx_word' id='word_1_358' title='bbox 770 3969 805 4010; x_wconf 92' lang='lat' dir='ltr'><strong>ac</strong></span> <span class='ocrx_word' id='word_1_359' title='bbox 817 3944 947 4030; x_wconf 90' lang='lat' dir='ltr'><strong>palustri</strong></span> <span class='ocrx_word' id='word_1_360' title='bbox 955 3945 1006 4010; x_wconf 87' lang='lat' dir='ltr'><strong>via</strong></span> <span class='ocrx_word' id='word_1_361' title='bbox 1020 3946 1154 4033; x_wconf 92' lang='lat' dir='ltr'><strong>proelio-</strong></span> 
     </span>
    </p>
   </div>
   <div class='ocr_carea' id='block_1_3' title="bbox 108 4145 1155 4468">
    <p class='ocr_par' dir='ltr' id='par_1_11' title="bbox 108 4145 1155 4468">
     <span class='ocr_line' id='line_1_44' title="bbox 143 4145 1155 4210; baseline 0.002 -15"><span class='ocrx_word' id='word_1_362' title='bbox 143 4161 159 4210; x_wconf 78' lang='lat'><strong>3</strong></span> <span class='ocrx_word' id='word_1_363' title='bbox 175 4149 218 4196; x_wconf 81' lang='lat' dir='ltr'><strong>Ad</strong></span> <span class='ocrx_word' id='word_1_364' title='bbox 226 4149 367 4208; x_wconf 67' lang='lat' dir='ltr'><strong>ronedum,</strong></span> <span class='ocrx_word' id='word_1_365' title='bbox 376 4150 425 4196; x_wconf 80' lang='lat' dir='ltr'><strong>iam</strong></span> <span class='ocrx_word' id='word_1_366' title='bbox 436 4148 480 4195; x_wconf 82' lang='lat' dir='ltr'><strong>da&#39;u</strong></span> <span class='ocrx_word' id='word_1_367' title='bbox 491 4161 570 4210; x_wconf 78' lang='lat' dir='ltr'><strong>aeque</strong></span> <span class='ocrx_word' id='word_1_368' title='bbox 578 4147 617 4196; x_wconf 79' lang='lat' dir='ltr'><strong>de·</strong></span> <span class='ocrx_word' id='word_1_369' title='bbox 650 4151 694 4195; x_wconf 89' lang='lat' dir='ltr'><strong>rat.</strong></span> <span class='ocrx_word' id='word_1_370' title='bbox 728 4145 830 4208; x_wconf 80' lang='lat' dir='ltr'><strong>Aliquot</strong></span> <span class='ocrx_word' id='word_1_371' title='bbox 840 4145 907 4194; x_wconf 80' lang='lat' dir='ltr'><strong>fuere</strong></span> <span class='ocrx_word' id='word_1_372' title='bbox 921 4161 964 4209; x_wconf 86' lang='lat' dir='ltr'><strong>par</strong></span> <span class='ocrx_word' id='word_1_373' title='bbox 978 4147 1024 4196; x_wconf 87' lang='lat' dir='ltr'><strong>boc</strong></span> <span class='ocrx_word' id='word_1_374' title='bbox 1038 4147 1155 4209; x_wconf 76' lang='lat' dir='ltr'><strong>temporis</strong></span> 
     </span>
     <span class='ocr_line' id='line_1_45' title="bbox 108 4209 1154 4274; baseline -0.004 -12"><span class='ocrx_word' id='word_1_375' title='bbox 108 4215 257 4273; x_wconf 61' lang='lat' dir='ltr'><strong>mura]</strong></span> <span class='ocrx_word' id='word_1_376' title='bbox 271 4211 342 4260; x_wconf 87' lang='lat' dir='ltr'><strong>Haec</strong></span> <span class='ocrx_word' id='word_1_377' title='bbox 353 4211 511 4274; x_wconf 78' lang='lat' dir='ltr'><strong>intelligenda</strong></span> <span class='ocrx_word' id='word_1_378' title='bbox 521 4217 577 4260; x_wconf 83' lang='lat' dir='ltr'><strong>sunt</strong></span> <span class='ocrx_word' id='word_1_379' title='bbox 587 4211 619 4259; x_wconf 88' lang='lat' dir='ltr'><strong>de</strong></span> <span class='ocrx_word' id='word_1_380' title='bbox 650 4209 806 4258; x_wconf 84' lang='lat' dir='ltr'><strong>intervallum</strong></span> <span class='ocrx_word' id='word_1_381' title='bbox 817 4209 954 4270; x_wconf 85' lang='lat' dir='ltr'><strong>dictatores,</strong></span> <span class='ocrx_word' id='word_1_382' title='bbox 961 4210 1092 4271; x_wconf 82' lang='lat' dir='ltr'><strong>intorques</strong></span> <span class='ocrx_word' id='word_1_383' title='bbox 1101 4211 1154 4273; x_wconf 82' lang='lat' dir='ltr'><strong>ipse</strong></span> 
     </span>
     <span class='ocr_line' id='line_1_46' title="bbox 109 4273 1154 4338; baseline -0.003 -12"><span class='ocrx_word' id='word_1_384' title='bbox 109 4277 230 4326; x_wconf 79' lang='lat' dir='ltr'><strong>dictatore</strong></span> <span class='ocrx_word' id='word_1_385' title='bbox 245 4278 281 4326; x_wconf 81' lang='lat' dir='ltr'><strong>rel</strong></span> <span class='ocrx_word' id='word_1_386' title='bbox 295 4277 421 4338; x_wconf 69' lang='lat' dir='ltr'><strong>ymadoa</strong></span> <span class='ocrx_word' id='word_1_387' title='bbox 436 4291 511 4326; x_wconf 77' lang='lat' dir='ltr'><strong>causa</strong></span> <span class='ocrx_word' id='word_1_388' title='bbox 528 4280 618 4333; x_wconf 86' lang='lat' dir='ltr'><strong>creato,</strong></span> <span class='ocrx_word' id='word_1_389' title='bbox 650 4273 750 4333; x_wconf 84' lang='lat' dir='ltr'><strong>Fabius,</strong></span> <span class='ocrx_word' id='word_1_390' title='bbox 760 4275 802 4322; x_wconf 70' lang='lat' dir='ltr'><strong>md</strong></span> <span class='ocrx_word' id='word_1_391' title='bbox 818 4273 970 4322; x_wconf 82' lang='lat' dir='ltr'><strong>comitiorum</strong></span> <span class='ocrx_word' id='word_1_392' title='bbox 988 4274 1154 4323; x_wconf 84' lang='lat' dir='ltr'><strong>habendorum</strong></span> 
     </span>
     <span class='ocr_line' id='line_1_47' title="bbox 110 4335 913 4403; baseline -0.001 -14"><span class='ocrx_word' id='word_1_393' title='bbox 110 4341 154 4403; x_wconf 88' lang='lat' dir='ltr'><strong>qui</strong></span> <span class='ocrx_word' id='word_1_394' title='bbox 176 4340 260 4388; x_wconf 86' lang='lat' dir='ltr'><strong>nullus</strong></span> <span class='ocrx_word' id='word_1_395' title='bbox 279 4345 333 4402; x_wconf 86' lang='lat' dir='ltr'><strong>post</strong></span> <span class='ocrx_word' id='word_1_396' title='bbox 354 4339 456 4388; x_wconf 78' lang='lat' dir='ltr'><strong>atilium</strong></span> <span class='ocrx_word' id='word_1_397' title='bbox 476 4339 617 4388; x_wconf 83' lang='lat' dir='ltr'><strong>Calatinum</strong></span> <span class='ocrx_word' id='word_1_398' title='bbox 651 4353 723 4388; x_wconf 85' lang='lat' dir='ltr'><strong>causa</strong></span> <span class='ocrx_word' id='word_1_399' title='bbox 734 4335 815 4386; x_wconf 85' lang='lat' dir='ltr'><strong>creati.</strong></span> <span class='ocrx_word' id='word_1_400' title='bbox 833 4337 913 4388; x_wconf 75' lang='lat' dir='ltr'><strong>Cast.</strong></span> 
     </span>
     <span class='ocr_line' id='line_1_48' title="bbox 111 4403 617 4468; baseline -0.006 -14"><span class='ocrx_word' id='word_1_401' title='bbox 111 4421 156 4468; x_wconf 87' lang='lat' dir='ltr'><strong>per</strong></span> <span class='ocrx_word' id='word_1_402' title='bbox 166 4410 216 4454; x_wconf 88' lang='lat' dir='ltr'><strong>tres</strong></span> <span class='ocrx_word' id='word_1_403' title='bbox 229 4411 253 4453; x_wconf 88' lang='lat' dir='ltr'><strong>et</strong></span> <span class='ocrx_word' id='word_1_404' title='bbox 266 4403 365 4466; x_wconf 78' lang='lat' dir='ltr'><strong>triginta</strong></span> <span class='ocrx_word' id='word_1_405' title='bbox 375 4419 451 4454; x_wconf 81' lang='lat' dir='ltr'><strong>annot</strong></span> <span class='ocrx_word' id='word_1_406' title='bbox 462 4409 556 4452; x_wconf 86' lang='lat' dir='ltr'><strong>creatus</strong></span> <span class='ocrx_word' id='word_1_407' title='bbox 567 4403 617 4451; x_wconf 77' lang='lat' dir='ltr'><strong>luc</strong></span> 
     </span>
    </p>
   </div>
   <div class='ocr_carea' id='block_1_4' title="bbox 0 0 1506 4798">
    <p class='ocr_par' dir='ltr' id='par_1_12' title="bbox 0 0 1506 4798">
     <span class='ocr_line' id='line_1_49' title="bbox 0 0 1506 4798; baseline 0 3"><span class='ocrx_word' id='word_1_408' title='bbox 0 0 1506 4798; x_wconf 95' lang='lat' dir='ltr'><strong> </strong></span> 
     </span>
    </p>
   </div>
  </div>
 </body>
</html>
