2966 4778
361 223 421 284 134
741 216 854 283 TITI
882 215 1020 282 LlVII

202 367 235 417 U.
247 369 277 417 ο.
294 367 349 432 ⁵3⁶·
358 351 492 418 annulos
507 375 628 432 aureos,
644 353 700 440 qui
722 365 828 418 tantus
843 374 973 417 acerem
992 351 1062 429 fuit,
1080 363 1125 429 ut,
1141 350 1349 415 metientibus
1364 348 1433 414 ‹li-⁹

200 432 232 482 Α·
249 434 279 484 ⁰·
295 429 494 502 ²¹⁶·midium
514 460 610 540 super
624 451 688 504 tres
708 438 831 504 modios
850 437 1005 526 explesse,
1020 438 1086 503 sint
1105 437 1237 588 apulam
1255 448 1411 501 auctores.

359 525 458 590 Fama
471 537 584 603 tenuit,
599 548 683 613 quae
697 525 826 614 propior
836 548 911 591 vero
926 537 984 602 est,
997 524 1085 591 haud
1098 547 1121 626 p
1133 523 1278 590 ualuisse
1293 522 1411 588 modia

361 611 493 677 Adiecit
513 611 632 677 deinde
654 612 768 690 verbis,
791 635 856 700 quo
875 612 1004 678 maioris
1023 611 1124 677 cladm
1143 609 1299 676 indicium
1319 623 1413 684 emet,

359 699 608 800 neminem,·nisi
628 699 780 786 equitem,
797 711 893 798 aque
914 721 1024 799 eornm
1044 699 1185 785 ipsorum
1200 696 1367 797 primores,
1383 695 1432 758 id1

359 784 1074 972 tailliatae{illibabilis
1087 783 1416 969 &inlibati-¹3

361 957 486 1022 ‘balem
502 979 579 1023 esse.
617 956 735 1023 Procul
744 957 831 1022 enim
845 958 885 1022 ab
900 954 996 1022 domo
1006 956 1150 1022 militiam
1166 977 1244 1032 esse,
1257 977 1293 1018 m
1308 955 1415 1020 media

361 1043 520 1109 ‘hostium
535 1056 636 1109 terra:
661 1065 809 1144 magnam
824 1043 889 1110 rim
909 1043 1071 1120 frumenti,
1086 1042 1252 1131 pecuniae,
1269 1042 1413 1117 absumi3

247 1199 250 1206 ,
362 1139 415 1194 ‘et
431 1142 478 1194 tot
488 1130 581 1208 acies,
597 1141 634 1194 ut
647 1129 786 1195 hostium
801 1129 960 1195 exercitus
970 1128 1101 1207 delesse,
1113 1129 1158 1193 ita
1172 1127 1301 1193 victoris
1316 1128 1414 1193 etiam

363 1216 488 1303 ‘copias
507 1229 595 1304 parte
616 1215 724 1304 aliqua
742 1216 902 1282 minuisse.
949 1214 1148 1280 Mittendum
1167 1213 1266 1302 igitur
1284 1214 1414 1364 supple·

353 1307 526 1367 “mentum
549 1325 635 1378 esse3
663 1301 851 1368 mittendam
874 1303 909 1366 in
932 1301 1128 1388 stipendium
1154 1301 1324 1388 pecuniam

363 1399 591 1540 ‘mpntpmque
614 1403 678 1454 tam
702 1389 784 1454 bene
810 1388 931 1453 meritis
954 1389 995 1452 de
1023 1388 1151 1454 nomine
1177 1386 1304 1452 Punico
1332 1386 1415 1452 mili-

364 1475 407 1539 ‘ti
430 1498 475 1540 us.

203 1579 354 1628 Hannonem
409 1561 592 1627 Secundum
607 1563 687 1628 haec
708 1563 794 1628 dieta
812 1561 961 1650 Magonis
978 1533 1069 1627 laetis
1084 1562 1241 1638 omnibus,
1258 1559 1414 1639 Himilco,

204 1649 324 1758 aaa.

205 2103 291 2152 Oratio

362 1647 411 1711 vir
439 1647 583 1713 factionis
613 1647 776 1728 Barcinae,
799 1649 904 1714 locum
936 1648 1105 1714 Hannonis
1131 1647 1317 1735 increpandi
1346 1671 1414 1712 esse

362 1746 458 1812 natue,
483 1735 593 1809 ‘Quid
616 1749 672 1814 est,
696 1735 853 1801 Hannol'
875 1736 990 1822 inquit,
1019 1735 1135 1800 ‘etiam
1157 1757 1245 1798 nune
1268 1735 1415 1820 poenitet

363 1820 457 1886 ‘belli
472 1821 609 1907 suscepti
621 1821 768 1887 dvorsus
784 1823 969 1888 Romanos?
991 1821 1071 1887 Iube
1086 1821 1162 1888 dedi
1179 1819 1413 1885 Hannibalem:

364 1918 458 1972 ‘veta
471 1907 506 1970 in
526 1921 590 1972 tam
634 1909 767 1995 rosperis
787 1910 882 1974 rebus
900 1920 1005 1995 grates
1022 1907 1084 1972 diis
1101 1905 1333 1972 immortalibus
1353 1929 1412 1993 aff.

363 1993 562 2059 ‘Audiamus
597 1930 781 2059 llbmanum
816 2006 993 2059 senatorem
1027 1995 1062 2058 in
1098 1993 1413 2080 Carthaginiensium

363 2081 487 2146 ‘ouria’
524 2079 610 2145 Tum
621 2081 754 2146 Hanno:
780 2080 983 2146 ‘Tacuissem
993 2080 1099 2158 hodie,
1111 2079 1221 2144 Patres
1230 2080 1413 2166 conscripti,

204 2168 337 2244 Hannonis
364 2178 422 2232 ‘ne
438 2167 518 2254 qnid
531 2167 565 2231 in
581 2167 743 2233 communi
764 2167 907 2232 omnium
926 2167 1054 2253 gaudio,
1071 2166 1176 2230 minus
1190 2164 1310 2232 laetum
1324 2165 1414 2252 quod

204 2233 235 2281 de
248 2234 344 2282 Hanni·
362 2259 373 2290 ς

203 2297 266 2347 bale.

383 2269 465 2319 esset
479 2254 577 2332 vobis,
593 2253 748 2341 loquerer.
795 2251 894 2317 Nunc
908 2253 1008 2318 interr
1091 2253 1115 2316 ti
1136 2251 1284 2329 senatori,
1301 2253 1414 2339 poeni·

362 2346 373 2376 ‘
384 2353 489 2404 teatne
505 2363 557 2404 me
572 2339 677 2405 adhue
691 2340 829 2427 suscepti
846 2338 995 2404 adversus
1008 2276 1179 2404 ffianos
1192 2337 1279 2415 belli,
1295 2339 1322 2402 si
1337 2339 1415 2404 reti-

362 2431 372 2462 ‘
380 2448 480 2502 ceam,
496 2439 551 2490 aut
565 2427 728 2513 superbus,
741 2438 796 2490 aut
809 2425 967 2490 obnoxius
981 2426 1102 2490 videar:
1127 2447 1264 2511 quorum
1274 2423 1432 2490 alterumz

362 2518 431 2576 ‘est
450 2511 587 2575 hominis
609 2511 731 2576 alienae
753 2511 906 2577 libertatis
926 2511 1034 2588 obliti;
1057 2511 1192 2576 alterum
1211 2533 1297 2578 suae.
1346 2510 1413 2575 Re-

362 2597 554 2683 ‘spondeam
581 2597 678 2684 igitur
707 2597 894 2676 Himilconi,
921 2620 987 2663 non
1017 2597 1134 2663 desisse
1163 2597 1329 2684 poenitere
1361 2620 1411 2662 me

362 2682 464 2759 ‘belli‚
487 2705 592 2769 neque
615 2682 789 2748 desiturum
813 2697 886 2748 ante
904 2683 1058 2749 invictum
1077 2695 1216 2750 vestrum
1238 2685 1411 2770 imperato-

362 2776 447 2832 ‘rem
474 2768 628 2846 incusare,
651 2792 747 2856 quam
769 2769 895 2834 finitum
918 2770 1024 2858 aliqua
1047 2769 1202 2836 tolerabili
1224 2770 1411 2836 conditione

361 2853 498 2920 ‘bellum
520 2854 646 2921 videro:
671 2877 731 2920 nec
753 2855 832 2920 mibi
877 2856 940 2920 acis
960 2857 1109 2943 antiquae
1130 2856 1326 2922 desiderium
1347 2858 1412 2922 nlla

361 2941 444 3006 ‘alia
463 2964 522 3019 res,
542 2963 638 3028 quam
656 2963 719 3091 pax
738 2963 828 3020 nova,
844 2879 944 3007 tibist
990 2942 1008 3006 Ι
1064 2965 1103 3007 ue
1124 2942 1192 3020 ista,
1209 2965 1293 3042 quae
1315 2945 1411 3008 modo

361 3027 481 3116 ‘Mago
502 3027 638 3106 iactavit,
674 3027 834 3094 {imilconi
852 3029 1029 3115 ceterisque
1089 3028 1245 3094 annibalis
1265 3029 1410 3094 satelliti·

360 3114 437 3178 ‘bus
466 3114 528 3178 iam
555 3113 638 3179 laeta
662 3127 746 3178 sunt
792 3113 877 3178 Mihi
900 3129 1033 3202 possunt
1054 3113 1138 3179 laeta
1158 3137 1237 3192 esse,
1261 3117 1340 3202 qnia
1361 3139 1410 3180 res

360 3197 464 3265 ‘bello
486 3200 568 3264 bene
593 3213 712 3288 gestae,
734 3199 760 3264 si
782 3200 928 3264 volumus
948 3201 1076 3266 fortuna
1098 3201 1154 3278 uti,
1177 3223 1291 3288 pacem
1318 3204 1410 3268 nobis

359 3287 562 3374 ‘aequiorem
577 3281 707 3352 dabunt
755 3283 840 3350 Nam
858 3287 884 3350 si
899 3287 1179 3374 praetermittimus
1194 3287 1256 3352 hoc
1272 3301 1409 3377 tempus,

359 3381 445 3458 ‘quo¹
467 3373 566 3459 magis
586 3371 670 3450 dare,
686 3395 781 3460 quam
803 3373 956 3460 accipere,
1015 3395 1138 3438 ssumus
1160 3373 1262 3438 videri
1284 3397 1408 3462 paoem,

360 3468 498 3536 ‘verena
521 3480 562 3522 ne
585 3458 664 3524 haee
686 3481 815 3545 quoqne
837 3458 958 3524 laetitia
992 3460 1119 3524 uxuriet
1141 3460 1242 3536 nobis,
1267 3483 1306 3526 ac
1328 3483 1410 3526 vana
1459 3515 1460 3546 ,

359 3545 498 3611 ‘evadat
548 3542 640 3622 Quae
663 3557 771 3609 tamen
796 3567 1033 3695 nunpnippoque
1056 3546 1158 3647 qualis
1181 3547 1252 3612 est?
1291 3546 1408 3614 Occidi

358 3631 534 3697 ‘exercitus
548 3630 705 3697 hostium:
730 3631 846 3696 mittite

923 3643 983 3697 rtes
1002 3631 1090 3697 mihi.
1138 3631 1229 3707 Quid
1248 3632 1340 3700 aliud
1359 3655 1409 3700 ru·
1459 3653 1460 3696 l

392 3843 561 3904 oDlmidiam
587 3857 662 3904 saper
688 3851 737 3894 tren
759 3845 861 3903 modios]
896 3844 928 3892 do
947 3845 1013 3894 bello
1031 3845 1133 3904 Punico,
1149 3860 1230 3908 neque
1249 3846 1319 3896 anim
1338 3848 1409 3898 aliter
1459 3861 1460 3886 1

356 3905 380 3952 h.
393 3921 414 3952 e.
435 3903 573 3954 Dimidium
591 3904 701 3954 modium
723 3921 796 3968 snper
816 3912 864 3955 tres
896 3908 1032 3968 potuissent
1052 3908 1168 3958 trimodia
1191 3910 1236 3957 illa
1257 3913 1407 3961 annulorum
1459 3913 1460 3954 ἱ

356 3967 459 4018 modios.
492 3969 587 4018 Graece
602 3966 717 4032 altmar
731 3967 862 4031 ἣμίμετρον.
896 3971 1069 4034 Carthaginem
1080 3974 1112 4021 ab
1124 3972 1268 4022 Hannibale
1279 3975 1375 4026 mitti!

357 4035 427 4083 Duos
441 4031 535 4081 modios
551 4038 670 4082 memorat
685 4031 773 4082 Florus
787 4032 811 4080 ii.
825 4031 863 4082 26.
929 4038 1147 4112 adalraparlaa,
1157 4039 1348 4101 salebratim]
1364 4043 1407 4089 Sa·
1459 4067 1460 4074 ι

356 4105 405 4170 ἐξω
414 4095 480 4146 Plin.
488 4095 522 4145 H.
531 4097 565 4146 N.
573 4095 658 4146 xxxiii.
668 4097 785 4146 1.etVal.
795 4096 862 4146 Max.
893 4101 993 4160 mabar,
1009 4100 1029 4148 si
1047 4100 1173 4164 indignum
1192 4101 1295 4151 haberet
1314 4111 1407 4154 senato

357 4161 396 4210 ui.
409 4175 431 4209 a.
896 4176 956 4221 ram,
978 4163 1017 4211 eui
1042 4165 1207 4226 responderat,
1229 4167 1361 4228 οὸπειὶω,
1381 4183 1408 4224 a,

392 4227 616 4283 immineamus·
629 4225 745 4288 eorunm]
771 4224 862 4273 Verum
896 4227 1303 4292 nonhabensquodresponderst,
1316 4231 1408 4282 vietum

358 4287 422 4337 Plln.
435 4288 470 4336 ll.
483 4288 517 4338 N.
529 4287 613 4336 xxxiii.
628 4289 764 4337 aeumlao
778 4303 864 4338 amcos
895 4303 921 4338 se
932 4291 1091 4352 profiteretur.

356 4350 487 4415 promiscui
502 4351 559 4402 uada
572 4351 645 4402 luisse
658 4351 741 4401 scribit
752 4354 767 4379 ‘⁴
777 4367 861 4401 secun
