2888 4768
357 207 420 270 254
751 197 863 264 ΤΙΤῙ
889 196 1025 264 LIVII

203 356 278 407 tac.
295 367 352 417 ⁵40·
364 338 550 428 Crispinum
565 336 731 426 perpulere
751 335 911 414 turmales,
926 359 968 401 ne
987 336 1116 423 impune
1137 333 1291 400 insultare
1316 335 1407 400 Cam

202 423 233 472 ³·
250 421 280 471 ⁰·
296 434 480 516 ²¹²·panum
501 436 671 514 pateretur.
717 421 830 510 Itaque
853 437 976 489 tantum
999 434 1146 500 moratus,
1168 422 1260 511 durn¹
1274 423 1407 510 impera·

360 528 443 580 tores
463 509 651 588 consuleret,
666 511 928 599 permitterentne
943 510 1002 575 sibi
1022 523 1113 574 extra
1126 509 1278 574 ordinem
1291 509 1328 572 in
1344 532 1408 597 pro-

359 613 527 666 vocantem
554 597 678 662 hostem
731 619 859 685 ugnare,
925 596 1036 660 nnissu
1065 617 1175 660 eorum
1203 617 1297 660 arms
1319 596 1407 682 cepit,

360 709 544 775 equumque
563 620 757 758 conscendit,
778 697 811 748 et
831 682 859 747 B
902 684 978 760 ium,
999 683 1128 746 nomine
1148 681 1361 769 compellans,
1374 683 1409 746 ad

202 786 331 849 singrnare
360 795 501 924 pugnam
521 770 672 837 evocavit
718 769 818 834 Nulla
837 792 923 834 mora
943 793 963 834 a
979 769 1144 856 Campano
1163 767 1254 834 facta
1274 783 1344 834 est:
1367 769 1408 832 in·

202 865 287 964 aarum
299 865 349 898 ⁰⁰¹²
373 861 448 926 estis
470 859 562 947 equis
586 871 823 923 concurremnt.
871 855 1037 943 Crispinus
1062 878 1155 942 supra
1180 869 1316 921 scutum
1342 857 1409 920 sini·

229 931 294 964 Μ’
362 961 461 1012 strum
476 947 644 1011 humerum
665 942 767 1008 Badio
782 943 870 1008 basta
885 943 1050 1020 transfixit,
1065 965 1225 1028 superque
1247 942 1407 1030 delapsum

306 1113 308 1118 Ι
362 1057 435 1098 curn
450 1032 580 1098 vulnere
595 1053 636 1096 ex
651 1053 735 1116 equo
749 1029 886 1106 desiluit,
899 1044 934 1094 ut
948 1029 1046 1117 pedes
1056 1029 1213 1094 iacentem
1229 1031 1407 1094 conficeret

362 1119 491 1196 Badius,
507 1117 689 1206 priusquam
705 1140 724 1182 o
747 1117 944 1216 primeretur,
955 1138 1064 1203 parma
1077 1129 1171 1202 atque
1187 1137 1281 1204 equo
1297 1117 1408 1182 relicto

361 1205 402 1272 ad
432 1228 505 1271 suos
530 1203 660 1292 aufugit.
738 1203 883 1304 nspinus‚
910 1225 1039 1352 equum,
1068 1225 1219 1289 armaque
1252 1218 1360 1291 capta,
1384 1221 1408 1267 er

361 1307 525 1358 cruentam
547 1290 710 1378 cuspidem
734 1289 863 1377 inargnis
882 1311 939 1378 spo
951 1289 989 1353 iis
1009 1303 1179 1366 ostentans,
1198 1311 1281 1354 cum
1305 1313 1410 1378 magns

361 1379 454 1445 laude
478 1391 512 1444 et
536 1377 747 1465 gratulatione
770 1375 915 1452 rnilitum,
940 1375 982 1440 ad
1004 1375 1148 1440 consules
1169 1390 1221 1440 est
1243 1376 1408 1452 deductus

362 1465 469 1532 laudat
530 1488 570 1529 ue
584 1463 629 1530 ibi
644 1463 823 1551 magnifice,
838 1476 871 1528 et
884 1461 976 1528 donis
990 1461 1134 1528 donatus.

254 1555 302 1618 19.
406 1488 569 1617 Hariiibal
584 1573 625 1616 ex
639 1573 714 1637 agro
730 1549 956 1615 Beneventano
975 1562 1075 1614 castra
1088 1548 1129 1613 ad
1146 1545 1304 1637 Capuam
1320 1573 1409 1639 quum

203 1641 273 1690 θοι
286 1654 329 1701 ru·
362 1638 519 1716 movisset,
549 1638 642 1702 tertio
671 1650 742 1724 post
770 1636 832 1713 die,
859 1658 956 1723 quam
986 1637 1082 1712 venit,
1107 1635 1216 1723 copias
1247 1639 1287 1701 in
1319 1639 1409 1703 scien
1442 1675 1443 1678 =

233 1710 355 1826 :nnffl'
363 1723 490 1789 eduxit:
515 1722 760 1824 haudquaquam
775 1722 900 1800 dubius,
916 1722 1004 1810 quod
1020 1720 1203 1810 Campanis,
1221 1725 1362 1790 absente
1375 1747 1409 1797 se,

235 1831 353 1894 querna
362 1833 479 1898 paucos
493 1825 568 1874 ante
587 1810 655 1874 dres
669 1809 808 1874 secunda
827 1808 937 1874 fuisset
954 1832 1071 1896 pugna,
1087 1809 1165 1895 quin
1185 1809 1301 1876 multo
1317 1812 1411 1876 minus

232 1933 238 1944 ·
362 1919 396 1962 se
422 1919 578 1985 suumque
606 1897 699 1962 toties
719 1897 870 1962 victorem
892 1897 1067 1961 exercitum
1088 1895 1248 1962 sustinere
1278 1897 1409 1964 Romani

361 1999 497 2071 possent.
541 1982 703 2060 Ceterum,
714 1996 880 2070 postquam
889 1982 1022 2069 pugnari
1034 1994 1181 2132 coeptum
1192 1997 1255 2062 est,
1270 1987 1409 2072 equiturn

362 2071 499 2136 maxime
509 2071 647 2171 incursu,
656 2092 756 2157 quum
766 2069 876 2134 iaculis
884 2070 1077 2146 obrueretur,
1100 2070 1255 2140 aborabat
1270 2071 1411 2137 Romam

205 1902 231 1944 te

361 2159 461 2223 acies:
484 2157 588 2222 donec
602 2178 728 2243 srgnnm
743 2156 903 2243 equitibus
917 2155 1026 2220 datum
1041 2171 1098 2232 est,
1114 2156 1198 2220 utin
1215 2156 1352 2224 hostem
1366 2158 1411 2222 ad·

361 2244 526 2310 mitterent
539 2265 646 2330 equos.
691 2241 742 2307 Ita
764 2255 909 2329 equestre
930 2242 1084 2329 proelium
1103 2255 1190 2318 erat;
1241 2267 1331 2310 uum
1349 2267 1410 2333 pro

360 2329 414 2395 cul
427 2331 512 2395 visus
534 2329 779 2416 Sempronianus
799 2329 964 2406 exercitus,
980 2329 1032 2394 cui
1049 2328 1110 2393 Cn.
1123 2267 1305 2396 Cornidius
1324 2355 1411 2419 quae·

361 2432 427 2481 stor
441 2430 592 2504 praeerat,
608 2417 735 2503 utrique
749 2416 830 2502 parti
845 2437 952 2502 parem
971 2429 1090 2480 metum
1108 2417 1268 2503 praebuit,
1288 2442 1333 2483 ne.
1349 2419 1411 2483 bos·

362 2516 409 2568 tes
429 2503 504 2568 novi
524 2502 739 2568 adventarent
785 2501 883 2566 Velut
904 2525 946 2567 ex
967 2502 1140 2589 composito
1162 2503 1335 2592 utrimque
1358 2506 1411 2592 sig·

362 2611 440 2652 num
466 2590 607 2676 receptui
632 2590 762 2655 datum:
794 2588 980 2676 reductique
1002 2589 1036 2652 in
1058 2601 1159 2653 casua
1179 2611 1286 2677 prope
1315 2616 1410 2692 aequo

364 2673 469 2739 Marte
490 2673 708 2740 discesserunt.
755 2674 866 2740 Plures
886 2689 992 2740 tamen
1011 2677 1051 2740 ab
1067 2675 1223 2741 Romanis
1237 2679 1352 2765 primo
1371 2703 1411 2742 rn-

363 2783 458 2826 cursn
471 2761 616 2849 equiturn
631 2761 823 2826 ceciderunt.

407 2844 488 2912 Inde
508 2847 661 2924 consules,
677 2861 713 2912 ut
733 2861 912 2914 averterent
928 2847 1042 2937 Capua
1061 2848 1293 2930 Hannibalem,
1310 2873 1409 2921 nocte,
1441 2919 1442 2926 ,

363 2957 445 3086 quae
474 2946 583 3000 secuta
610 2948 667 3012 cst,
697 2934 822 3012 diversi,
852 2935 981 3000 Fulvius
1009 2935 1042 2999 in
1072 2959 1181 3023 agrum
1213 2935 1409 3014 Cumanum

397 3021 521 3087 laudius
532 3021 566 3086 in
581 3020 727 3086 Lucanos
742 3021 827 3087 abiit.
873 3021 1003 3087 Postero
1014 3023 1077 3100 die,
1088 3045 1186 3111 quum
1197 3047 1307 3091 vacua
1317 3045 1422 3093 castra:
1441 3027 1442 3088 J

363 3130 431 3173 esse
459 3108 676 3174 Rornanorum
701 3108 884 3173 nuntiatum
910 3106 1084 3174 Hannibali
1107 3122 1197 3187 emet,
1226 3125 1261 3176 et
1290 3113 1409 3180 drrobns

364 3194 542 3281 agminibus
556 3195 696 3261 diversos
710 3194 839 3270 abiisse3
863 3194 1001 3260 incertus
1015 3196 1127 3283 primo,
1142 3209 1250 3261 utrum
1261 3221 1409 3288 sequere·

364 3293 425 3358 tur,
450 3281 504 3368 Ap
527 3281 591 3346 ium
614 3281 728 3346 institit
747 3304 780 3346 se
804 3281 845 3345 ui.
892 3280 961 3359 Ille,
983 3281 1199 3348 circumducto
1221 3283 1332 3366 hoste,
1354 3311 1409 3377 qus

363 3366 473 3445 voluit,
496 3304 558 3433 aiio
579 3367 692 3433 itinere
715 3368 757 3433 ad
780 3304 924 3468 {apuam
947 3369 1049 3434 rediit.
1096 3367 1273 3436 Hannibali
1298 3375 1406 3440 alisin

207 3462 344 3537 recente-
364 3451 414 3518 bis
429 3454 505 3519 locis
522 3454 603 3520 bene
621 3454 779 3543 gerendae
797 3477 841 3519 rer
858 3454 983 3520 fortuna
1001 3456 1105 3520 oblata
1124 3469 1179 3521 est.
1226 3457 1278 3523 Μ.
1294 3460 1407 3527 Cente·
1440 3509 1441 3540 p

206 3540 270 3576 Μ’·
364 3541 436 3606 nius
449 3541 510 3606 fuit
524 3541 713 3628 cognomine
727 3541 859 3619 Pennis,
876 3541 1007 3629 insignis
1021 3543 1105 3608 inter
1117 3543 1212 3630 primi
1226 3543 1287 3632 pili
1304 3566 1406 3614 centn·
1440 3543 1441 3570 ¹

363 3627 469 3694 tiones
490 3640 524 3693 et
544 3627 764 3716 magnitudine
786 3651 824 3694 co
883 3627 924 3692 ris
945 3642 979 3693 et
999 3628 1114 3694 animo.
1159 3627 1201 3709 Is,
1225 3633 1406 3718 perfunctus

364 3713 486 3792 militia,
501 3737 559 3802 per
573 3714 610 3779 P.
625 3713 812 3780 Cornelium
853 3713 948 3779 uliam
963 3727 1137 3816 praetorem
1151 3716 1185 3780 in
1199 3733 1354 3787 senatum
1368 3725 1406 3787 in·

365 3800 538 3878 troductus,
554 3803 635 3888 petit
649 3825 669 3866 a
687 3801 844 3878 Patribus,
860 3801 907 3865 uti
922 3801 981 3866 sibr
995 3802 1138 3890 quinque
1152 3802 1255 3870 millia
1273 3809 1404 3875 militurn

364 3885 524 3951 darentur.
568 3896 578 3926 ‘
590 3887 641 3964 Se,
652 3889 790 3975 peritum
802 3901 835 3954 et
849 3887 947 3952 hostis
957 3900 991 3953 et
1005 3889 1180 3976 regionum,
1193 3892 1284 3958 brevi
1301 3917 1404 3985 operar

366 3973 524 4059 ‘pretium
538 3975 712 4052 iacturum3
735 3987 778 4054 et,
794 3974 910 4062 quibus
924 3975 1043 4040 artibus
1054 3975 1094 4040 ad
1109 3976 1143 4041 id
1158 3975 1305 4045 locorum
1319 3982 1419 4048 noscit

399 4216 463 4277 711»
472 4215 585 4264 Lucanos
595 4215 669 4274 abiit]
689 4215 872 4264 Haudraroad
940 4217 1014 4266 8Ad
1030 4219 1057 4266 id
1077 4219 1195 4282 locorum]
1225 4223 1267 4272 Ad
1290 4224 1317 4273 id
1340 4240 1403 4288 unque

365 4277 479 4326 ultimum
491 4279 611 4328 duntaxat
622 4294 711 4326 nornen
721 4281 819 4327 terbum
831 4295 871 4342 ap.
904 4285 1009 4344 tempus.
1032 4282 1061 4331 ci.
1073 4297 1138 4344 supr.
1151 4285 1210 4334 xxii.
1223 4289 1263 4348 38.
1280 4287 1316 4336 ix.
1328 4305 1365 4348 qe

366 4340 463 4390 Livium
475 4341 584 4390 refertur.
606 4341 637 4390 cs.
649 4357 713 4406 supr.
725 4358 749 4390 ιι.
761 4359 799 4402 ⁴4·
1345 4337 1354 4352 ⁸
