2866 4770
333 244 396 305 522
720 237 833 305 ΤΙΤΙ
863 235 999 304 LIVII

176 377 212 492 i?
224 377 255 492 3:
271 372 544 524 iillssiiiaiiiii
586 369 1384 548 'nimffflli'pliilul'iii‘lifafflffi

335 546 454 646 patriae
470 559 585 624 motus,
600 483 818 612 giometuens
833 548 940 623 etiam,
954 569 996 610 ne
1011 546 1115 610 victor
1134 544 1242 609 bostis
1259 545 1384 608 moranti
1428 553 1429 618 ζ

336 643 476 709 meteret,
502 631 700 720 Liguresque
727 633 797 721 ipsi,
820 633 958 719 relinqui
981 630 1109 697 Italiam
1137 654 1158 694 a
1181 631 1304 695 Poenis
1326 653 1384 694 cer
1428 637 1429 702 i

336 731 458 795 nentes,
486 717 528 782 ad
553 743 617 796 eos,
640 741 776 806 quorum
803 741 878 784 mox
904 718 939 782 in
962 730 1121 818 potestate
1147 717 1256 782 flaturi
1280 730 1383 794 esent,
1428 751 1429 780 r

192 809 317 886 anauga·
336 803 519 881 deficerent,
535 805 630 870 simul
643 827 772 894 sperans
790 805 944 870 leniorem
962 827 998 868 m
1011 804 1235 904 navigatione,
1251 805 1383 891 quamin
1428 809 1429 870 ζ

190 888 397 986 ffil⁰¹²¹⁰¹lvia
412 891 616 956 iactationem
630 893 771 956 vulneris
789 891 866 970 sore,
885 908 919 956 et
939 889 1096 956 cumtiom
1110 891 1238 989 'omnia
1258 913 1383 954 eommo-
1428 878 1429 928 l

336 976 436 1054 diora,
452 977 607 1064 impositis
621 979 721 1064 copiis
739 979 773 1042 in
791 1000 887 1042 naves
903 975 1072 1064 profectus,
1088 975 1232 1040 vixdum
1250 991 1384 1063 superna

339 1063 494 1140 Sardinia,
510 1087 552 1128 ex
569 1063 700 1128 vulnere
722 1064 874 1129 moritur:
898 1085 994 1127 naves
1014 1083 1149 1148 quoque
1173 1062 1301 1148 aliquot
1313 1062 1385 1126 Poe·

336 1171 451 1214 norum
466 1149 615 1215 disiectae
634 1150 668 1214 in
686 1149 750 1214 alto
765 1173 785 1214 a
798 1149 895 1214 classe
909 1149 1063 1224 Romana,
1081 1170 1169 1234 quae
1185 1149 1277 1212 cirm
1291 1147 1383 1214 Surdi-
1428 1201 1429 1230 ,

336 1237 423 1300 niam
435 1248 515 1337 erat,
531 1237 708 1323 capiuntru.
748 1234 840 1301 Haec
854 1250 937 1302 terra
950 1233 1095 1320 marique
1110 1233 1148 1298 in
1164 1249 1262 1322 parte
1276 1234 1382 1311 Italiae,
1428 1231 1429 1308 l

336 1337 516 1474 q‘aare
530 1322 571 1473 a
587 1322 867 1486 aaran
888 1406 1086 1473 ,mni
1109 1429 1146 1472 m
1234 1409 1384 1495 „n

340 1494 469 1560 Etruria
488 1507 521 1560 et
536 1493 644 1559 Gallia
661 1495 830 1582 (quoniam
851 1517 890 1559 eo
912 1515 1040 1580 quoque
1060 1495 1285 1592 processerat)
1300 1509 1383 1581 gesta

337 1595 426 1668 patre
451 1579 490 1646 C.
509 1580 643 1646 Servilio
663 1594 697 1646 et
721 1581 759 1647 C.
773 1580 904 1646 Lutatio
927 1603 969 1645 ex
992 1592 1144 1644 semtute
1171 1595 1251 1667 post
1273 1596 1383 1645 sextum
1428 1603 1429 1654 l

338 1666 498 1766 decimum
520 1689 641 1768 annum
660 1668 805 1755 receptis,
821 1667 878 1768 qui
897 1666 939 1732 ad
955 1665 1061 1731 vicum
1082 1664 1257 1766 Tannetum
1276 1690 1296 1731 a
1311 1665 1400 1734 Boiis:

338 1754 585 1926 biblii&
598 1750 1383 1928 llttltrl¹ltcftltnltttm¹tlfflbt

390 1939 458 1991 tum
475 1926 517 1990 ad
537 1926 690 2013 populum
709 1939 767 2010 est,
791 1933 852 1990 ‘ne
870 1924 908 1991 C.
924 1924 1057 1990 Servilio
1070 1923 1180 1988 fraudi
1199 1939 1297 2000 emet,
1311 1925 1385 2011 quod

340 2021 460 2165 :papa
476 2012 533 2099 qui
551 2013 632 2164 lebia
653 2011 755 2163 cpruli
777 2011 1139 2162 aefflffet’lvffo'fgpuntl
1163 2010 1201 2074 id
1226 2011 1384 2162 igqoraret,

208 2221 210 2226 ·
341 2121 507 2287 ‘sblqcbnubs
528 2120 884 2285 iegibbsagrbb’oefflib
905 2118 1240 2270 lmgtioniaeeperffi
1266 2119 1386 2271 inqlpss

339 2294 477 2337 vrncram
492 2271 595 2336 redut.

385 2358 440 2423 Ad
462 2358 523 2423 Cn.
539 2357 708 2423 Servilium
727 2357 899 2434 consulem,
915 2357 972 2444 qui
991 2356 1026 2421 in
1045 2355 1185 2421 Bruttiis
1206 2372 1291 2436 erat,
1311 2357 1403 2422 Cor-s

340 2446 451 2523 sentia,
469 2444 635 2532 Uffugnm,
651 2442 786 2532 Vagae,
803 2443 961 2521 Besidiae,
981 2442 1199 2520 Hetriculum,
1219 2443 1386 2533 Sypbeum,

340 2532 573 2618 Argentanum,
603 2529 793 2618 Clampetia,
817 2530 974 2617 multique
1000 2529 1055 2594 alii
1080 2529 1247 2680 ignobiles
1277 2529 1385 2680 prpuli

341 2637 503 2682 senescere
533 2617 693 2682 Punicum
726 2616 845 2682 bellum
879 2630 1054 2693 cernentes,
1108 2615 1249 2680 eiecere.
1325 2617 1388 2679 den

340 2702 451 2766 consul
471 2724 545 2766 cum
561 2702 742 2767 Hannibale
766 2703 802 2766 iu
824 2725 899 2789 agro
919 2701 1123 2767 Crotoniensi
1142 2703 1215 2766 acie
1241 2703 1385 2768 conflixit

343 2786 487 2852 Obscura
506 2789 575 2852 eius
593 2812 719 2877 pugnae
739 2789 823 2853 fama
842 2801 898 2853 cst.
945 2786 1091 2852 Valerius
1107 2787 1231 2852 Antias
1254 2790 1385 2876 quinque

342 2873 440 2938 millia
454 2874 592 2940 hostium
607 2897 698 2940 caesa
711 2875 764 2940 ait
813 2874 906 2950 Quae
921 2887 1009 2939 tanta
1025 2896 1074 2938 res
1088 2887 1146 2950 est,
1163 2886 1203 2938 ut
1220 2889 1282 2939 aut
1295 2875 1386 2960 impu·

341 2959 456 3026 denter
469 2962 544 3025 ficta
558 2961 607 3038 sit,
624 2973 679 3026 aut
696 2983 759 3047 neg
773 2961 780 2975 “
805 2972 897 3026 enter
916 2960 1143 3048 praetermissa.
1193 2959 1295 3025 Nihil
1313 2973 1385 3024 certe

342 3047 424 3112 ultra
444 3047 491 3112 rei
516 3048 551 3111 in
570 3045 665 3147 ltalia
689 3048 729 3111 ab
757 2983 938 3147 bssnnibale
963 3059 1097 3146 gestum.
1144 3043 1238 3145 Nam
1262 3047 1386 3147 atiena

231 3215 282 3309 2,
315 3131 1386 3310 ‚lanternarumnunna

184 3297 414 3410 Hanmpiausque,
438 3329 474 3370 ac
495 3306 550 3369 vix
573 3304 710 3369 lacrimis
735 3319 925 3393 temperans,
949 3303 1067 3368 dicitur
1091 3303 1277 3388 legatorum
1304 3306 1386 3369 nerlu

183 3376 332 3474 ffiffdff
340 3390 474 3456 audisse.
520 3391 694 3479 Postquam
720 3391 807 3456 edita
828 3405 903 3456 sunt
928 3389 1086 3465 mandata,
1114 3389 1207 3454 ‘Iam
1234 3413 1307 3456 non
1326 3412 1386 3477 mt-

176 3488 227 3570 ¹lor.
342 3487 352 3516 ‘
362 3477 477 3564 plere}
490 3478 606 3564 inquit,
631 3476 711 3576 ‘setl
727 3477 832 3564 palam
851 3490 1011 3552 revocant,
1027 3476 1092 3563 qui,
1108 3475 1256 3541 vetando
1271 3476 1386 3628 suff

342 3573 506 3628 ‘mentum
536 3578 569 3629 et
639 3586 767 3628 cuniam
800 3563 894 3640 mitti,
924 3563 988 3626 iam
996 3561 1144 3712 upridem
1178 3564 1311 3628 retrahe
1368 3579 1385 3624 r.

342 3649 452 3715 ‘Vicit
481 3672 556 3737 ergo
622 3649 803 3714 annibalem
832 3672 898 3714 non
930 3671 973 3736 po
1030 3671 1066 3712 us
1096 3647 1274 3714 Romanus
1307 3650 1386 3714 toties

341 3746 471 3802 ‘caesus
498 3737 699 3823 fugatusque,
727 3735 784 3800 sed
813 3747 941 3800 senatus
966 3671 1066 3798 barth
1108 3732 1247 3799 iniensis
1274 3737 1385 3800 obtrec

341 3823 481 3887 ‘tatione
507 3839 539 3886 at
563 3845 603 3887 ue
630 3821 759 3886 invidia.
805 3820 923 3919 Neque
952 3819 1012 3885 hac
1038 3819 1079 3884 de
1092 3820 1245 3886 ormitate
1277 3822 1386 3886 reditu

340 3908 425 3971 ‘mei
452 3923 515 3971 tam
540 3847 578 3972 (li.
598 3907 705 3995 Scipio
731 3907 902 3972 exsultabrt
930 3919 1026 3993 atque
1052 3905 1164 3970 efferet
1191 3929 1277 3985 sese,
1302 3929 1386 3995 quam

340 3993 492 4070 ‘Henna
508 3993 565 4081 qui
584 3994 715 4059 domum
736 4007 885 4071 nostram,
905 3992 1034 4080 quando
1053 3991 1115 4056 alia
1134 4013 1168 4055 re
1190 4015 1261 4057 non
1283 3993 1385 4082 potuit,

374 4185 453 4244 rQat
471 4183 504 4230 ed
522 4184 602 4232 deam
623 4187 754 4244 ranetam]
779 4187 845 4236 Rem
878 4185 1045 4249 Clampetiam
1054 4183 1386 4247 mpenooeannoarsen

339 4247 445 4294 narrarit
456 4245 541 4294 Livius
551 4261 617 4306 supr·
629 4248 679 4296 xxi.
692 4261 730 4309 25.
878 4249 1384 4312 pronioeonstrloricaptam‚00nsmt'mr:

372 4309 445 4355 SM
460 4310 505 4356 On.
516 4311 647 4357 Servilium
659 4345 665 4358 .
677 4346 683 4359 .
696 4345 702 4358 .
715 4311 845 4362 emunata
879 4315 1006 4362 voluntate
1020 4312 1046 4360 in
1057 4312 1211 4362 deditionem
1228 4317 1326 4364 renim
1340 4314 1385 4363 mi

400 4371 536 4432 Clampetia
550 4405 557 4419 .
570 4405 575 4418 .
588 4406 594 4420 .
609 4373 730 4433 desecas]
749 4375 845 4424 Tamen
879 4376 927 4438 psit
940 4376 1024 4426 Livias
1034 4376 1181 4439 sapenix.
1195 4377 1235 4440 38.
1255 4379 1339 4430 em.
