2874 4772
330 200 426 268 LIB.
450 199 578 267 xxvi„
609 201 719 270 CAP.
743 210 795 270 42.
1032 204 1096 276 329

16 346 199 416 5‘starent,
221 359 276 403 vos
301 338 354 403 hic
379 361 453 404 cum
481 339 666 428 parentibus
691 340 770 405 meis
791 338 983 428 (aequentur
1007 343 1095 408 enim
1106 357 1140 409 U.
1151 358 1181 408 c.
1198 369 1252 422 ⁵4²·

46 426 167 489 ‘etiam
196 424 317 490 honore
349 426 503 512 nominis)
530 426 714 492 sustinuisse.
748 426 907 492 labantem
935 428 1096 494 fortunam
1105 423 1136 473 A.
1151 423 1181 474 ⁰·
1198 437 1252 473 ²¹⁰·

47 519 57 548 ‘
114 511 181 598 puli
202 511 358 588 Romani3
385 535 471 577 nune
491 511 629 590 eosdem,
667 513 721 577 uia
740 513 805 578 illic
826 514 933 580 omnia
955 517 1097 582 secunda

46 607 56 635 ‘
121 612 216 686 taque
232 610 315 676 sunt,
330 599 443 664 animis
457 598 616 665 deficere?
638 536 753 687 lluper
767 623 894 688 quoque
916 625 997 689 quac
1013 604 1094 668 acci·

14 686 197 762 6‘derunt,
212 685 335 750 utinam
350 697 414 750 tam
433 686 502 751 sine
522 707 594 752 meo
613 686 712 763 luctu,
728 709 824 774 quam
838 701 952 766 vestro,
967 691 1095 756 transis·

45 771 159 836 ‘senti
183 770 281 836 Nunc
295 771 341 836 dii
355 772 547 838 immortales
561 773 685 860 imperii
701 772 840 838 Romani
854 775 1022 862 praesides,
1038 777 1094 863 qui

45 859 220 922 ‘centuriis
242 858 397 936 omnibus,
413 872 450 924 ut
463 859 542 923 mihi
563 859 731 946 imperium
750 860 898 926 iuberent
911 861 990 941 dar-i,
1005 863 1093 929 firere

45 953 224 1022 ‘auctores
247 945 345 1009 iidem
373 945 512 1032 auguriis
538 944 759 1033 auspiciisque,
783 959 816 1011 et
840 969 898 1035 per
921 961 1094 1015 nocturnos

16 1056 33 1107 7
45 1032 165 1096 ‘etiam
179 1031 264 1096 visus
278 1031 385 1096 omnia
395 1031 477 1096 laeta
491 1055 528 1097 ac
542 1055 691 1132 prospera
704 1032 909 1120 portendunt.
954 1035 1093 1100 Animus

46 1125 200 1206 ‘quoque
223 1139 321 1195 meus,
338 1118 494 1182 maximus
517 1119 594 1182 mrhi
609 1118 650 1182 ad
670 1118 730 1184 hoc
752 1131 876 1206 tempus
891 1133 986 1198 vates,
1002 1144 1093 1208 prae·

45 1205 160 1291 ‘sagit
176 1217 315 1268 nostram
338 1203 526 1291 Hispaniam
541 1227 627 1268 esse:
651 1204 739 1270 brevi
759 1219 884 1270 extorre
906 1206 982 1271 hinc
996 1230 1092 1273 omne

45 1291 231 1356 ‘Punicum
245 1313 373 1369 nomen,
388 1291 488 1355 maria
507 1303 667 1378 terrasque
681 1291 775 1358 foeda
788 1293 864 1392 fuge
877 1293 1090 1380 impleturum.

44 1377 169 1452 ‘Quod
183 1399 273 1442 mens
294 1401 351 1442 sua
371 1389 483 1465 sponte
504 1377 637 1456 divinat,
650 1377 736 1443 idem
759 1379 886 1444 subilcit
905 1380 985 1444 ratio
1005 1379 1092 1446 haud

45 1463 171 1529 ‘sellan
217 1463 335 1529 Vexati
355 1464 448 1529 abiis
464 1464 542 1529 socii
561 1476 698 1529 nostram
713 1464 810 1530 fidem
827 1487 885 1554 per
898 1465 1018 1554 legatos
1032 1467 1090 1531 im-

14 1567 33 1614 8
45 1560 55 1590 ‘
66 1551 203 1639 plorant
249 1551 329 1616 'ibes
340 1550 437 1616 duces
451 1551 673 1639 discrepantes,
686 1573 784 1639 prope
799 1565 836 1617 ut
849 1552 1024 1618 defecerint
1037 1553 1092 1618 alii

45 1639 109 1703 ‘ab
124 1638 203 1716 aliis,
219 1637 368 1702 trifariam
383 1639 557 1703 exereitum
577 1638 612 1702 in
626 1638 849 1704 diversissimas
868 1639 1013 1728 regiones
1027 1639 1091 1705 dis-

45 1733 201 1790 ‘traxern
248 1723 370 1789 Eadem
390 1725 424 1788 in
439 1722 508 1789 illos
525 1724 645 1812 ingruit
662 1725 798 1802 fornrna,
813 1749 895 1813 quae
914 1749 1019 1814 nuper
1031 1749 1090 1792 nos

44 1811 188 1877 ‘afflixit
235 1809 321 1875 Nam
343 1823 377 1876 et
390 1811 578 1876 deseruntur
592 1812 631 1876 ab
651 1811 753 1889 sociis,
768 1823 805 1876 ut
823 1813 910 1899 prius
929 1813 969 1878 ab
989 1813 1090 1878 Celti·

45 1899 152 1964 ‘beris
165 1921 240 1963 nos:
264 1911 297 1963 et
311 1897 507 1962 diduxerunt
520 1897 695 1974 exercitus3
719 1921 801 1998 quae
816 1899 897 1985 patri
911 1911 1089 1986 patruoque

45 1994 139 2051 ‘meo
153 2007 247 2049 causa
260 1983 350 2049 exitii
363 1984 433 2049 fuit
479 1982 550 2048 Nec
559 1983 716 2048 discordia
729 1985 880 2049 rutestina
894 1985 978 2049 coire
990 2007 1044 2050 eos
1054 1986 1089 2050 in

45 2080 167 2137 ‘unum
184 2072 276 2148 sinet,
292 2094 397 2157 neque
413 2069 528 2158 singuli
551 2070 641 2134 nobis
655 2071 798 2134 resistere
818 2082 976 2157 poterunt
1022 2071 1089 2137 Vos
1188 2065 1191 2072 ’

46 2158 173 2236 ‘modo,
189 2158 314 2236 milites,
329 2157 432 2223 favete
451 2157 572 2221 nomini
589 2155 783 2243 Scipionum,
800 2156 901 2221 suboli
919 2157 1089 2245 imperato-

45 2254 56 2284 ‘
64 2267 137 2311 rum
152 2259 336 2322 vestrorum,
351 2243 438 2309 velut
451 2243 560 2308 accisis
574 2243 762 2307 recrescenti
776 2243 933 2330 stirpibus.
979 2244 1088 2330 Agite,

45 2332 182 2396 ‘milites
196 2345 326 2408 veteres,
336 2353 454 2396 novum
469 2329 644 2394 exercitum
659 2351 776 2396 novum
800 2352 840 2394 ue
855 2329 970 2396 ducem
982 2331 1090 2396 tredu-

46 2419 132 2483 ‘cite
152 2418 290 2494 lberam,
306 2417 461 2482 traducite
480 2417 515 2481 in
530 2428 628 2481 terras
641 2439 715 2480 cunr
735 2438 766 2479 ιιι
802 2417 842 2480 tis
855 2417 987 2481 fortibus
1000 2417 1090 2483 saetis

46 2514 160 2592 ‘saepe
180 2505 301 2569 avobis
321 2516 507 2591 peragratas
553 2502 648 2568 Brevi
668 2503 792 2580 faciam,
814 2515 860 2581 ut,
883 2504 1090 2590 quemadmo-

46 2593 146 2656 ‘dum
160 2613 246 2656 nunc
261 2591 421 2655 noscitatis
434 2590 469 2654 in
485 2612 535 2653 me
550 2590 646 2677 patris
667 2589 835 2691 patruique
849 2591 1089 2658 similitudinem

45 2679 129 2744 ‘oris
147 2678 326 2763 vultusque,
341 2691 374 2742 et
395 2676 586 2741 lineamenta
607 2678 762 2764 corporis;
786 2691 832 2743 rta
848 2677 881 2742 in
923 2679 978 2758 nii,
1001 2679 1088 2758 fidei,

13 2795 33 2843 9
46 2764 252 2864 ‘virtutisque
264 2763 306 2828 ad
316 2763 497 2851 exemplum
509 2785 687 2864 expressam
698 2765 863 2852 effigiemv
905 2767 931 2830 is
945 2765 1087 2844 reddam,

44 2852 269 2967 ‘utrevixrssq
281 2863 336 2914 aut
346 2863 491 2915 renatum
506 2849 565 2914 sibr
577 2850 712 2937 quisquc
726 2849 906 2938 Scipionem
919 2853 1089 2941 imperato-

45 2950 136 3004 ‘rem
151 2937 243 3003 dicat
848 2939 852 2948 '

91 3025 163 3090 Hac
184 3025 324 3090 oratione
346 3023 485 3088 accensis
504 3022 642 3087 militum
665 3023 788 3100 animis,
802 3022 913 3088 relicto
935 3024 977 3088 ad
997 3046 1088 3111 prae-
1187 3071 1195 3085 .

78 3215 93 3264 5
111 3203 172 3252 cam
179 3203 324 3265 pareatibus
333 3202 393 3250 mne
404 3199 553 3264 (aequarum
585 3201 689 3251 vaderet.
712 3203 743 3251 cf.
754 3201 808 3252 infr.
820 3213 859 3263 45.
877 3201 999 3250 Restare.

42 3263 424 3330 enimetinmhonorenominial]
437 3265 501 3315 cum
510 3281 552 3327 pa-
616 3267 631 3314 8
651 3269 709 3314 Tres
729 3269 802 3316 danea
822 3267 994 3328 discrepem,
1012 3282 1089 3330 propa

44 3339 83 3380 tre
98 3336 123 3378 et
139 3336 225 3392 patruo
238 3346 303 3390 meo,
314 3345 375 3406 quos
385 3331 458 3378 ambo
468 3330 552 3391 appel·
585 3331 755 3391 atdesecen'at
765 3331 810 3378 aiii
820 3329 850 3377 ab
861 3329 930 3388 aliis]
958 3329 1033 3385 Quod
1048 3331 1088 3379 Li-

45 3397 104 3444 labo
115 3401 234 3456 parentes,
242 3400 279 3453 ut,
287 3409 329 3457 qm
341 3394 439 3453 virtute,
447 3395 553 3451 fortuna,
586 3393 639 3442 vius
648 3396 773 3442 obsanare
786 3406 831 3440 suo
844 3393 899 3440 loco
914 3393 1030 3454 neglexit,
1042 3395 1088 3442 Po

46 3459 106 3516 rita,
122 3464 200 3508 rnorte
221 3475 291 3522 pares
311 3460 418 3518 firernnt,
438 3459 455 3506 ii
477 3457 552 3507 etiam
585 3457 664 3520 lybios
672 3458 756 3506 mdnlo
764 3461 898 3506 notaverat.
916 3457 1088 3519 “Carthagini-

43 3524 154 3574 eiusdem
166 3523 368 3573 nominishonore
376 3539 392 3572 a
400 3539 439 3572 me
447 3538 551 3585 aequen-
584 3521 678 3570 ensium
690 3522 789 3580 duces,”
799 3519 888 3582 inquit,
898 3521 914 3546 “
924 3519 966 3580 qui
980 3521 1089 3570 hostibus

44 3595 94 3637 tur.
111 3587 191 3637 Caes.
584 3585 718 3648 superiores
732 3586 837 3644 lucrant,
847 3583 885 3631 sni
900 3583 1007 3645 ipsorum
1024 3600 1088 3633 oom-

77 3651 94 3700 6
109 3653 208 3702 Utinam
216 3653 326 3702 torneiae
336 3669 387 3702 meo
394 3653 475 3712 lacta]
489 3651 552 3700 Vult
585 3656 654 3713 potes
672 3665 724 3698 esse
741 3666 790 3698 non
808 3653 938 3710 poterant:
960 3652 985 3696 et
1002 3649 1047 3698 rati
1063 3665 1089 3698 se

44 3715 111 3766 enim
122 3717 226 3776 elevare,
236 3718 303 3778 quod
313 3718 344 3765 ad
355 3717 446 3766 milites
455 3716 552 3776 attinet,
585 3715 698 3764 Romano
723 3715 789 3762 bello
810 3713 938 3762 defunctas
961 3728 1021 3771 esse,
1042 3713 1089 3776 ipsi

44 3781 141 3830 cladem
156 3781 182 3830 in
194 3781 462 3844 Hispaninecceptam.
496 3780 552 3830 Uti·
583 3779 647 3827 inter
663 3794 689 3826 se
708 3778 828 3827 hostiliter
844 3776 1018 3826 dissidebant.”
1034 3777 1088 3828 Lib.

44 3860 113 3904 nam,
123 3844 211 3908 inquit,
222 3846 274 3907 ipsa
285 3845 329 3893 illa
339 3847 421 3894 clades
432 3860 479 3893 non
492 3843 551 3893 mihi
583 3843 617 3892 ix.
628 3843 652 3891 in
666 3843 782 3905 Excerpt.
793 3843 824 3892 de
836 3841 900 3890 virt.
909 3847 935 3890 et
944 3841 1024 3891 Vitiis.
1037 3844 1084 3893 Gn.

44 3909 216 3971 magisquam
233 3910 308 3968 vobis,
322 3910 435 3958 luctuosa
449 3909 548 3957 fuisset!
617 3923 633 3970 q
658 3910 807 3971 Vir-tutique
832 3907 865 3956 ed
891 3909 1027 3968 esemplnm
1048 3924 1087 3956 eae

44 3974 132 4025 Cladis
141 3973 208 4023 illius
218 3989 303 4024 sensus
316 3975 347 4022 ad
358 3988 398 4021 me
408 3971 485 4035 magis
498 3987 550 4034 per·
580 3973 702 4034 pressam]
712 3971 857 4032 {tequidem
865 3971 1089 4020 Ruhnkeniuscor-

45 4039 118 4096 tinet,
133 4038 175 4101 qui
191 4039 216 4087 in
232 4055 262 4088 sa
279 4044 372 4100 patrem
387 4043 551 4100 patruumque
583 4035 645 4098 figit,
656 4035 834 4099 praepositione
844 4036 878 4084 od
888 4034 913 4083 in
925 4037 1006 4084 sedem
1018 4051 1086 4084 suam

44 4102 132 4160 amisi3
147 4103 264 4164 quemad
277 4099 550 4163 rosquiquodamise·
583 4105 702 4150 mvoeata.
732 4102 878 4162 Exemplum
896 4099 985 4148 rariore
1004 4105 1029 4148 et
1046 4115 1088 4148 ex-

45 4166 105 4217 ran's
116 4167 202 4229 primo,
213 4166 345 4216 reserantis
363 4167 444 4215 (incr.
583 4163 706 4226 quisitiore
721 4163 895 4227 significatione
907 4163 997 4212 dicitnr
1007 4177 1086 4211 exem-

82 4242 94 4294 7
107 4233 274 4290 Portendunt]
292 4232 379 4292 Polyb.
390 4247 412 4278 x.
426 4229 550 4280 intrudit.
584 4229 860 4291 plar,arehetypum,ad
869 4229 936 4288 quod
944 4226 1089 4288 exprimitur

45 4295 187 4358 Scipionem
207 4312 223 4345 a
243 4296 362 4356 Neptuno
384 4311 410 4342 se
431 4293 551 4342 monitum
584 4293 679 4356 effigies
697 4291 1083 4354 ciRrrhnken.Opnec.i.p.404.

46 4361 181 4424 professum
200 4375 260 4420 esse,
277 4365 304 4408 ut
321 4359 494 4422 Carthaginem
515 4357 551 4406 in·
