2866 4770
355 238 420 306 476
741 233 855 301 ΤΙΤῙ
881 233 1019 301 LIVII

201 379 278 430 uc.
294 369 563 442 548.‘conl'ercndl
586 370 692 447 fuisse,
716 370 806 456 inopi
832 370 962 448 aerario,
987 391 1049 434 nec
1071 369 1171 457 plebe
1198 370 1244 434 ad
1267 371 1405 434 tributum

200 445 231 494 Α·
248 444 278 495 ⁰·
294 458 368 505 ⁰04⁶
379 456 576 522 sufficiente!
620 455 720 520 Grata
739 478 779 520 ea
794 455 941 521 Patribus
959 456 1142 520 admonitio
1156 456 1241 520 fuit:
1266 457 1391 541 iussisque

356 542 473 607 referre
484 541 686 626 ,consulibus
702 541 922 618 decreverunt,
946 549 1004 606 ‘ut
1024 543 1129 606 tribus
1151 543 1350 629 pensionibus
1365 564 1391 605 ea

359 637 369 666 ‘
421 628 517 692 cunia
531 628 721 693 solveretur:
738 628 872 714 primam
884 641 1084 714 praesentem
1099 629 1136 703 ii,
1150 629 1211 714 qui
1224 643 1292 692 tum
1301 646 1388 701 cessent¹

359 651 459 778 ‘diras
473 715 559 779 tertii
573 728 607 778 et
617 714 725 862 quinti
741 713 885 778 consules
900 715 1129 778 numerarent’

403 799 525 865 Omnes
540 799 615 864 dein
639 824 658 864 e
679 799 754 864 alias
774 822 865 864 curas
885 822 950 864 una
967 800 1149 886 occupavit,
1166 813 1331 887 postquam
1344 798 1390 862 lo

358 886 517 950 crensium
537 884 651 962 clades,
668 908 750 971 qnae
772 886 933 970 ignoratae
956 885 996 949 ad
1018 907 1090 950 eam
1108 885 1203 950 diem
1224 887 1347 960 bierunt,
1359 886 1389 948 le

358 983 503 1058 gatorum
532 971 672 1036 adventu
698 971 842 1058 vulgatae
873 985 955 1036 sunt.
1002 970 1075 1035 Nec
1106 985 1175 1036 tam
1209 973 1253 1046 Q.
1270 971 1389 1036 Plemini

358 1058 469 1135 scelus,
491 1080 587 1144 quam
611 1057 768 1156 Scipionis
790 1058 824 1120 in
846 1079 884 1122 eo
906 1071 962 1122 aut
982 1057 1116 1121 ambitio
1140 1071 1202 1121 ant
1226 1057 1402 1144 negligentis}

201 1154 306 1230 nocen-
358 1143 419 1207 iras
441 1143 608 1207 hominnm
630 1143 771 1208 irritavit.
817 1144 940 1208 Decem
964 1143 1060 1230 legati
1079 1143 1307 1219 Locrensium,
1321 1143 1390 1206 olari

199 1233 265 1332 qun
276 1219 339 1282 ¹²⁸³·
358 1229 503 1316 squalore
519 1241 552 1293 et
566 1229 719 1306 sordibus,
735 1230 769 1293 in
784 1230 914 1294 comitio
928 1229 1113 1294 sedentibus
1129 1231 1317 1294 consulibus
1328 1229 1391 1292 reb

358 1328 465 1380 menta
485 1315 673 1402 supplicum,
690 1337 792 1380 ramos
812 1315 899 1380 oleae
915 1315 967 1400 (ut
983 1315 1117 1379 Graecis
1139 1339 1214 1380 mos
1235 1318 1298 1398 eet)
1315 1316 1391 1402 poni·

399 1414 478 1478 ntes,
494 1417 568 1466 ante
585 1401 722 1465 tribunal
741 1424 815 1466 cum
830 1401 927 1465 flebili
942 1401 1173 1466 vociferatione
1196 1403 1288 1465 humi
1303 1425 1392 1488 prurir-

357 1425 505 1554 bderrmt.
532 1487 768 1562 Quaerentibus
776 1487 967 1564 consulibus,
984 1487 1182 1552 ‘Locrenses
1190 1489 1392 1565 se,'direruut

359 1581 458 1649 ‘esse,
470 1595 509 1637 ea
522 1595 628 1659 passos
643 1596 662 1636 a
675 1573 716 1648 Q,
728 1573 886 1638 Pleminio
897 1573 1001 1659 legato
1015 1573 1244 1660 Romanisque
1256 1574 1391 1646 militibu,

359 1666 463 1744 ‘quae
485 1660 552 1744 pati
574 1681 615 1723 ne
637 1659 915 1745 Carthaginienses
935 1659 1064 1745 quidem
1089 1659 1171 1723 velit
1190 1659 1328 1747 populus
1344 1659 1392 1722 Ro

360 1752 499 1807 ‘manua
547 1743 683 1831 Rogare,
703 1745 750 1808 uti
772 1745 832 1809 sibi
854 1745 964 1809 Patres
986 1744 1140 1822 adeundi,
1157 1745 1392 1832 deplorandique

251 1829 300 1896 17.
360 1839 546 1894 ‘aerumnas
556 1853 628 1894 suas
682 1844 828 1895 testatem
836 1831 995 1896 facerent'
1027 1830 1148 1895 Senatu
1159 1832 1393 1908 detumuisse

201 1915 295 1990 Eorum
359 1929 437 1980 natu
459 1939 500 1980 ex
522 1917 580 1980 iis:
606 1926 638 1980 ‘r
671 1917 712 1993 io,
736 1917 847 2002 quanti
869 1917 1076 1985 aestimentur
1097 1931 1231 1982 nostrae
1254 1917 1336 2004 apud
1353 1937 1392 1977 rus

200 1982 370 2104 {fflnffim‘
381 2002 539 2103 querelae,
551 2002 661 2067 Patres
676 2003 856 2088 conscripti,
867 2003 1039 2088 plurimum
1055 2004 1090 2066 in
1105 2025 1147 2066 eo
1163 2005 1321 2067 momenti
1334 2025 1392 2074 esse,

200 2107 310 2157 fortunas
360 2098 406 2152 ‘sr
426 2090 524 2175 probe
542 2089 656 2166 sciatis,
672 2102 706 2152 et
720 2088 880 2174 quomodo
921 2089 1013 2152 roditi
1031 2087 1128 2151 Locri
1146 2087 1325 2153 Hannibali
1338 2089 1392 2150 siut.

200 2184 263 2221 Μ
360 2183 413 2239 ‘et
435 2175 606 2260 quomodo,
628 2174 720 2261 pulso
744 2111 933 2238 Hannibalis
954 2173 1122 2261 praesidio,
1147 2177 1291 2239 restituti
1311 2175 1340 2237 in
1360 2173 1394 2234 di

359 2261 500 2325 ‘tionem
514 2273 658 2325 vestram.
708 2260 837 2346 Quippe
855 2261 882 2324 si
900 2273 934 2324 et
948 2260 1042 2346 culpa
1055 2259 1253 2324 defectionis
1292 2259 1394 2324 ronds

358 2346 508 2432 ‘publico
537 2347 670 2412 consilio
698 2346 788 2424 absit,
815 2361 847 2410 et
870 2346 1009 2411 reditum
1032 2346 1065 2408 in
1090 2361 1234 2410 vestram
1284 2348 1392 2410 ''oueu

358 2442 538 2519 ‘appareat
555 2455 620 2496 non
637 2431 800 2497 voluntate
822 2431 933 2509 solum,
952 2431 1009 2496 scd
1031 2454 1092 2518 ope
1115 2432 1217 2496 etiam
1241 2456 1279 2497 ac
1298 2433 1393 2495 virture

358 2527 505 2594 ‘nostra3
529 2519 629 2604 magis
650 2517 870 2604 indignemini,
886 2517 978 2581 bonis
999 2540 1035 2582 ac
1056 2517 1211 2582 fidelibus
1234 2519 1327 2583 sociis
1347 2533 1392 2579 na

359 2612 501 2668 ‘atroces
515 2617 611 2689 atquc
631 2604 778 2690 indignas
796 2604 926 2668 iniurias
947 2605 986 2668 ab
1000 2603 1106 2690 legato
1120 2617 1232 2668 vestro
1248 2604 1394 2668 militibu-

359 2698 369 2728 ‘
379 2710 442 2774 que
457 2689 535 2752 fieri.
585 2688 648 2755 Sed
670 2712 687 2754 e
710 2713 730 2754 o
747 2712 872 2754 causam
892 2691 1055 2776 utriusque
1073 2689 1271 2754 defectionis
1288 2707 1405 2753 onerat?

359 2774 414 2836 ‘in
428 2773 516 2839 aliud
536 2789 660 2862 tempus
680 2713 887 2840 differendam
907 2776 1040 2841 arbitror
1054 2798 1132 2852 esse,
1150 2775 1293 2840 duarum
1308 2797 1392 2839 rerun

359 2861 497 2946 ‘gratim
521 2862 626 2938 nnius,
645 2875 682 2926 ut
703 2884 807 2926 coram
830 2861 866 2926 P.
883 2861 1040 2948 Scipione,
1056 2862 1113 2947 qui
1132 2861 1263 2926 Locros
1283 2861 1392 2946 recepit

358 2949 524 3011 ‘omnium
538 2948 630 3012 nobis
644 2962 728 3012 recte
743 2969 972 3034 perperamque
987 2947 1143 3012 factorum
1161 2949 1266 3026 testis,
1282 2963 1392 3034 agutur:

359 3033 517 3110 ‘alterins
542 3033 639 3119 quod,
663 3033 901 3120 qualescunque
927 3056 1044 3111 sumus,
1071 3047 1183 3097 tamen
1211 3035 1305 3112 haec,
1321 3054 1393 3119 que

359 3120 461 3206 ‘passi
488 3141 605 3195 sumus,
632 3120 699 3205 pati
725 3141 791 3183 non
816 3119 993 3184 dobuim'us
1041 3118 1120 3184 Non
1150 3141 1327 3206 pommus
1348 3120 1394 3180 us-

358 3204 536 3282 ‘simulare,
561 3204 671 3268 Patres
697 3206 819 3270 conseri
842 3206 876 3282 ti,
901 3228 969 3282 nos,
994 3227 1093 3291 quum
1124 3207 1327 3291 praesidium
1347 3205 1395 3268 re

358 3291 487 3354 ‘uicum
505 3291 539 3356 in
559 3313 629 3355 arce
650 3303 758 3355 nostra
776 3291 817 3354 ha
858 3313 973 3369 remus,
989 3291 1089 3355 multa
1102 3289 1202 3354 foeda
1221 3309 1259 3356 et
1274 3294 1395 3362 indiam

358 3386 411 3440 ‘et
425 3399 444 3440 a
458 3375 616 3462 praefecto
654 3377 777 3440 raesidii
792 3375 984 3454 Hamilcare,
996 3391 1029 3440 et
1040 3378 1079 3440 ab
1092 3375 1255 3442 Numidis
1266 3361 1398 3462 autiss

357 3472 484 3548 ‘passos
507 3483 583 3525 esse.
631 3400 696 3527 bed
720 3463 798 3549 quid
821 3462 876 3527 illa
901 3476 986 3540 sunt,
1010 3461 1125 3528 collata
1149 3485 1231 3530 cum
1260 3467 1309 3541 iis,
1333 3485 1399 3550 qus

390 3665 494 3726 7Inopi
519 3659 630 3724 aerario]
661 3661 742 3710 Proba
770 3661 860 3710 lectio:
894 3661 953 3722 sire,
976 3661 1034 3721 acio,
1057 3661 1083 3710 id
1110 3663 1183 3712 velut
1212 3667 1327 3727 pretium
1350 3663 1401 3726 quat

356 3741 429 3788 quam
440 3727 666 3775 tamenauctoritas
679 3725 861 3775 usadeatituit.
895 3726 983 3774 dicturi
1005 3725 1063 3774 estis
1084 3727 1195 3787 querelis
1216 3732 1321 3788 nonita
1344 3731 1396 3791 pta-r

357 3793 450 3840 Omnes
481 3791 546 3839 enim
578 3791 677 3852 inopias
708 3790 747 3837 rel
778 3792 863 3852 iuopia
894 3805 963 3838 mum
979 3791 1085 3852 pendere
1096 3805 1128 3838 ex
1139 3792 1215 3850 eo,si
1233 3797 1314 3855 probe
1328 3794 1402 3842 πίεῡκ

356 3857 457 3903 morti.
475 3855 556 3904 cmv.
895 3855 976 3903 (laur.

388 3917 538 3979 8Amlu'tr'o]
561 3918 668 3966 Prarum
685 3915 815 3978 colligendi
831 3931 862 3964 ax
930 3933 939 3965 1
959 3918 1067 3966 Uarrum
1146 3920 1335 3984 deferendam]
1359 3921 1398 3968 5.-

356 3979 433 4028 nimia
454 3981 608 4043 indulgentia
628 3981 717 4029 favoris
738 3981 861 4029 studium:
895 3980 969 4030 hodie
985 3996 1030 4029 nos
1046 3981 1137 4029 debere
1154 3983 1245 4034 dicere
1264 3988 1298 4034 de
1317 3997 1403 4044 utres&

356 4045 396 4092 vel
418 4045 597 4105 propensusin
620 4045 769 4108 potentiores
787 4045 862 4093 favor.
896 4046 1032 4094 defectione
1050 4050 1142 4103 nomia,
1162 4053 1190 4094 et
1208 4063 1292 4111 snper
1311 4051 1358 4098 bor
1377 4063 1402 4093 r.—

356 4107 438 4156 cmv.
895 4109 962 4170 gotio
978 4123 1076 4158 cauam
1092 4109 1205 4159 ciritatis
1218 4119 1327 4162 noetm
1342 4127 1399 4172 eger.

389 4171 483 4233 9Solo,
503 4173 589 4234 quum
610 4169 780 4232 metiamtur]
806 4171 863 4220 Scio
895 4175 978 4222 &aaa
995 4187 1045 4220 non
1062 4177 1099 4220 est
1116 4173 1161 4238 bic
1174 4173 1204 4222 id
1221 4191 1240 4223 ι
1256 4193 1310 4240 qno
1327 4179 1403 4234 aba:

357 4233 491 4293 plurimum
509 4233 637 4291 momenti,
656 4235 688 4282 ad
706 4234 863 4282 statuendum
896 4237 1046 4298 producitur,
1062 4236 1105 4284 sed
1123 4251 1168 4298 pro
1187 4243 1307 4301 negotio,
1318 4243 1398 4291 litut·

357 4295 443 4354 quanti
468 4296 596 4344 aestimare
620 4297 729 4344 debeatis
753 4297 864 4358 querelas
895 4299 945 4361 cipi
964 4301 1045 4350 debet.
1078 4299 1147 4348 Hinc
1170 4305 1295 4364 sequitur
1315 4321 1397 4352 mua

357 4357 862 4420 nonruqinsomsiprobasciatia...
896 4369 1316 4428 ...upataancnrpeoaunilla
1334 4370 1401 4418 Car*-
