2966 4778
355 228 415 289 106
439 215 440 220 ’
682 267 685 276 ·
736 223 850 290 ΤΙΤΙ
877 221 1013 290 LlVll

195 367 229 417 U.
241 368 270 418 c.
288 367 467 444 numaque
488 356 552 420 iam
573 379 615 420 ex
629 369 718 444 parte
741 357 1033 422 certarnenfactum
1056 372 1141 423 crat:
1165 359 1270 423 acrius
1284 371 1401 437 tamen,

194 433 225 484 Α·
241 433 270 483 ⁰·
289 431 449 529 ²¹·⁶·quam
459 441 589 519 diutius,
598 457 776 530 pugnatum
786 457 852 519 est3
875 443 1021 531 pulsique
1033 443 1171 509 Romani
1180 445 1308 532 equites
1318 461 1404 532 terga

352 542 488 593 vertunt.
536 527 603 593 Sub
614 529 769 615 equestris
779 529 876 594 finem
887 529 1067 594 certaminis
1078 544 1185 595 coorta
1194 544 1243 595 est
1257 531 1402 618 peditum

261 631 264 636 ’
351 637 374 701 p
441 637 468 678 a.
514 613 624 678 Primo
634 628 668 679 et
677 615 796 679 viribus
805 630 839 679 et
853 615 967 680 animis
975 639 1066 702 pares
1080 618 1268 682 constabant
1277 617 1403 681 ordines

354 637 455 765 Gudlis
471 699 707 787 Hispanisque:
732 700 861 765 tandem
877 701 1025 778 Romani,
1036 701 1093 766 diu
1108 725 1145 768 ac
1159 725 1254 790 saepe
1270 703 1402 778 connisi,

352 808 455 873 aequa
468 786 571 852 fronte
587 787 717 875 acieque
726 787 826 852 densa
839 787 994 874 impulere
1003 788 1142 852 hostium
1153 811 1295 853 cuneum
1311 790 1404 854 nimis

353 886 494 950 tenuem,
509 896 611 974 eoque
626 895 739 961 parum
753 873 903 950 validum,
919 896 939 937 a
952 887 1059 938 cetera
1072 875 1310 961 prominentem
1326 877 1401 940 acie.

353 957 501 1046 Impulsis
516 959 633 1025 demde
648 982 685 1040 ae
701 958 821 1046 trepide
830 960 1039 1024 referentibus
1053 960 1169 1060 pedem
1178 961 1345 1026 insistere:
1370 985 1404 1026 ac

353 1057 463 1110 tenore
493 1069 559 1111 uno
587 1068 646 1133 per
671 1067 783 1132 praece
855 1069 970 1132 pavore
1001 1046 1192 1133 firgrentium
1221 1069 1343 1134 agmen
1371 1048 1405 1110 in

354 1131 491 1196 mediam
505 1132 644 1218 primum
659 1132 760 1196 aciem
774 1132 784 1195 i
829 1133 863 1209 ti,
879 1147 1048 1218 postremo,
1063 1132 1152 1197 nullo
1169 1133 1350 1210 resistente,
1365 1134 1404 1197 ad

354 1217 495 1282 subsidia
509 1216 660 1283 Afrorum
683 1233 915 1304 pervenerunt3
962 1219 995 1282 ui
1010 1219 1170 1305 utrimque
1186 1219 1332 1284 reductis
1349 1220 1405 1284 alis

354 1303 569 1380 constiterant,
592 1304 707 1380 media,
730 1326 794 1389 qua
818 1303 905 1368 Galli
972 1306 1135 1392 'ponique
1159 1319 1326 1382 steterant,
1349 1306 1406 1369 ali-

378 1401 510 1454 uantum
524 1384 725 1476 prominente
741 1389 818 1454 acie.
866 1390 933 1464 Qui
945 1413 1064 1454 cuneus
1079 1405 1116 1454 ut
1130 1390 1238 1477 pulsus
1254 1393 1406 1478 aequavit

354 1412 490 1540 bonum
535 1475 661 1552 rimum,
684 1474 801 1539 deinde
831 1475 965 1540 nitendo
987 1475 1083 1540 etiarn
1108 1476 1215 1540 sinum
1237 1477 1274 1540 in
1296 1478 1425 1542 medios
1473 1537 1474 1544 ,

354 1561 454 1639 dedit,
533 1562 540 1575 ⁰
564 1562 648 1625 circa
669 1561 732 1625 iam
754 1583 873 1625 cornua
892 1561 1051 1637 fecerant3
1073 1562 1335 1649 irruentibusque
1357 1565 1407 1628 in·

355 1659 447 1712 caute
466 1648 501 1710 in
519 1646 661 1710 medium
681 1647 844 1724 Romanis,
861 1645 1097 1712 circumdedere
1117 1647 1198 1712 alas:
1222 1670 1313 1726 mox,
1337 1671 1408 1714 oor-

356 1755 420 1796 nua
441 1731 655 1810 extendendo,
678 1731 817 1798 clausere
840 1745 873 1796 et
893 1733 933 1798 ab
956 1745 1046 1820 tergo
1066 1732 1181 1798 hostes
1229 1732 1322 1798 Hinc
1339 1735 1408 1800 Ro-

356 1818 451 1896 mani,
479 1818 622 1884 defuncti
650 1819 865 1904 nequicquam
894 1818 1015 1905 proelio
1045 1841 1120 1897 uno,
1146 1819 1270 1884 omioeis
1302 1820 1408 1886 Gallis

356 1903 582 1992 Hispanisque,
601 1927 737 1990 quorum
759 1917 848 1990 terga
868 1903 1058 1983 oeciderunt,
1081 1917 1115 1968 et
1135 1905 1286 1969 adversus
1311 1907 1409 1972 Afros

354 1991 512 2078 integram
533 2012 674 2078 pugnam
696 1990 818 2066 ineunt,
841 2012 907 2054 uon
928 2003 1054 2055 tantum
1075 2012 1115 2054 eo
1136 1989 1292 2077 iniquam,
1317 1993 1409 2078 quod

356 2077 470 2142 inclusi
484 2076 632 2142 adversus
654 2075 868 2152 circumfluos,
884 2075 941 2139 sed
961 2076 1057 2141 etiarn
1072 2075 1161 2161 quod
1174 2075 1249 2140 fessi
1263 2099 1342 2141 curn
1358 2101 1409 2143 re-

356 2164 502 2229 centibus
516 2185 553 2228 ac
567 2163 687 2264 vegetis
701 2162 893 2248 pugnabant.

290 2290 299 2310 .
400 2250 517 2315 lamet
536 2250 571 2314 in
590 2249 716 2314 emistro
735 2270 835 2312 comu
856 2247 1013 2325 Romano,
1028 2247 1084 2312 ubi
1103 2247 1261 2312 sociorum
1279 2249 1408 2336 equites

357 2337 505 2401 adversus
539 2335 698 2400 Numidas
731 2345 892 2411 steterant,
922 2346 1101 2398 consertum
1135 2333 1294 2420 proelium
1329 2351 1407 2412 emt,

357 2445 453 2508 segne
499 2421 589 2496 rimo,
613 2433 647 2484 et
675 2442 694 2484 a
722 2418 846 2484 Punica
868 2432 1017 2506 coeptum
1040 2419 1160 2483 fraude.
1223 2421 1408 2509 Quingenti

356 2508 456 2571 ferme
472 2444 643 2583 blumidae,
660 2518 785 2592 praeter
803 2505 895 2569 solita
908 2527 995 2571 arma
1008 2505 1145 2592 telaque,
1160 2505 1284 2591 gladios
1298 2508 1428 2581 occul-3

358 2606 406 2657 tos
420 2593 479 2656 sub
493 2591 597 2656 loricis
612 2591 774 2668 habentes,
790 2591 895 2677 specie
911 2591 1143 2678 transfugarum
1158 2613 1258 2678 quum
1274 2593 1317 2656 ab
1332 2595 1408 2670 suis,

357 2700 481 2764 parmas
494 2689 566 2764 post
577 2689 665 2762 terga
678 2677 840 2754 habentes,
853 2675 1100 2762 adequitassent,
1111 2689 1243 2764 repente
1255 2699 1298 2742 ex
1314 2681 1410 2766 equis

357 2762 527 2839 desiliunt,
565 2761 744 2848 parmisque
767 2775 800 2825 et
822 2761 932 2826 iaculis
954 2775 1027 2826 ante
1050 2761 1149 2848 pedes
1170 2762 1311 2828 hostium
1335 2787 1410 2852 pro-

267 2861 268 2866 ’
358 2849 456 2927 lectis,
472 2849 507 2912 in
521 2847 659 2911 mediam
679 2846 779 2911 aciem
800 2847 931 2934 accepti,
946 2847 1098 2934 ductique
1114 2848 1156 2911 ad
1173 2848 1313 2926 ultimos,
1331 2873 1410 2914 con·

358 2936 460 3000 sidere
476 2936 516 2999 ab
531 2947 620 3019 tergo
634 2932 793 2996 iubentur.
824 2931 883 3011 Ac,
898 2931 977 2997 dum
990 2933 1147 3019 proelium
1161 2935 1202 2998 sb
1213 2935 1302 2998 omni
1317 2951 1409 3036 parre

358 3021 542 3097 conseritur,
566 3018 668 3105 quieti
689 3032 890 3083 manserunt:
925 3031 1093 3105 postquam
1116 3021 1260 3084 omnium
1283 3043 1409 3086 ammos

309 3103 311 3112 '
359 3106 529 3193 oculosque
545 3117 753 3194 occupaverat
772 3117 943 3181 certamen,
958 3117 1037 3182 tum,
1053 3105 1185 3192 arreptis
1198 3105 1306 3183 scutis,
1324 3131 1408 3194 quae

359 3193 473 3280 passim
488 3193 571 3257 inter
584 3211 712 3257 acervos
726 3211 888 3254 caesorum
908 3211 1075 3277 corporum
1090 3203 1188 3255 strata
1201 3207 1303 3268 erant,
1318 3215 1410 3257 arer-

359 3303 425 3344 sam
448 3278 634 3343 adoriuntur
655 3276 834 3341 Romanam
858 3277 977 3353 aciem;
1012 3289 1164 3364 tergaque
1185 3276 1350 3356 ferientes,
1373 3303 1408 3342 ac

359 3365 494 3452 poplites
505 3362 683 3440 caedentes,
696 3376 833 3449 stragem
844 3361 1018 3448 ingentem,
1029 3385 1067 3427 ac
1079 3362 1229 3426 maiorem
1241 3362 1409 3450 aliquanto

381 3472 507 3514 avorem
534 3471 570 3513 ac
596 3447 779 3525 tumultum,
803 3448 955 3512 fecerunt
1009 3447 1120 3523 Quum
1144 3447 1219 3512 alibi
1242 3461 1348 3514 terror
1373 3473 1409 3514 ac
1475 3507 1476 3514 ,

358 3473 442 3622 luga,
454 3535 529 3600 alibi
543 3533 689 3621 pertinax
704 3534 738 3597 in
750 3533 832 3597 mala
842 3533 905 3597 iam
921 3554 977 3620 spe
988 3533 1144 3620 proelium
1156 3545 1247 3610 esset,
1260 3531 1428 3608 Hasdru-4

359 3622 420 3700 bal,
432 3621 488 3709 qui
499 3643 538 3686 ea
547 3631 636 3707 parte
649 3631 801 3706 praeerat,
812 3619 983 3684 subductos
995 3641 1035 3683 ex
1045 3619 1151 3684 media
1158 3620 1224 3684 acie
1235 3618 1408 3697 Numidas,

394 3853 407 3886 r
424 3838 519 3886 Deinde
528 3835 639 3893 numa]
651 3835 676 3882 h.
688 3850 709 3884 s.
722 3833 866 3882 Nitentibus
898 3849 954 3882 vero
965 3834 1121 3884 deNumidis
1131 3836 1210 3884 relata
1219 3850 1259 3898 ap.
1272 3837 1409 3900 Polybium

362 3900 486 3951 Romanis
687 3956 691 3962 p
897 3913 946 3946 non
957 3906 1130 3948 memorantur.

394 3980 408 4027 3
424 3967 529 4013 Praeter
543 3965 614 4012 aditu
630 3963 712 4021 arma]
738 3961 810 4009 Haec
828 3965 866 4008 est
929 3964 1408 4026 4Hardmbal‚quiaaportepmmt]

361 4028 499 4078 coniectura
514 4025 620 4082 Heiusii,
634 4039 708 4086 quem
726 4023 867 4074 Perizonius
899 4024 971 4072 Haec
985 4031 1010 4073 et
1025 4041 1088 4087 quse
1099 4032 1234 4087 sequuntur
1244 4027 1348 4075 omnino
1358 4044 1409 4076 cor

361 4095 455 4156 probat.
483 4089 550 4138 Olim
559 4090 785 4152 praeterituram:
803 4093 865 4135 cete·
898 4090 1408 4151 mptasuntetprodeploratr'sbabenda.

361 4169 415 4204 rum
431 4159 531 4216 praeter
551 4151 739 4201 tartaroniecit
758 4151 865 4200 Gronov.
899 4150 982 4199 Primo
991 4151 1055 4199 enim
1065 4153 1205 4201 Hasdrubal
1212 4169 1260 4202 nou
1270 4153 1318 4202 bac
1329 4163 1410 4216 perte,

359 4227 458 4281 praem
479 4223 592 4266 rmuaetu
613 4216 677 4277 vulg.
700 4217 755 4263 edd.
775 4215 868 4276 quippe
899 4214 1024 4262 sedlaeva
1039 4221 1156 4284 praeerat
1190 4215 1288 4265 Deinde
1299 4233 1409 4278 quonam

362 4280 503 4343 perdifficile
518 4285 555 4328 est
570 4278 634 4326 inter
649 4294 720 4328 voces
735 4281 826 4326 iratum
842 4283 867 4324 et
900 4278 973 4324 modo
983 4279 1086 4326 subduci
1097 4287 1198 4340 possunt
1210 4295 1242 4328 ex
1258 4281 1342 4330 media
1357 4283 1410 4330 scie

362 4351 500 4395 erasurum
518 4343 544 4391 in
560 4356 611 4391 uss.
626 4341 767 4391 diiudicare.
795 4341 867 4389 Haeo
901 4339 1087 4404 Numidaeque
1100 4343 1125 4390 in
1140 4343 1226 4405 dextro
1241 4357 1318 4392 romu
1333 4346 1409 4394 locati
