2888 4768
333 231 428 296 LIB.
453 229 582 295 XXIV.
617 229 729 296 CAP.
751 238 805 299 43.
1026 238 1086 297 221

52 369 125 433 sicut
137 391 193 456 pro
208 381 295 456 parte
310 371 404 435 toties
417 371 501 435 intra
515 393 632 457 paucos
647 371 715 436 dies
729 372 821 450 victa,
837 371 950 436 iisdem
966 372 1087 451 animis,
1099 391 1133 442 U.
1145 391 1174 442 c.
1190 391 1247 455 538·

35 455 157 540 tquibus
190 457 285 544 prius,
316 457 495 544 eodemque
524 471 640 522 eventu
669 481 859 546 pugnavere.
906 458 983 524 Plus
1017 458 1129 524 aaut·
1145 457 1176 508 ⁰·
1191 471 1247 516 ²¹⁴·

52 541 141 606 millia
154 541 318 608 bominum
333 567 439 608 caesa:
464 543 551 608 haud
566 543 667 608 multo
681 547 787 610 minus
801 569 898 632 quam
914 545 1000 611 mille
1015 567 1089 634 cap-

52 639 122 704 tum,
132 642 164 694 et
177 630 266 718 signa
280 630 429 695 militaria
440 630 673 718 quinquaginta
686 644 775 708 octo;
799 645 831 696 et
843 633 942 721 spolia
953 632 1091 720 plurima

54 713 168 780 Gallica
180 716 279 794 fuere,
295 717 381 782 aurei
397 729 535 805 torques,
548 716 763 804 armillaeque,
779 741 912 806 magnus
927 741 1087 784 numerus.

52 800 119 866 Duo
133 802 228 867 etiam
242 804 381 891 insignes
395 804 497 891 reguli
515 803 680 868 Gallorum
695 803 919 892 (Moeuicapto
939 818 973 870 et
986 806 1089 872 Civis-

51 910 128 953 maro
142 890 272 954 nomina
290 890 396 978 erant)
411 913 449 956 eo
466 889 588 978 proelio
610 890 812 956 cecidenmt:
837 904 909 956 octo
927 892 1089 979 elephanti

50 977 137 1062 capti,
152 989 215 1042 tres
229 977 333 1042 occisi.

90 1062 196 1138 Quum
211 1064 274 1128 iam
289 1086 339 1128 res
352 1085 520 1152 prosperae
543 1063 576 1127 in
593 1062 750 1152 Hispania
766 1077 882 1142 essent,
898 1064 1089 1130 verecundia
1097 1075 1231 1138 Saguntum

29 1147 204 1214 thomanos
226 1150 356 1215 tandem
382 1151 476 1237 cepit,
502 1149 680 1237 Saguntum
702 1151 866 1240 oppidum,
890 1175 972 1239 quae
994 1145 1245 1252 causaffiftumul

29 1235 117 1299 9belli
130 1249 222 1314 esset,
238 1251 384 1302 octavum
398 1238 462 1301 iam
478 1259 597 1301 annum
613 1238 672 1302 sub
687 1237 826 1302 bostium
839 1251 994 1326 potestate
1009 1259 1086 1303 esse.
1123 1219 1137 1251 ⁰
1164 1239 1172 1255 ‘

49 1320 153 1410 Itaque
169 1322 203 1387 id
224 1323 387 1411 oppidum,
402 1325 435 1388 vi
452 1323 544 1411 pulso
561 1323 719 1412 praesidio
739 1323 874 1403 Punico,
889 1337 1087 1413 receperunt,

48 1408 275 1498 cultoribusque
286 1411 435 1511 antiquis,
445 1410 762 1497 quosvisreliquerat
769 1411 854 1489 belli,
865 1413 1084 1476 restituerunt:

48 1509 78 1559 et
91 1495 300 1575 Turdetanos,
316 1519 373 1584 qu1
387 1509 610 1562 contraxerant
624 1497 665 1561 iis
682 1521 755 1562 cum
773 1497 1089 1586 Carthaginiensibus

48 1581 168 1661 bellum,
195 1585 232 1649 iu
258 1595 445 1672 potestatem
472 1583 616 1649 redactos
640 1585 699 1649 sub
723 1607 840 1650 corona
864 1585 1088 1662 vendidenmt,

48 1669 216 1758 urbemque
232 1693 342 1736 eorum
353 1670 507 1735 delevere.

87 1755 220 1822 Haecin
232 1756 398 1844 Hispania,
411 1757 452 1832 Q.
463 1757 571 1835 Fabio,
582 1756 630 1822 M.
643 1755 780 1823 Claudio
789 1758 980 1837 consulibus,
989 1771 1087 1847 gesta.
1144 1760 1197 1820 43.

48 1840 163 1908 Romae
181 1867 281 1930 quum
297 1844 415 1908 tribuni
452 1842 531 1908 lebis
545 1845 620 1908 novi
635 1845 852 1931 magistratum
874 1847 1016 1922 inissent,
1033 1843 1244 1919 efficerentur

47 1930 158 2018 templo
179 1930 370 2007 censoribus,
387 1930 424 1994 P.
465 1930 533 1994 urio
553 1944 586 1996 et
606 1930 654 1995 M.
668 1930 781 2009 Atilio,
793 1955 813 1996 a
834 1931 872 1996 L.
884 1931 1019 1996 Metello
1034 1908 1227 2034 tri-,‘{¹d‘³⁵p{¹;‚⁰u⁸f⁸

47 2016 126 2082 buno
140 2017 245 2108 plebis
263 2016 330 2081 dies
344 2017 431 2082 dicta
445 2017 486 2080 ad
508 2017 661 2104 populum
681 2032 738 2082 est.
786 2017 996 2092 Quaesturam
1014 2039 1158 2086 eumrum.

30 2105 187 2189 1proximo
205 2126 300 2182 auno,
315 2103 464 2190 adempto
485 2126 579 2190 equo,
596 2104 681 2167 tribu
701 2117 873 2180 moverant,
889 2116 984 2254 atque
1003 2125 1090 2169 aera-

46 2189 123 2254 rium
136 2192 289 2268 fecerant,
305 2203 435 2278 propter
448 2189 699 2254 coniurationem
714 2189 906 2255 deserendae
941 2190 1033 2255 taliae
1049 2191 1091 2255 ad

50 2274 173 2344 Cannas
202 2277 325 2343 factam
385 2275 449 2341 Sed
478 2299 594 2340 novem
624 2276 822 2341 tribunorum
852 2275 971 2341 auxilio
999 2278 1090 2342 vetiti

47 2385 169 2430 causam
189 2365 223 2428 in
238 2364 421 2452 magistratu
442 2362 558 2438 dicere,
574 2361 757 2514 dimissique
772 2363 905 2428 firerant
953 2361 1006 2428 Ne
1026 2363 1090 2428 lus-

48 2463 126 2515 trum
155 2452 355 2539 perficerent,
386 2472 469 2514 mors
500 2447 664 2536 prohibuit
725 2449 847 2514 ‚Furit
904 2449 952 2515 M.
972 2450 1091 2516 Atilius

27 2557 77 2600 am
127 2551 229 2603 stratu
242 2560 275 2602 se
291 2537 457 2602 abdicavit.

78 2561 277 2690 oglonsularia
295 2624 424 2688 comitia
442 2623 551 2688 habita
570 2645 588 2688 a
611 2621 652 2697 Q.
665 2621 763 2688 Fabio
786 2623 932 2688 Maximo
952 2625 1089 2690 consule.

49 2709 154 2776 Creati
167 2710 310 2776 consules
322 2711 415 2774 ambo
427 2712 583 2786 absentee,
598 2709 640 2784 Q.
651 2709 767 2775 Fabius
780 2709 943 2774 Maximus
954 2713 1091 2776 consulis

46 2796 135 2876 filius,
149 2811 183 2862 et
198 2797 248 2862 Ti.
262 2796 467 2884 Sempronius
483 2796 648 2860 Gracchus
664 2796 787 2862 iterum.
833 2797 998 2862 Praetores
1009 2799 1092 2864 fiunt

47 2881 91 2948 M
106 2883 237 2960 Atilius,
249 2896 291 2960 et,
301 2883 357 2970 qui
369 2896 438 2948 tum
453 2882 570 2948 aediles
581 2882 707 2948 curules
721 2895 821 2960 erant,
833 2884 870 2947 P.
886 2884 1091 2970 Sempronius

47 2969 235 3047 Tuditanus,
259 2983 291 3034 et
319 2969 381 3034 Cn.
398 2969 528 3034 Fulvius
561 2968 781 3047 Centumalus,
804 2981 838 3034 et
868 2969 916 3033 M.
934 2969 1092 3034 Aemilius

25 3055 196 3145 tLepidus
244 3055 352 3121 Ludos
362 3057 503 3121 scenicos
517 3078 576 3143 per
586 3056 792 3143 quatriduum
806 3079 845 3120 eo
860 3078 944 3120 anno
953 3056 1092 3142 primum

46 3229 112 3278 illinc
142 3230 243 3279 eosdem
273 3229 367 3278 animm
398 3229 552 3289 eundemque
584 3227 687 3290 eregiin
721 3228 885 3290 Vulgoqaod
902 3228 984 3277 cnm.

46 3300 168 3343 eventum.
202 3294 373 3342 Rectetamen
386 3292 482 3340 videtur
491 3292 551 3340 Val·
616 3293 763 3355 900tavum
773 3293 940 3351 lemannum]
956 3288 1092 3351 Imoquin·

47 3358 69 3405 la
85 3359 230 3408 emendare:
249 3359 314 3406 Galli
328 3358 441 3420 plerique
456 3357 552 3416 mutas,
584 3359 647 3415 tum,
658 3355 678 3404 si
690 3355 774 3404 Livius
785 3369 867 3404 secum
884 3354 937 3417 ipse
948 3353 1093 3404 consentiat.

46 3420 70 3469 id
90 3428 138 3482 est,
154 3421 254 3480 milites,
270 3419 312 3482 qui
329 3435 418 3484 magna
435 3435 466 3469 ex
482 3425 553 3482 parte
586 3419 634 3467 llic
648 3419 713 3468 enim
724 3419 823 3480 quintus
833 3419 922 3467 Punici
938 3417 998 3467 belli
1014 3433 1094 3466 annm

46 3485 113 3535 Galli
134 3491 210 3535 erent.
244 3487 302 3534 Vox
320 3487 365 3534 elil
387 3499 474 3548 parum
493 3485 552 3532 clari
584 3484 670 3547 agitur.
704 3482 955 3532 Annoautemhuius
969 3481 1029 3530 belli
1045 3482 1093 3544 pri-

45 3549 180 3599 hiereneus
191 3555 239 3599 est:
255 3555 280 3598 et
288 3549 378 3598 Valles
388 3549 552 3598 coniecturam
584 3563 627 3596 mo
640 3552 739 3610 captum
753 3563 805 3596 esse
817 3547 952 3610 Saguntum
966 3545 1093 3594 contendit

47 3613 142 3663 firmare
159 3615 272 3662 videntur
288 3629 325 3672 ea,
341 3629 404 3675 quae
421 3615 453 3662 de
470 3613 553 3675 spoliis
586 3611 671 3660 livius
679 3610 775 3674 xxi.r5.
805 3610 923 3673 Polybius
934 3615 1017 3659 autem
1027 3625 1093 3658 anno

47 3677 150 3727 Gallicis
157 3683 183 3726 et
193 3677 283 3742 regulis
289 3677 418 3726 Gallorum
429 3677 493 3726 intra
502 3693 553 3726 me-
585 3681 643 3725 ante
653 3677 745 3725 bellum
757 3676 951 3734 exortum,unde
958 3680 1043 3724 sextris
1052 3674 1093 3722 hic

47 3749 178 3792 morantur.
202 3741 407 3792 Emendationem
415 3743 552 3790 Vallaeex-
585 3755 664 3789 annus
675 3740 841 3789 conficeretur.

47 3805 132 3868 pressit
143 3807 294 3870 Campanus.
314 3806 392 3856 (ἷκεν.
620 3819 631 3853 1
648 3805 914 3865 Aerariumseoerant]
934 3803 1045 3866 cssSupr.
1056 3803 1092 3852 18.

81 3883 94 3933 7
111 3873 204 3930 Quibus
212 3872 297 3934 prius]
316 3872 410 3929 Οτιίόω
419 3871 514 3932 priores
522 3885 553 3918 ex
618 3883 632 3916 a
648 3870 681 3918 Se
691 3870 824 3929 αὸἀίσαυίε]
844 3869 947 3931 Quippe
954 3869 980 3916 in
989 3868 1094 3916 censoris

47 3935 217 3984 emendatione
228 3935 316 3984 vallae
326 3934 418 3996 recepit
430 3933 537 3983 Beklrar.
586 3933 706 3982 demortui
725 3934 808 3982 locum
823 3933 901 3982 alium
917 3931 1039 3996 subrogari
1056 3933 1094 3980 fas

79 4000 95 4047 8
110 4002 249 4063 Septimum
264 4000 388 4062 oppidum,
400 4014 465 4062 quas
478 4015 554 4047 aomo
586 4013 635 4047 non
647 4002 705 4046 erat.
728 3997 759 4047 cl'.
771 4013 836 4060 supr.
848 4014 870 4046 v.
883 4011 921 4059 31.
936 3997 970 4046 ix.
982 4011 1021 4059 34.
1038 3997 1085 4046 Ga.

48 4063 104 4112 aaut
128 4065 200 4124 emt]
236 4063 287 4112 Hic
311 4062 462 4112 restituimus
484 4061 554 4110 Livio
620 4061 1093 4124 3Lndossoealooa]QuotemporeRo-

47 4132 155 4176 amatam
171 4127 288 4190 loquendi
305 4127 415 4190 figuram,
429 4132 458 4175 ut
474 4125 554 4174 relati-
586 4141 642 4174 mae
663 4125 777 4183 instituti,
793 4141 858 4187 supr.
876 4125 915 4174 rii.
934 4141 955 4174 a.
975 4130 1093 4173 narratur.

48 4205 107 4238 rum
126 4191 190 4240 inter
208 4192 257 4240 duo
276 4191 376 4240 nomina
396 4190 503 4253 positum
522 4190 555 4238 ad
587 4192 653 4238 Ante
670 4189 716 4238 hoc
733 4191 826 4238 bellum
837 4189 902 4238 Ludi
914 4188 1030 4246 Romani,
1043 4188 1094 4235 sire

48 4255 167 4315 posterius
175 4256 298 4306 referatur.
326 4255 553 4304 IdmonueratIac.
587 4253 862 4316 Magni,ef.Dion.vii.
875 4251 1094 4315 71.etLudiSce-

49 4317 195 4378 Gronovius,
203 4325 301 4369 auctore
312 4319 420 4382 optimae
431 4317 488 4367 fidei
499 4319 553 4367 scri·
586 4317 636 4365 nici
655 4317 754 4379 publico
774 4323 874 4378 sumptu
892 4315 951 4363 editi
969 4319 1035 4374 sunt,
1051 4315 1094 4363 red

50 4385 102 4442 pto,
113 4383 151 4430 cui
163 4383 282 4432 ennuntit
294 4385 352 4433 Put.
367 4398 424 4431 cum
438 4381 554 4432 fidissimo
586 4395 663 4442 quum
685 4381 734 4429 iam
755 4379 891 4442 respublica
912 4379 978 4426 bello
996 4384 1095 4438 gravata
