2970 4772
358 245 454 313 LIB.
480 245 625 314 XXVII.
657 245 767 316 CAP.
792 258 844 316 42.
1064 257 1128 320 389

53 384 189 450 obvius
211 383 251 448 ad
266 381 442 450 Venusiam
464 385 502 450 fit
524 385 645 451 consuli
665 386 810 452 Claudio.
857 386 907 453 Ibi
928 409 969 452 ex
989 399 1124 476 utroque
1135 403 1169 454 U.
1181 404 1211 457 c.
1227 415 1282 468 545·

52 470 222 536 exercitu
242 470 344 536 electa
364 471 509 558 peditum
532 473 742 561 quadraginta
764 474 871 552 millia,
887 474 953 540 duo
972 475 1071 540 millia
1091 469 1165 541 etl·
1181 469 1210 520 ⁰·
1227 481 1282 532 ²⁰⁷·

53 558 246 645 quingenti
260 559 393 658 equites,
409 559 525 644 quibus
540 560 650 624 consul
666 560 813 626 adversus
826 559 1041 627 Hannibalem
1055 585 1124 628 rem

53 657 221 732 gereret:
244 643 380 731 requuaa
401 646 508 731 copias
529 645 685 711 Hostilius
706 647 850 734 Capuam
872 647 988 714 ducere
1010 649 1122 728 iussus,

54 744 108 795 ut
130 730 173 806 Q.
187 730 299 795 Fulvio
314 731 495 820 proconsuli
511 733 657 798 traderet

116 816 294 894 Hannibal,
310 817 453 904 undique
468 831 631 884 contracto
645 819 797 897 exercitu,
833 841 907 884 uem
921 820 957 885 in
970 821 1122 902 hibernis,
1176 828 1230 890 41.

56 915 131 968 aut
145 903 181 966 in
195 903 359 990 praesidiis
374 905 440 990 agri
456 904 575 969 Bmttii
588 905 751 983 habuerat,
766 907 801 971 in
847 929 964 972 ucanos
979 906 1020 972 ad
1037 908 1123 974 Gru-

56 1001 221 1054 mentum
235 989 332 1067 venit,
349 1013 404 1077 spe
424 991 488 1054 reci
511 991 599 1056 iendi
619 992 747 1080 oppida,
763 1015 845 1080 quae
865 1015 923 1081 per
942 1006 1063 1058 metum
1081 995 1123 1059 ad

59 1076 241 1140 Romanos
255 1075 450 1140 defecissent
549 1078 623 1142 dem
638 1101 658 1144 a
672 1077 815 1144 Venusia
832 1079 941 1144 consul
958 1080 1122 1146 Romanus
1131 1095 1238 1145 Neronis
1248 1101 1274 1145 et

59 1161 246 1249 exploratis
264 1162 430 1227 itineribus
449 1165 625 1243 contendit,
642 1176 675 1230 et
694 1165 780 1230 mille
795 1165 860 1231 sere
881 1180 914 1230 et
934 1167 1122 1268 'uiugentos
1131 1159 1281 1274 affigi?

57 1270 185 1350 passus
207 1261 308 1314 castra
329 1251 369 1314 ab
392 1249 483 1314 hoste
507 1251 598 1316 locat
646 1250 817 1316 Grumenti
838 1189 1003 1318 moem‘bus
1023 1275 1121 1340 prope
1131 1288 1189 1339 Μ

24 1335 255 1401 81niunctum
275 1334 441 1400 videbatur
461 1336 643 1402 Poenorum
662 1337 800 1403 vallum:
824 1339 992 1426 quingenti
1014 1361 1123 1426 passus

61 1422 257 1486 intererant
304 1423 417 1486 Castra
439 1423 563 1488 Punica
584 1445 621 1488 ac
646 1423 793 1488 Romana
809 1424 1014 1490 interiacebat
1036 1447 1122 1490 cam·

60 1529 155 1596 pus;
179 1507 275 1572 eolles
293 1509 503 1574 imminebant
522 1509 602 1574 nudi
621 1509 748 1575 sinistro
767 1510 857 1575 lateri
877 1509 978 1576 Carth
1020 1511 1122 1577 'nien-

63 1595 167 1673 sium,
197 1594 311 1658 dextro
341 1594 569 1672 Romanorum,
599 1596 720 1661 neutris
750 1596 897 1684 suspecti,
924 1621 969 1684 qu
1041 1598 1122 1663 nihil

63 1680 170 1746 silvae
190 1703 295 1767 neque
318 1680 359 1745 ad
380 1681 509 1746 insidias
532 1681 722 1747 latebrarum
742 1683 909 1748 habebant.
955 1683 995 1748 In
1015 1685 1122 1749 medio

65 1788 187 1854 campo
212 1768 252 1832 ab
277 1767 464 1832 stationibus
489 1779 709 1918 procursantes
732 1770 914 1848 certamina,
937 1769 1023 1834 haud
1046 1771 1122 1835 satis

65 1853 173 1940 digna
187 1853 285 1930 dictu,
298 1854 454 1918 'serebant
512 1854 534 1918 d
549 1854 644 1920 modo
660 1855 844 1920 Romanum
858 1879 1009 1943 quaerere
1025 1878 1044 1919 a
1066 1880 1123 1943 pa-

64 1941 173 2016 rebat,
189 1962 229 2003 ne
245 1939 330 2004 abire
350 1939 475 2004 hostem
492 1953 660 2026 pateretur.
708 1941 880 2019 Hannibal,
897 1941 973 2005 inde
988 1964 1026 2006 ev
1068 1963 1121 2006 ere

65 2025 215 2112 cupiens,
231 2027 305 2091 totis
319 2025 437 2091 viribus
457 2026 490 2090 in
511 2027 612 2091 aciem
627 2027 848 2092 descendebat.
895 2027 982 2091 Tum
1000 2027 1120 2105 consul,
1131 2041 1240 2091 Insidiae

36 2113 204 2198 eingenio
229 2113 328 2177 hostis
353 2135 437 2190 usus,
465 2135 530 2200 quo
555 2113 661 2177 minus
685 2113 721 2176 in
746 2123 812 2177 tam
842 2113 959 2199 apertis
988 2113 1121 2179 collibus
1130 2105 1255 2218 312·me

66 2198 180 2262 timeri
199 2198 331 2262 insidiae
346 2212 502 2285 poteraut,
519 2199 661 2285 quinque
677 2197 831 2276 cohortes,
847 2199 963 2264 additis
977 2199 1122 2287 quinque

66 2281 253 2371 manipulis,
268 2295 361 2349 noete
377 2285 487 2371 iugum
502 2306 660 2372 superare,
672 2296 706 2348 et
719 2285 753 2348 in
768 2285 883 2350 aversis
897 2285 1031 2350 vallibus
1045 2309 1123 2352 con-

66 2369 177 2435 sidere
202 2370 299 2435 iubet
345 2369 487 2458 Tempus
510 2371 703 2458 exsurgendi
729 2392 770 2435 ex
795 2369 927 2449 insidiis,
953 2384 986 2436 et
1011 2393 1122 2460 aggre-

67 2455 185 2520 diendi
215 2456 351 2533 bostem,
380 2457 431 2521 Ti.
459 2454 632 2522 Claudium
663 2455 807 2521 Asellum
842 2457 1005 2522 tribunum
1038 2459 1123 2523 mili-

68 2555 143 2608 tum
177 2553 210 2606 et
238 2542 275 2607 P.
305 2541 478 2608 Claudium
510 2543 704 2630 praefectum
735 2543 856 2608 socium
887 2543 1010 2622 edocet,
1042 2568 1123 2633 quos

68 2652 147 2694 cum
182 2628 220 2693 iis
251 2629 405 2694 mittebat
452 2627 525 2716 Ipse
557 2629 628 2694 luce
660 2629 762 2716 prima
791 2631 897 2718 copias
926 2653 1037 2697 omnes
1066 2654 1123 2719 pe-

68 2715 176 2780 ditum
201 2737 219 2778 e
243 2715 411 2801 uitumque
436 2714 472 2779 iu
497 2715 598 2780 aciem
624 2715 745 2781 eduxit
791 2715 904 2782 Paullo
929 2731 1001 2806 post
1026 2730 1059 2782 et
1081 2719 1123 2784 ab

70 2801 208 2866 Hannib
240 2823 258 2865 e
281 2801 408 2888 signum
431 2823 558 2890 pugnae
581 2803 779 2889 propositum
801 2816 858 2882 est,
881 2803 1063 2893 clamorque
1087 2807 1122 2869 in

69 2887 183 2952 eastris
206 2887 247 2952 ad
270 2909 357 2952 arma
378 2888 623 2952 discurrentium
645 2899 693 2954 est
719 2889 868 2955 sublatus.
915 2889 997 2954 Inde
1024 2913 1122 2976 eques

70 2973 236 3060 pedesque
251 2973 395 3038 certatim
410 2973 509 3062 portis
523 2996 626 3051 ruere,
641 2995 678 3038 ac
697 2974 795 3060 palati
815 2997 873 3061 per
886 2997 1034 3062 campum
1049 2996 1122 3062 pro-

69 3081 183 3146 perare
206 3059 247 3124 ad
269 3059 382 3124 hortea.
431 3060 521 3135 Quos
541 3061 597 3124 ubi
616 3059 731 3124 effusos
752 3060 862 3125 consul
879 3060 977 3137 videt,
993 3061 1122 3126 tribuno

70 3145 211 3210 militum
227 3146 336 3210 tertiae
351 3145 484 3233 legionis
500 3147 537 3211 C.
553 3145 772 3210 Aurunculeio
787 3148 831 3210 im
873 3158 930 3222 rat,
946 3160 983 3210 ut
997 3146 1122 3246 equites

69 3231 216 3318 legionis,
233 3245 352 3317 quanto
368 3233 507 3297 maximo
523 3232 644 3319 impetu
659 3233 766 3319 possit,
783 3233 816 3295 in
858 3244 958 3296 ostem
976 3244 1119 3298 emrttat:

49 3318 117 3385 rita
134 3339 286 3404 pecorum
304 3319 401 3384 modo
420 3319 645 3404 incompositos
665 3332 732 3382 toto
751 3318 867 3404 passim
887 3339 1000 3406 campo
1019 3341 1053 3382 se
1071 3319 1122 3384 su·

46 3404 167 3481 adisse,
187 3417 223 3468 ut
244 3407 342 3469 sterni
364 3406 539 3491 obterique,
558 3404 743 3492 priusquam
766 3404 970 3483 instruantur,
989 3405 1118 3491 possint

70 3489 231 3554 Nondum
258 3489 422 3556 Hannibal
447 3515 465 3556 e
492 3491 599 3556 castris
625 3491 756 3568 exierat,
783 3513 883 3576 quum
908 3491 1121 3578 pugnantium
1177 3497 1229 3558 42.

70 3577 242 3642 clamorem
273 3577 403 3642 audivit
448 3577 573 3664 Itaque,
601 3577 724 3642 excitus
754 3575 904 3653 tumultu,
934 3577 1049 3663 raptim
1080 3579 1219 3655 adPugna
1245 3645 1251 3656 ,

16 3689 20 3694 ·
70 3662 197 3727 hostem
231 3663 337 3750 copias
370 3664 443 3750 agit.
489 3663 557 3727 Iam
589 3663 707 3749 primos
738 3675 945 3749 occupaverat
976 3651 1262 3756 equesterfflsslmll·

70 3761 181 3814 terror.
227 3749 379 3814 Peditum
399 3750 495 3814 etiam
516 3749 617 3835 prima
631 3748 714 3836 legio
730 3760 762 3812 et
777 3747 889 3814 dextra
903 3749 952 3814 ala
965 3748 1123 3837 proelium
1171 3744 1177 3757 '

69 3833 207 3900 inibant
253 3834 461 3923 Incompositi
480 3835 595 3912 hostes
617 3848 653 3900 ut
673 3858 835 3924 quemque
859 3849 914 3902 aut
936 3835 1047 3923 pediti,
1069 3849 1124 3902 aut

69 3921 176 4009 equiti
199 3943 289 3986 casus
308 3921 432 3998 obtulit,
451 3921 497 3986 ita
515 3935 687 3986 conserunt
705 3945 827 3988 manus.
874 3923 997 3988 Crescit
1016 3946 1124 4011 pugna

107 4075 279 4138 BQainpeatr'
311 4089 400 4137 passus
431 4074 582 4134 intererant]
615 4075 692 4123 hortis
708 4075 825 4135 imitatus,
840 4079 865 4123 et
881 4076 996 4124 adversus
1012 4075 1124 4125 Poenum

70 4139 177 4188 Vallum
196 4140 336 4188 Poenorum
357 4139 477 4187 Romanis
495 4153 526 4186 ex
548 4139 584 4186 in·
617 4145 668 4187 arte
681 4140 865 4188 Punicautens.
883 4140 964 4189 (ἷκεν.

71 4203 176 4252 terrallo
187 4203 355 4264 spectantibus
367 4202 495 4251 ridebatur
508 4215 585 4265 prope
652 4217 662 4250 r
681 4205 711 4252 Sa
717 4205 828 4266 sedisse]
849 4204 972 4265 Intellige‚
982 4217 1092 4251 monens.

72 4267 210 4315 iniunctum
220 4267 350 4316 moenibus
362 4265 499 4314 Grumenti.
534 4267 583 4314 Re·
649 4267 763 4315 tSterm'
783 4269 918 4330 obterique]
944 4269 1059 4314 obterere
1080 4279 1124 4326 pu-

72 4345 128 4379 rera
139 4329 265 4394 quingenti
276 4345 362 4394 passus
372 4329 512 4379 intererant.
528 4329 575 4378 Ca.
616 4335 719 4392 grantes
734 4336 822 4378 stratos
838 4330 980 4377 dicebantur
998 4327 1054 4389 equi
1073 4327 1125 4376 sire

104 4397 240 4458 placento
262 4397 336 4446 honis
358 4396 430 4454 aras]
453 4393 584 4456 Ingenium
618 4393 752 4454 elephanti,
764 4403 791 4440 ut
803 4393 881 4441 Drak.
892 4397 983 4440 monet.
