2966 4778
387 237 619 304 LIB.·XX1L
653 239 764 306 CAP.
791 245 843 306 61.
1076 248 1134 308 121

85 371 260 438 Manlium.
307 371 394 438 Tum
408 372 538 438 demum
554 374 594 438 ab
604 386 740 461 cognato
757 373 913 441 Scribonii
928 377 1057 442 tribuno
1070 376 1140 465 ple·
1149 388 1184 440 U.
1195 387 1225 438 c.
1243 387 1299 450 ⁵36·

82 460 136 524 bis
151 459 194 524 de
208 458 403 524 redimendis
418 460 550 546 captivis
564 460 699 525 relatum
714 483 792 539 esse,
805 484 864 527 nec
882 463 1040 529 censuisse
1055 454 1180 530 redi-A·
1197 453 1227 502 ⁰·
1243 449 1299 502 ²¹⁶·

85 545 224 610 mendos
238 558 404 612 senatum:
429 559 463 610 et
476 568 575 610 novos
589 545 709 634 legatos
726 562 789 612 tres
803 548 845 612 ad
860 548 1076 615 Hannibalem
1090 573 1141 616 re·

85 632 230 710 vertisse,
249 631 362 696 decem
379 644 501 696 veteres
521 634 723 710 remansisse3
770 633 845 712 uod,
865 658 924 721 per
942 658 1069 701 causam
1090 659 1142 702 re·

84 717 304 805 cognoscendi
319 719 451 783 nomina
462 719 659 805 captivorum
679 719 720 783 ad
736 657 952 786 [iannibalem
970 745 1010 787 ex
1025 723 1140 788 itinere

85 805 233 891 regressi,
249 804 402 891 religione
416 827 484 869 sese
500 805 722 870 exsolvissent:
746 805 787 870 de
802 807 841 871 iis
856 807 1011 873 dedendis
1026 831 1142 896 magna

85 891 295 955 contentione
318 903 426 955 actum
447 891 482 954 in
503 903 616 956 senatu
638 915 723 967 eue3
754 892 917 979 victosque
941 894 1050 981 paucis
1069 918 1142 960 sen-

85 977 209 1053 tentiis,
226 977 282 1063 qui
302 976 467 1041 dedendos
485 977 675 1043 censuerint.
724 975 876 1042 Ceterum
895 980 1048 1066 proximis
1066 1004 1138 1045 cen·

85 1063 213 1127 scribus
228 1062 309 1128 adeo
325 1062 472 1128 omnibus
486 1063 570 1128 notis
579 1063 825 1150 ignominiisque
840 1065 1000 1131 confectos
1015 1087 1093 1145 esse,
1105 1081 1143 1132 ut

85 1149 223 1235 quidam
249 1171 359 1214 eorum
388 1160 523 1213 mortem
553 1149 612 1214 sibi
638 1150 698 1236 ipsi
724 1150 886 1238 extemplo
911 1153 1139 1218 consciverint:

86 1233 189 1299 ceteri
208 1257 275 1299 non
289 1235 358 1301 foro
375 1235 477 1302 solum
493 1235 579 1301 omni
599 1234 716 1302 deinde
731 1236 806 1313 vita,
821 1237 878 1302 sed
895 1259 995 1325 prope
1017 1238 1089 1307 luce
1104 1262 1142 1304 ac

86 1319 229 1408 publico,
256 1321 423 1387 caruerint.
469 1319 582 1388 Mirari
611 1321 721 1408 magis,
747 1321 828 1388 adeo
854 1323 1031 1412 discrepare
1058 1324 1143 1391 inter

86 1419 244 1485 auctores,
261 1429 357 1495 quam
371 1406 452 1494 quid
466 1407 532 1474 veri
547 1408 597 1485 sit,
612 1407 791 1474 discernere
803 1432 909 1495 queas.

137 1488 269 1568 Quanto
297 1505 404 1562 autem
430 1494 532 1558 maior
559 1516 598 1563 ea
626 1493 732 1560 clades
757 1496 972 1596 superioribus
999 1496 1142 1564 cladibus

87 1579 197 1656 fuerit,
212 1579 264 1644 vel
287 1601 327 1646 ea
347 1602 397 1644 res
419 1579 539 1646 indicio
561 1581 731 1668 estquod,
749 1603 805 1668 qur
827 1582 984 1648 sociorum
1006 1583 1048 1647 ad
1071 1606 1142 1650 eam

89 1665 179 1732 diem
193 1665 278 1730 finni
299 1679 461 1744 steterant,
479 1678 547 1732 tum
568 1666 674 1732 labare
691 1691 748 1734 coe
772 1685 876 1746 enmt,
891 1669 980 1734 nulla
1023 1668 1142 1736 rofecto

65 1752 155 1818 6alia
165 1751 206 1816 de
220 1774 265 1830 re,
299 1775 372 1820 uam
383 1752 471 1839 quod
485 1751 729 1842 desperaverant
744 1690 785 1818 <le
797 1755 840 1818 im
883 1755 939 1822 rio.
1020 1756 1266 1844 esecerenerecuo

90 1851 200 1904 autem
226 1775 416 1904 adll'oenos
440 1838 476 1904 hi
494 1839 620 1938 populi:
649 1839 802 1919 Atellani,
858 1841 977 1919 alatini,
1001 1841 1141 1930 Hirpini,
1151 1849 1280 1885 sonorum.

89 1923 275 2012 Apulorum
295 1947 377 2012 pers,
394 1925 553 1992 Sammtes
572 1938 699 2013 praeter
718 1926 863 2006 Pentros,
885 1927 1004 1994 Bruttii
1021 1951 1141 2006 omnes,

63 2011 234 2078 7Lucani:
258 2023 384 2098 praeter
395 2011 454 2077 hos
467 2010 656 2089 Surrentini,
666 2025 700 2077 et
716 2011 913 2077 Graecorum·
928 2013 1031 2078 omnis
1042 2014 1141 2079 ferme

89 2120 155 2176 ora,
182 2097 361 2175 Tarentini,
392 2096 618 2185 Metapontini,
651 2097 887 2176 Crotonienses,
912 2098 1082 2186 Locrique,
1109 2113 1143 2164 et

92 2183 251 2272 Cisdpini
266 2207 376 2250 omnes
393 2183 488 2250 Galli.
535 2183 607 2250 Nec
622 2195 729 2250 tamen
744 2183 803 2250 hae
815 2184 920 2250 clades
932 2184 1142 2251 defectiones-
1151 2199 1224 2250 Pactu
1235 2206 1271 2250 ta

90 2293 155 2356 qne
169 2271 327 2336 sociorum
342 2283 519 2348 moverunt,
530 2283 566 2336 ut
580 2271 666 2358 pacis
681 2292 726 2336 un
750 2293 824 2336 uem
835 2271 956 2337 mentio
972 2270 1059 2359 apud
1074 2272 1142 2337 Ro·
1150 2279 1208 2339 ¹3¹0ss
1218 2281 1286 2314 Μ·

89 2379 201 2422 manos
221 2357 330 2434 fieret3
353 2379 460 2444 neque
481 2369 554 2422 ante
572 2355 711 2421 consulis
726 2294 863 2422 domam
881 2356 1064 2436 adventum,
1081 2333 1185 2424 nectm
1196 2329 1275 2380 nulln

89 2455 260 2530 postquam
274 2443 301 2508 is
315 2443 421 2521 rediit,
433 2442 658 2530 renovavitque
674 2443 859 2510 memoriam
871 2456 1018 2532 acceptae
1033 2445 1139 2511 cladis.

93 2529 169 2604 Quo
182 2529 372 2617 intempore
387 2530 456 2617 ipso
471 2528 551 2594 adeo
562 2552 678 2617 magno
692 2531 799 2596 animo
811 2531 920 2596 civitas
930 2531 1001 2610 fuit,
1013 2544 1050 2596 ut
1065 2554 1142 2598 con·
1152 2543 1258 2620 varroni

88 2614 161 2693 suli,
171 2638 213 2680 ex
222 2627 311 2681 tanta
319 2615 419 2693 clade,
429 2616 519 2682 cuius
527 2617 594 2703 ipse
604 2638 698 2682 caina
706 2617 845 2682 maxima
852 2617 973 2696 fuisset,
982 2618 1139 2696 redeunti,
1150 2610 1258 2721 {effi

90 2715 125 2766 et
149 2702 276 2768 obviam
297 2703 379 2768 itum
403 2701 449 2766 fre
473 2714 586 2768 uenter
609 2704 649 2767 ab
672 2702 819 2768 omnibus
845 2703 1009 2770 ordinibus
1032 2706 1083 2784 sit,
1108 2707 1242 2799 ctgmfiss,

65 2808 82 2858 8
146 2788 208 2853 tine
231 2801 329 2866 actae,
346 2787 434 2875 quod
450 2725 496 2853 de
518 2788 681 2940 remea
705 2812 770 2854 non
793 2789 1005 2877 desperasset:
1037 2793 1099 2870 cui,
1114 2793 1228 2856 siactae·

89 2873 407 3025 fartbaginiensium
421 2874 535 2940 ductor
581 2875 588 2889 '
640 2875 979 2954 tnihilrecusandum
994 2879 1141 2966 supplicii

102 2971 180 3026 oret.

122 3151 139 3202 6
153 3153 362 3216 Memnonem
372 3152 406 3200 ad
414 3152 521 3212 Poenas]
541 3151 601 3200 Non
633 3165 717 3201 corum
729 3165 795 3200 oram
807 3153 937 3216 pertinent.
954 3153 1036 3204 Gnnv.

89 3216 183 3276 stadim
205 3218 248 3266 sed
273 3221 328 3278 port
353 3231 446 3266 annum
472 3217 599 3278 elapsum:
665 3217 725 3266 8δί
744 3219 984 3277 Οαήὴαρίπίσηείυπι
1000 3219 1085 3267 ductor
1094 3219 1142 3278 fu-

89 3295 171 3342 neque
183 3279 230 3329 nini
257 3285 327 3329 unco
343 3281 432 3329 abhinc
443 3295 508 3328 anno
519 3280 600 3328 Meta-
633 3281 702 3340 ieret]
721 3279 788 3328 Mira
802 3280 849 3326 fuit
863 3280 1101 3343 Carthaginiensium
1115 3281 1142 3330 in

90 3296 326 3408 ponunetihurii
334 3345 452 3394 defecere.
472 3343 503 3394 cf.
512 3343 602 3406 Polyb.
634 3344 710 3392 (luces
724 3358 779 3392 suos
793 3343 920 3404 acerbitas,
931 3359 992 3406 qnos
1006 3343 1030 3392 in
1046 3359 1144 3394 crucem

89 3408 127 3459 iii.
141 3410 194 3459 118.
549 3455 550 3458 ,
632 3408 719 3456 tollere
730 3405 794 3456 soliti
808 3413 941 3468 erant‚non
952 3409 1055 3458 modoai
1068 3409 1142 3472 culpa

125 3482 139 3534 7
155 3473 310 3531 Surrentini]
329 3471 396 3534 Lege
406 3487 463 3520 cum
475 3470 600 3520 Gronovio
632 3485 677 3518 sua
683 3469 859 3530 riotifuiescnt,
866 3473 909 3520 sed
918 3471 990 3521 etiam
1000 3472 1142 3535 siproepero

89 3537 230 3586 Sallentini.
256 3536 323 3586 Nam
335 3535 480 3595 Surrentini,
490 3535 532 3598 qui
543 3539 600 3584 sunt
632 3539 730 3595 eventu,
739 3549 814 3596 pravo
825 3535 934 3595 consilio,
945 3551 996 3584 rem
1006 3537 1142 3599 gessissent.

89 3601 117 3650 in
138 3599 291 3663 Campaniae
313 3615 364 3659 ora,
383 3599 524 3649 debuissent
541 3597 600 3662 poni
633 3599 714 3650 Onsv.
731 3598 762 3649 cf.
775 3599 863 3662 Polyb.
875 3599 892 3649 i.
904 3615 927 3649 a.
937 3604 964 3648 et
975 3613 1014 3662 24.

90 3664 287 3728 portcauunoe
304 3663 600 3716 AtSallentiniadGrne-
