2878 4772
342 228 407 290 418
727 215 841 283 ΤΙΤΙ
871 216 1009 282 LIVII

188 373 224 426 ΙΙ.
235 374 265 425 ο.
283 371 337 438 546·
346 359 510 461 aliquanto
524 357 624 423 serius
637 354 784 444 pervenit
798 377 923 442 pugna:
948 354 993 418 ita
1008 364 1045 416 ut
1059 352 1152 440 prius
1173 361 1291 416 aestus
1311 373 1331 414 a
1349 372 1399 414 ua·

189 440 222 491 A.
238 440 268 492 0·
283 437 472 514 ²⁰⁶·rid1ano
487 445 562 522 sole,
574 444 726 530 laborque
741 442 846 506 standi
861 442 919 506 sub
931 440 1036 517 armis,
1050 453 1085 503 et
1098 438 1203 502 simul
1218 438 1324 502 famu
1336 437 1400 502 sitis·

373 556 412 598 ue
428 554 560 619 corpora
574 531 744 607 afficerent,
758 551 854 615 quam
869 551 982 593 manus
993 549 1069 590 cum
1085 525 1184 590 hoste
1198 537 1399 590 comererent

349 558 463 706 ltaque
479 629 635 684 steterunt
649 617 745 682 scutis
760 615 865 680 inuisi.
907 613 993 678 Nam
1008 635 1108 714 super
1122 627 1243 677 cetera
1256 610 1401 698 elephanti

350 707 456 783 etiam,
476 704 671 769 tumultuoso
693 725 810 790 genere
832 723 958 802 pugnae
981 713 1133 786 equiturn
1155 699 1362 785 velitumque
1378 715 1401 760 et

350 793 429 858 levis
452 802 627 856 armaturae
651 803 886 865 consternatae
909 788 1058 852 cornibus
1081 787 1120 849 in
1145 787 1302 851 mediam
1323 785 1402 849 acien

351 900 419 944 sese
434 877 615 942 intulerant
658 875 745 940 Fessi
760 876 857 963 igitur
871 875 1055 961 corporibus
1070 873 1271 960 animisque
1286 871 1402 937 retulere

351 966 478 1052 pedem,
495 965 622 1029 ordines
640 975 748 1026 tamen
768 974 936 1039 servantes,
952 959 1039 1025 band
1060 982 1170 1036 secus,
1190 983 1301 1048 quarn
1319 959 1344 1022 si
1360 959 1403 1020 in-

352 1052 455 1204 rra
467 1050 735 1202 d,raranna
750 1045 1122 1200 itinerari
1146 1047 1402 1220 suan

455 1185 465 1216 β
959 1181 968 1210 9

352 1225 515 1300 veherent,
538 1246 598 1288 nec
619 1222 710 1287 facile
737 1222 874 1308 impetus
897 1219 1044 1285 sustineri
1069 1235 1211 1306 posset3
1239 1238 1402 1307 quanquam

352 1311 519 1387 retinebat,
543 1308 775 1395 obsistebatque
799 1308 986 1373 cedentibus
1010 1305 1221 1384 Hasdrubal,
1249 1307 1312 1371 ‘ab
1337 1320 1403 1388 tergo

355 1406 443 1462 ‘esse
464 1395 559 1461 colles
580 1409 748 1482 tutumque
769 1407 942 1482 receptum,
959 1392 985 1457 si
999 1392 1129 1456 modice
1156 1415 1196 1458 se
1223 1390 1403 1480 reciperent

354 1483 528 1559 clamitans,
547 1496 663 1559 tamen,
678 1483 826 1546 vincente
841 1479 1064 1546 verecundiam
1088 1493 1202 1557 metu,
1227 1503 1332 1568 quum
1351 1496 1416 1564 pins

354 1569 459 1634 ximus
474 1569 608 1655 quisque
629 1568 753 1633 hostem
773 1568 1014 1652 cederet-terga
1028 1566 1208 1652 externplo
1225 1569 1315 1642 data,
1329 1582 1402 1650 atqua

354 1655 387 1719 in
403 1655 511 1740 fugam
525 1677 592 1719 sese
605 1675 715 1718 omnes
726 1652 916 1719 effuderunt
942 1657 993 1717 Ac
1008 1652 1113 1736 primo
1130 1654 1322 1718 consistere
1334 1653 1403 1738 signa

355 1740 388 1804 in
404 1740 562 1805 radicibus
577 1740 716 1819 collium,
732 1763 768 1806 ac
783 1763 929 1805 revocare
945 1740 979 1803 in
993 1738 1124 1803 ordines
1145 1740 1297 1805 militem
1311 1762 1362 1804 coe

354 1839 442 1904 rant3
466 1828 689 1893 cunctantibus
708 1828 742 1891 in
762 1827 928 1892 adversum
948 1825 1061 1890 collem
1080 1825 1219 1913 erigene
1236 1828 1339 1892 aciem
1378 1847 1403 1887 o·

197 1921 270 1973 Elin
282 1939 332 1975 aas
355 1914 465 1979 mauis.
512 1913 593 1979 Inde
615 1927 652 1978 ut
672 1913 780 1978 inferri
802 1912 936 2000 impigre
958 1912 1048 1999 sigua
1070 1911 1248 1990 viderunt,
1268 1915 1403 1999 integrm

196 1993 311 2038 ΜΠ·
354 2001 439 2088 fuga,
466 2000 501 2064 in
526 2013 627 2065 castra
655 2000 762 2087 pavidi
788 1999 1029 2088 compelluntur.
1081 1996 1160 2062 Nec
1193 2000 1317 2086 procul
1339 1997 1402 2062 sallo

197 2053 331 2114 pelluntur.
357 2087 522 2152 Romanus
536 2089 660 2152 aberat:
686 2087 883 2187 cepissetque
900 2099 988 2150 tanto
1002 2086 1128 2172 impetu
1144 2099 1269 2165 castra,
1283 2087 1318 2150 ni
1331 2104 1402 2150 seer

355 2173 539 2239 vehementi
558 2173 634 2251 sole,
651 2173 752 2260 qualis
775 2174 858 2238 inter
881 2195 990 2260 graves
1013 2173 1114 2238 imbre
1140 2174 1257 2238 nubes
1280 2172 1401 2258 effulget,

355 2271 444 2326 tanta
458 2260 504 2325 vis
519 2283 618 2346 aquae
635 2259 811 2337 deiecisset,
825 2273 860 2323 ut
872 2260 926 2324 vix
941 2259 974 2324 in
989 2271 1091 2324 castra
1104 2281 1166 2323 sua
1182 2260 1367 2348 receperint
1377 2279 1401 2319 sc

354 2347 506 2423 victores3
530 2345 683 2433 quosdam
704 2345 800 2410 etiam
820 2345 932 2433 religio
950 2346 1069 2434 ceperit
1083 2344 1230 2410 ulterius
1245 2348 1399 2434 quicquan

355 2454 394 2497 eo
409 2433 462 2498 die
477 2433 623 2498 conandi.
671 2431 959 2520 Carthaginienses
976 2454 1163 2532 quanquam
1184 2433 1295 2498 femos
1313 2433 1398 2496 labar

354 2541 391 2583 ac
405 2519 588 2584 vulneribus
607 2541 673 2583 nox
693 2519 857 2605 imberque
873 2519 914 2583 ad
928 2540 1136 2584 necessauam
1181 2521 1314 2585 nietam
1328 2539 1399 2582 rora·

354 2603 420 2680 bat,
441 2617 557 2682 tamen,
579 2605 655 2690 quia
676 2617 779 2668 metus
800 2618 833 2667 et
854 2604 1031 2690 periculum
1053 2541 1205 2669 cessaridi
1231 2629 1304 2670 non
1324 2605 1397 2669 dabat

355 2701 489 2776 tempus,
505 2692 607 2775 prima
626 2689 697 2753 luce
718 2691 948 2776 oppugnaturis
962 2689 1104 2754 hostibus
1118 2703 1239 2768 casua,
1255 2693 1341 2756 saxis
1353 2713 1398 2754 uu·

355 2773 453 2860 dique
469 2776 553 2839 circa
568 2798 609 2840 ex
623 2775 810 2864 propinquis
821 2775 954 2841 vallibus
969 2777 1126 2863 congestis
1142 2791 1274 2864 augent
1288 2777 1397 2842 vallum

354 2861 555 2927 munimento
577 2883 655 2939 sese,
673 2862 803 2948 quando
827 2863 860 2926 in
887 2863 981 2927 armis
1140 2865 1304 2950 praesidii
1325 2866 1397 2936 soret,

354 2945 524 3012 defensuri.
572 2946 638 3013 Sed
653 2948 796 3012 transitio
810 2949 975 3026 sociorum,
1005 2971 1066 3050 uga
1084 2961 1121 3012 nt
1138 2951 1244 3015 tutior
1264 2949 1397 3016 morari

353 3032 492 3112 deretur,
516 3034 600 3098 fecit.
646 3033 843 3122 Principium
870 3034 1057 3103 defectionis
1081 3036 1121 3099 ab
1146 3035 1277 3102 Attene
1304 3035 1397 3124 regilla

354 3117 613 3185 Turdetanorum
641 3119 761 3184 facturn
790 3133 846 3186 est.
892 3120 925 3186 Is
954 3143 1027 3186 cum
1057 3143 1088 3185 m
1154 3145 1178 3196 a
1205 3124 1396 3211 popularium

354 3227 453 3271 mauu
467 3205 641 3292 transfugit
687 3206 770 3272 Iuda
790 3207 856 3271 duo
876 3207 999 3273 munita
1018 3143 1230 3308 oppidincum
1246 3208 1397 3298 praesidiia

354 3291 470 3356 tradita
484 3317 503 3358 a
516 3292 683 3393 praelectis
699 3293 855 3359 Romano.
902 3294 946 3359 Et
960 3317 1001 3358 ne
1015 3294 1119 3371 latius,
1130 3295 1301 3361 inclinatis
1315 3293 1398 3360 semel

354 3375 395 3442 ad
409 3377 621 3443 defectionem
642 3379 765 3458 animis,
781 3393 921 3468 serperet
938 3403 997 3458 res,
1013 3381 1138 3446 silentio
1160 3384 1334 3469 proximae
1352 3403 1399 3446 no·

353 3463 414 3528 ctis
428 3463 610 3530 Hasdrubal
623 3479 724 3531 castra
738 3481 853 3533 movet

246 3555 296 3618 16.
399 3549 516 3638 Scipio,
538 3563 574 3615 ut
595 3553 697 3638 prima
717 3551 799 3632 luce,
821 3554 876 3642 qui
900 3555 936 3619 in
959 3553 1147 3619 stationibus
1169 3569 1277 3634 erant,
1294 3554 1400 3621 retule-

354 3649 438 3713 runt,
454 3637 611 3724 profectos
625 3635 742 3717 hostes,
757 3641 928 3727 praemisso
943 3641 1087 3728 equitatu
1102 3640 1196 3728 signa
1210 3642 1291 3708 ferri
1307 3643 1400 3707 iubet:

196 3727 312 3808 flacitus
352 3721 496 3809 adeoque
518 3723 614 3788 citato
677 3725 762 3789 mine
785 3726 874 3791 ducti
896 3737 979 3805 suut,
995 3737 1041 3804 ut,
1056 3728 1082 3791 si
1097 3727 1149 3791 via
1169 3741 1262 3794 recta
1276 3729 1401 3816 vestigia

194 3795 336 3858 ”⁸⁸⁰¹Pm·
352 3821 520 3894 sequentes
542 3809 649 3887 issent,
707 3809 751 3875 ud
771 3811 867 3878 dubie
888 3813 1059 3878 amecumri
1080 3813 1224 3880 firerint,
1261 3815 1401 3882 Ducrbia

351 3903 400 3956 est
413 3893 579 3974 creditum,
595 3894 722 3962 brevius
735 3897 906 3964 aliudesse
926 3898 987 3963 iter
1006 3897 1047 3963 ad
1062 3898 1190 3964 Baetim
1206 3901 1360 3980 fluvium,
1374 3916 1400 3964 ut

348 3987 550 4044 transeuntes
564 3982 820 4069 aggrederentur.
860 3984 1051 4064 Hasdrubal,
1068 3984 1176 4052 clauso
1191 3991 1339 4056 transitu
1353 3989 1400 4053 flu

381 4223 547 4275 Μνασίωνα
557 4229 659 4292 qarbqao
669 4231 772 4292 Mum]
795 4235 857 4283 Pro-
889 4232 957 4297 iungi
967 4233 1139 4285 animadvertit
1150 4235 1289 4290 Drakarht
1302 4241 1336 4290 et
1347 4251 1399 4298 fles·

348 4287 429 4360 dnus
438 4289 646 4362 quemadmodum
652 4297 858 4358 propumops'ar,
889 4297 906 4346 i.
918 4311 956 4347 ar.
968 4295 993 4347 ri.
1005 4301 1045 4359 48.

347 4361 458 4406 prom
485 4365 575 4411 panim
603 4367 660 4402 cum
688 4369 746 4405 casn
770 4365 858 4420 quarto
