2874 4772
349 185 414 246 ³20
733 177 848 245 TITI
878 175 1011 246 LIVII

187 331 265 384 tto.
283 313 438 394 nasacta,
468 335 551 401 quae
581 337 648 380 non
676 337 696 379 o
738 336 791 380 rae
819 316 959 402 pretium
988 330 1037 381 est
1065 315 1174 381 omnia
1204 336 1384 382 enumerare.

187 397 219 448 A*
234 397 264 447 ⁰·
282 411 337 446 ²¹²
347 409 357 439 ‘
369 401 516 467 Aliorum
528 402 612 466 bona
625 402 691 488 pub
716 401 834 466 canda:
859 401 944 490 ipsos
958 401 1136 502 liberosque
1147 425 1266 467 eorum
1281 415 1313 466 et
1325 426 1385 466 con·

347 487 456 575 ‘iuges
469 487 664 565 vendendas,
679 500 770 552 extra
779 486 870 564 filias,
885 511 968 575 quae
983 502 1187 576 enupstment
1198 489 1297 576 prius,
1307 510 1406 574 quam

347 573 402 638 ‘in
422 573 534 660 populi
549 574 689 638 Romani
752 585 897 638 testatem
911 575 1065 640 venirent.
1111 574 1210 639 Alios
1230 575 1266 638 in
1279 574 1384 637 vincula

347 659 561 737 ‘condendos
582 682 618 724 ac
642 660 683 725 de
707 597 757 724 ils
777 661 933 748 posterius
955 660 1213 725 consulendum!
1258 660 1382 724 Aliomu

349 744 586 832 Campanorum
612 768 768 811 summam
792 747 888 811 etiam
913 769 1026 812 census
1048 746 1280 824 distinxerunt,
1298 745 1395 832 publi-3

346 832 449 896 cauda
462 854 564 897 necne
575 832 660 898 bona
674 845 796 909 essent3
821 841 831 872 ‘
839 855 942 919 pecua
955 833 1088 920 captiva,
1103 845 1238 920 praeter
1248 853 1347 918 equos,
1359 845 1382 894 et

348 925 358 955 ‘
369 918 536 1005 mancipia,
548 932 673 1018 praeter
683 920 819 1005 puberes
829 919 929 982 virilis
937 941 1041 997 sexus,
1056 933 1090 984 et
1104 919 1229 996 omnia,
1241 941 1320 1004 quae
1332 917 1381 981 solo

348 1012 435 1069 ‘non
471 1018 721 1083 continerentur,
751 1004 966 1082 restituenda:
994 1020 1203 1082 censuerunt,
1237 1004 1379 1068 ‘dominis

348 1089 551 1177 ‘Campanos
573 1111 693 1167 omneS,
714 1091 891 1168 Atellanos
914 1090 1087 1168 Calatinos,
1108 1089 1291 1167 Sabatinos,
1312 1102 1393 1155 erm*

348 1184 476 1264 ‘quam,
503 1177 559 1263 qui
588 1199 708 1254 eorum,
736 1190 792 1241 aut
820 1177 881 1292 imi
910 1189 965 1241 aut
990 1189 1137 1264 parentes
1166 1199 1292 1252 eorum,
1315 1174 1380 1261 apud

348 1263 476 1328 ‘hostes
493 1275 608 1340 essent,
623 1263 738 1344 liberos
758 1285 835 1340 esse,
859 1263 1026 1340 iusserunt,
1043 1264 1108 1327 ‘ita
1122 1275 1161 1326 ut
1179 1285 1281 1328 nemo
1293 1283 1379 1328 eorum

348 1349 447 1414 ‘civis
459 1349 634 1426 Romanus,
644 1362 700 1414 aut
711 1348 820 1413 Latini
832 1349 970 1414 nominis
979 1361 1077 1414 esset:
1101 1371 1186 1413 neve
1199 1349 1273 1436 quis
1284 1370 1378 1420 eorum,

350 1436 425 1523 ‘qui
441 1435 573 1522 Capuae
591 1435 733 1512 fuissent,
749 1435 828 1500 dum
848 1449 959 1522 portae
982 1435 1105 1500 clausae
1128 1449 1250 1513 essent,
1269 1435 1301 1499 in
1322 1434 1379 1498 urbe

350 1528 483 1607 ‘agrove
501 1521 667 1608 Campano
682 1522 766 1586 intra
779 1535 897 1586 certam
913 1521 999 1586 diem
1014 1534 1165 1587 maneret
1217 1521 1327 1596 Locus,
1339 1520 1378 1582 ubi

349 1614 360 1646 ‘
370 1607 558 1684 habitarent,
578 1620 663 1672 trans
685 1607 840 1684 Tiberim,
861 1607 918 1694 qui
937 1629 1003 1672 non
1022 1608 1231 1694 contingeret
1251 1607 1377 1675 Tiberim

349 1701 359 1731 ‘
368 1693 503 1758 daretur.
553 1692 620 1768 Qui
635 1716 694 1759 uec
712 1691 853 1780 Capuae,
869 1716 929 1758 nec
944 1693 979 1758 in
993 1695 1071 1758 urbe
1089 1693 1272 1781 Campana,
1287 1713 1378 1780 quaen

348 1786 359 1816 ‘
392 1778 489 1866 opulo
517 1779 664 1844 Romano
687 1780 863 1856 defecisset,
893 1802 951 1866 per
973 1779 1092 1844 bellum
1115 1777 1264 1856 finissent,
1284 1801 1331 1842 eos
1347 1777 1377 1839 cis

348 1802 472 1930 ‘lirim
481 1888 608 1930 amnem
624 1865 896 1942 Romamversus3
920 1865 976 1952 qui
986 1865 1028 1930 ad
1044 1867 1212 1931 Romanos
1221 1865 1375 1930 transiment

348 1952 468 2039 ‘priua
491 1974 588 2039 quam
617 1950 781 2016 Hannibal
809 1950 954 2039 Capuam
976 1952 1109 2030 veniret,
1132 1952 1180 2016 cis
1204 1952 1376 2016 Vulturnum

348 2038 582 2116 ‘emovendos'
603 2049 811 2104 censuerunt:
845 2046 906 2102 ‘ne
928 2038 1000 2124 quis
1021 2059 1132 2103 eorum
1155 2039 1292 2126 propius
1313 2056 1375 2098 mare

348 2131 359 2162 ‘
393 2125 553 2190 uindecim
569 2125 708 2190 millibus
749 2147 876 2190 assuum
891 2146 1000 2210 agrum
1016 2124 1243 2191 aedificiumve
1263 2125 1374 2188 haberet
1405 2163 1406 2200 3

298 2239 301 2244 ·
348 2148 440 2287 ‘Cui
456 2234 567 2277 eorum
588 2223 674 2276 trans
689 2209 728 2273 T·
772 2212 832 2274 rim
850 2211 949 2276 emoti
968 2223 1139 2287 essentne
1159 2209 1171 2274 i
1215 2212 1226 2274 i
1247 2207 1374 2298 posterive

348 2305 477 2362 ‘eorum
500 2320 538 2362 us
562 2297 623 2362 iam
645 2311 793 2384 pararent
814 2296 1015 2374 haberentve,
1035 2296 1098 2360 nisi
1119 2297 1154 2360 in
1173 2233 1320 2371 lietenu,
1336 2305 1406 2398 “³¹³1

347 2391 359 2422 ‘
371 2383 511 2460 Sutrino,
523 2321 725 2470 llepesinove
736 2406 828 2483 agror
853 2382 930 2447 dum
945 2405 986 2447 ne
1001 2383 1054 2447 cui
1069 2383 1179 2459 maior,
1193 2405 1291 2470 quam
1304 2379 1374 2467 quiu-

347 2469 522 2556 ‘quaginta
535 2469 690 2556 iugerum,
702 2492 769 2555 agri
779 2469 892 2534 modus
906 2481 995 2534 esset
1044 2467 1238 2534 Senatorum
1248 2468 1371 2538 omniun,

347 2555 489 2640 ‘quique
513 2556 712 2641 magistratus
736 2555 878 2642 Capuae,
897 2554 1032 2632 Atellae,
1052 2554 1199 2620 Calatiae
1222 2555 1371 2643 gessimus
1405 2551 1406 2620 l

348 2640 453 2704 ‘bona
475 2641 583 2705 venire
609 2640 761 2727 Capuae,’
790 2642 965 2706 iusserunt:
998 2641 1117 2706 ‘libera
1145 2657 1370 2729 corporaque
1405 2639 1406 2704 l

347 2725 544 2791 ‘venundari
573 2726 742 2812 placuerat,
770 2727 908 2792 Romam
937 2727 1029 2804 mitti,
1060 2750 1097 2792 ac
1127 2727 1256 2792 Romae
1280 2723 1369 2790 venire
1405 2723 1406 2776 l

347 2811 477 2900 ‘Signa
493 2824 611 2878 statuas
632 2835 755 2890 aeneas,
772 2837 853 2900 quae
874 2827 966 2901 capta
980 2813 1020 2878 de
1042 2813 1187 2879 hostibus
1208 2814 1369 2880 dicerentur,

346 2908 451 2986 ‘quae
466 2921 575 2964 eorum
597 2921 686 2965 saera
702 2922 738 2964 ac
777 2900 885 2966 rosana
903 2913 1018 2978 essent,
1035 2900 1076 2965 ad
1093 2900 1285 2988 pontificum
1300 2894 1369 2960 oolla-

346 2986 470 3072 ‘gium’
485 2985 671 3051 reiecerunt.
720 2923 776 3052 Oi
788 2985 867 3052 haec
882 2987 1009 3052 decreta
1026 2986 1211 3052 maestiores
1226 2985 1368 3072 aliquanta

369 3095 443 3137 uam
462 3071 599 3136 Romam
614 3087 776 3150 venerant,
795 3071 876 3138 Cam
942 3095 977 3138 os
994 3072 1193 3138 dimiserunt.
1241 3071 1307 3136 Nec
1324 3069 1369 3130 iau

382 3158 506 3223 .Fulvii
521 3159 683 3224 saevitiam
698 3158 732 3222 iu
747 3179 824 3236 sese,
835 3181 868 3224 se
906 3159 1108 3246 iniquitatem
1117 3158 1216 3224 deum
1232 3172 1318 3244 atque
1330 3173 1368 3216 er·

345 3244 529 3310 sectabilem
544 3245 704 3310 fortunam
718 3267 808 3310 suam
822 3245 1017 3310 incusabant

279 3381 287 3398 .
389 3328 537 3395 Dimissis
551 3330 664 3396 Siculis
675 3330 923 3419 Campanisque,
935 3330 1078 3396 delectus
1088 3331 1225 3398 habitus.
1272 3327 1365 3411 Scripll

345 3415 463 3482 deiude
488 3417 641 3495 exercitu,
663 3418 704 3482 de
731 3419 889 3505 remigum
910 3417 1132 3506 supplemento
1158 3418 1212 3504 agi
1238 3427 1365 3502 ooepum

377 3625 391 3658 a
408 3612 586 3674 nauatam]
605 3611 673 3662 scE
689 3611 764 3674 petris
779 3612 853 3662 domo
885 3616 1105 3674 sequuntur,petet
1115 3610 1286 3671 Livium,dum
1295 3601 1364 3664 udlll

345 3688 389 3740 per
400 3674 498 3737 nuptias
510 3675 632 3724 exuunt.
885 3690 951 3739 supr.
965 3675 1002 3726 16.
1014 3675 1198 3724 multitudinem
1215 3675 1298 3724 civium
1312 3671 1364 3718 Cau·

378 3751 393 3797 3
409 3741 533 3786 Summam
548 3742 621 3788 edam
637 3755 723 3788 caurus
737 3741 852 3790 distinxe-
885 3754 1004 3802 pauonum
1025 3741 1208 3798 venumdatum,
1225 3735 1296 3799 magia
1307 3739 1363 3779 Μ

345 3802 418 3860 rant]
436 3803 536 3850 Sumam
555 3807 593 3850 est
614 3802 757 3860 multitudo,
774 3805 853 3864 turba,
886 3803 958 3862 disse,
969 3803 1028 3866 quid
1043 3803 1122 3852 facem
1136 3799 1362 3868 canturiensem

345 3868 466 3911 utaensus
472 3863 515 3922 sit3
529 3865 617 3926 reliqui
624 3866 755 3926 Campani,
761 3865 787 3914 in
794 3882 855 3928 quos
886 3882 959 3927 quam
974 3867 1032 3930 quid
1046 3867 1138 3916 fecerit.
1172 3866 1268 3927 Nempe
1282 3862 1318 3910 ille
1331 3871 1362 3904 us

345 3925 453 3986 singulm
475 3941 523 3976 non
544 3929 670 3982 decretum
691 3934 751 3988 erat,
770 3944 853 3978 secun·
887 3937 951 3980 serat
971 3931 1112 3993 Campanos
1130 3926 1267 3978 venundari.
1299 3927 1362 3992 Alfi

345 3989 406 4037 dum
433 4004 520 4038 census
546 3991 626 4052 puniti
653 3997 716 4041 sunt.
745 3991 853 4043 Ennmr.
886 3995 912 4043 in
929 3995 976 4042 hoc
993 4001 1091 4056 tempus
1105 3999 1222 4052 exnacts,
1232 3994 1361 4059 senrtbuetnt

345 4053 462 4103 Ceterum
473 4052 734 4104 aliidr'stlnaeeruatad
746 4057 854 4106 nomina
887 4059 1040 4107 decretorum
1059 4059 1212 4107 severitatem
1228 4057 1273 4104 hac
1288 4050 1360 4114 qulffl

344 4117 423 4166 tivum
442 4123 565 4166 smum
583 4119 698 4178 relerunt,
714 4120 778 4170 inter
793 4136 854 4183 quos
886 4121 911 4169 in
923 4127 992 4183 purte
1003 4121 1131 4185 mitigavit
1147 4122 1226 4171 esar.

345 4179 452 4230 Crevier.
464 4185 490 4228 et
502 4179 616 4244 Raschig.
628 4183 772 4232 numerandi
783 4189 847 4234 sunt.
923 4197 937 4246 5
958 4188 1086 4236 Parareal
1105 4183 1260 4242 haberentue]
1286 4178 1359 4234 Νῶϊ*

378 4259 393 4302 4
405 4245 541 4306 Campano-r
551 4260 632 4294 omma
644 4280 651 4294 .
663 4281 669 4294 .
682 4282 688 4295 .
700 4249 855 4304 liberarem,
887 4263 970 4310 ugrum
982 4250 1159 4300 aedificiumve.
1176 4249 1256 4297 Dour.

344 4308 482 4367 lucremur]
502 4307 542 4354 Ex
557 4307 692 4368 hieremia,
707 4315 733 4358 et
749 4307 854 4370 linquae
