2878 4772
314 196 379 260 446
699 190 816 260 ΤῙΤΙ
846 189 981 258 LIVII

159 341 235 392 tac.
252 335 531 406 547.‘crcscentem
558 329 593 392 in
618 327 686 394 dies
711 328 843 416 gloriam
870 328 1030 395 fortissimi
1057 330 1213 396 consulis.
1263 331 1296 395 A
1315 350 1373 418 qur

158 408 191 458 A.
207 408 237 458 ⁰·
253 415 516 502 ²0⁵·‘suspicione
539 415 567 480 si
590 438 641 480 me
665 437 774 515 neque
798 416 864 480 vita
886 428 957 516 acta
979 429 1014 480 et
1036 439 1145 482 mores
1168 417 1251 494 mei,
1273 440 1372 518 neque

318 502 496 567 ‘dictatura
520 523 593 567 cum
618 521 763 589 qumque
787 502 1012 580 consulaubus,
1036 515 1238 603 tantumque
1263 503 1372 591 gloriae

318 587 414 654 ‘belli
436 586 587 675 domique
731 587 882 667 vindicat,
905 601 941 654 ut
961 610 1020 676 pro
1043 589 1094 654 ius
1115 590 1292 655 fastidium
1313 592 1372 654 ciis

319 675 409 751 ‘sim,
425 697 521 760 quam
537 599 728 740 desilirliia
738 699 748 752 ;
771 688 858 740 aetas
876 675 1025 740 saltemli
1067 688 1127 742 ret.
1179 675 1281 751 Quae
1295 678 1372 750 enin

320 760 420 826 ‘mihi
442 759 613 826 aemulatio
634 783 708 825 cum
730 784 770 826 eo
791 784 859 826 esse
880 775 995 849 potest,
1011 762 1068 848 qui
1087 783 1133 826 ne
1154 761 1230 827 filio
1250 763 1371 850 quidem

321 855 413 912 ‘meo
436 846 576 932 aequalis
597 847 660 912 sit?
705 846 764 912 Me
779 847 976 924 dictatorem,
991 870 1093 935 quum
1108 849 1264 936 vigerem
1278 850 1371 913 sdboe

320 941 331 971 ‘
341 933 470 1011 viribus,
485 946 519 998 et
532 933 567 998 in
581 955 676 998 cursu
690 934 899 998 maximarum
918 957 1025 998 rerum
1042 957 1159 1012 essem,
1176 949 1372 1001 recusantem

321 1026 437 1084 ‘nemo
459 1031 515 1084 aut
536 1020 570 1084 in
591 1033 714 1098 senam,
730 1035 785 1084 aut
805 1019 846 1084 ad
866 1019 1020 1108 populum
1035 1021 1173 1098 audivit,
1193 1044 1264 1109 quo
1278 1023 1372 1086 minsa

321 1105 510 1170 ‘insectanti
535 1128 586 1171 me
613 1107 762 1194 magistro
788 1108 943 1193 equiturn,
967 1107 1055 1194 quod
1080 1107 1187 1172 fando
1215 1129 1373 1196 nunquan

322 1199 416 1256 ‘ante
432 1191 575 1258 auditum
591 1205 669 1271 erat,
684 1193 854 1280 imperium
869 1215 994 1258 mecum
1009 1207 1221 1280 aequaretur.
1262 1195 1373 1270 Rebus,

323 1285 440 1365 ‘quam
455 1278 568 1356 verbis,
583 1279 708 1366 assequi
730 1279 838 1358 malui,
853 1292 899 1356 ιιι,
913 1280 972 1367 qui
992 1279 1128 1344 alionum
1153 1281 1284 1346 iudicio
1306 1281 1373 1345 nubi

323 1372 542 1452 ‘comparatus
557 1377 633 1442 erat,
649 1389 707 1431 sua
720 1387 795 1431 mox
813 1365 1007 1432 confessione
1028 1389 1081 1432 me
1101 1367 1166 1431 sibi
1186 1367 1389 1456 praeferrens

323 1451 463 1516 ‘nedum
484 1474 555 1539 ago,
570 1451 756 1540 perfunctus
776 1452 960 1529 honoribus,
975 1453 1154 1518 certamina
1177 1454 1265 1519 mihi
1287 1469 1374 1541 atque

323 1537 571 1603 ‘aemulationes
596 1561 670 1603 cum
695 1538 895 1604 adolescente
924 1539 1150 1604 florentissImo
1181 1563 1372 1628 proponam:

323 1621 492 1688 ‘videlicet
513 1638 550 1689 ιιι
572 1625 650 1690 mihi
672 1625 736 1690 iam
750 1625 897 1703 vivendo,
912 1648 977 1690 non
995 1625 1098 1690 solum
1113 1627 1220 1691 rebus
1234 1627 1375 1714 gerendis

267 1769 270 1774 .
323 1708 434 1787 ‘fesso,
453 1711 480 1774 si
501 1710 577 1775 huic
598 1725 714 1798 negata
734 1711 840 1790 fuerit,
858 1712 967 1777 Africa
986 1712 1154 1798 pruvincia
1176 1713 1373 1778 deoemamr.

323 1794 433 1860 ‘Cum
455 1819 494 1862 ea
514 1797 623 1884 gloria,
639 1821 720 1885 quae
742 1809 833 1886 parta
853 1812 912 1876 est,
926 1798 1098 1862 vivendum
1116 1811 1224 1885 atque
1246 1802 1375 1864 morien·

324 1889 336 1920 ‘
344 1882 423 1947 dnm
438 1895 494 1948 est.
540 1882 678 1949 Vincere
698 1907 759 1972 ego
777 1885 927 1972 prohibui
945 1881 1177 1963 Hannibalem,
1193 1901 1272 1951 uta
1285 1888 1374 1960 robis,

257 2018 265 2034 .
325 1977 481 2057 ‘quorum
496 1970 605 2058 vigent
626 1994 713 2036 nunc
732 1971 823 2049 vires,
844 1972 941 2036 etiam
958 1971 1043 2034 vinci
1067 1986 1188 2058 posset.
1241 1971 1327 2036 Illud
1349 1987 1374 2036 tc

324 2063 335 2094 ‘
345 2056 426 2120 mihi
445 2057 617 2143 ignoscere,
634 2057 671 2121 P.
687 2057 828 2135 Corneli,
843 2080 982 2144 aequum
1002 2058 1072 2134 erit,
1089 2058 1126 2134 si,
1144 2081 1255 2145 quum
1275 2061 1311 2124 in
1330 2082 1374 2122 ure

324 2143 414 2230 ‘ipso
439 2165 604 2244 nunquam
627 2143 726 2231 pluris
747 2145 864 2208 famam
887 2143 1063 2222 hominum,
1079 2167 1181 2230 quam
1205 2145 1375 2234 rempubli-

324 2229 576 2308 ‘cam,fecer1m,
589 2253 630 2294 ne
643 2243 730 2296 tuam
746 2230 877 2330 quidem
890 2230 1022 2380 ploriam
1036 2231 1123 2296 bono
1138 2231 1282 2333 publico
1294 2253 1375 2320 prar—

324 2323 485 2467 illut.
499 2316 1373 2491 ..lingulislli‘lilussiolllussullebtilj,il

325 2496 379 2553 ‘te
401 2489 435 2552 in
454 2487 549 2554 Italia
566 2491 726 2569 retineret,
742 2491 800 2556 etsi
822 2489 857 2555 id
879 2491 963 2556 bono
984 2489 1113 2577 publico
1134 2489 1273 2568 faceret,
1288 2491 1373 2558 simul

324 2582 417 2638 ‘cum
439 2575 524 2640 bello
543 2576 707 2642 materiam
726 2576 844 2662 gloriae
859 2589 933 2641 tuae
947 2577 1007 2640 isse
1023 2587 1172 2662 ereptum
1187 2577 1297 2643 rideri
1311 2599 1375 2664 pus·

325 2668 402 2725 ‘set
446 2661 556 2736 Quum
571 2685 647 2728 vero
663 2662 826 2728 Hannibal
840 2663 939 2727 hostis
952 2661 1106 2727 incolumi
1119 2665 1277 2729 exercitu
1289 2686 1376 2752 quar·

325 2754 415 2811 ‘tum
436 2745 597 2812 decimum
621 2771 740 2814 annum
765 2747 891 2814 Italiam
913 2747 1065 2826 obsideat,
1080 2750 1272 2836 poenitebit
1285 2764 1327 2826 te,
1341 2749 1371 2813 P.

325 2833 489 2910 ‘Corneli
504 2834 622 2921 gloriae
638 2848 721 2913 tuae,
737 2836 763 2902 si
778 2836 902 2900 hostem
915 2857 1001 2912 eum,
1038 2836 1072 2899 ui
1087 2847 1136 2900 tot
1149 2835 1320 2914 funerum,
1334 2850 1374 2900 tot

326 2919 486 2985 ‘cladium
508 2922 599 2986 nobis
623 2944 728 3010 causa'
738 2921 808 2999 fuit,
832 2936 867 2987 tn
890 2921 1001 2986 consul
1015 2857 1116 2986 ltalia
1139 2923 1321 3010 expuleris,
1338 2939 1372 2996 et

326 3006 430 3071 ‘sicut
455 3028 554 3094 penes
579 3007 618 3072 C.
633 3007 798 3073 Lutatium
822 3008 933 3108 prioris
958 3008 1074 3073 Punici
1098 3011 1285 3095 perpetrati
1306 3009 1373 3075 balb

329 3093 461 3158 ‘titulus
474 3093 545 3172 fuit,
560 3094 604 3158 ita
618 3117 718 3181 penes
732 3107 763 3158 te
779 3095 874 3158 huius
887 3094 1005 3159 firerit?
1049 3091 1123 3158 Nisi
1138 3108 1199 3159 aut
1214 3095 1388 3161 Hamilcare

326 3177 523 3246 ‘Hannibali
546 3179 614 3244 dux
636 3195 684 3245 est
707 3179 941 3268 praeferendus,
962 3193 1018 3245 aut
1038 3179 1119 3244 illud
1140 3181 1274 3246 bellum
1297 3183 1374 3256 hue.

326 3274 403 3330 ‘aut
417 3266 549 3332 victoria
562 3265 618 3331 illa
631 3267 732 3331 maior
746 3267 932 3353 clariorque,
948 3289 1044 3353 quam
1064 3265 1155 3343 haec,
1172 3267 1295 3352 (modo
1307 3292 1378 3333 mn-

327 3351 460 3439 ίιὶιιςιι,
474 3365 511 3417 ut
525 3365 558 3418 te
578 3352 707 3418 consule
722 3353 901 3440 vincamus)
914 3351 1021 3418 futura
1039 3365 1095 3416 est.
1141 3353 1202 3418 Ab
1217 3354 1376 3443 Drepani*

326 3446 337 3477 ς
688 3439 696 3454 ⁸
849 3439 856 3454 ⁶
1175 3440 1182 3454 ⁸
1324 3443 1332 3456 ”
1384 3461 1393 3472 ι

326 3437 984 3611 ‹stlsllttlutllt.lt¹¹tfftb
997 3437 1390 3612 qiltimlirisslffi'

327 3611 447 3711 ‘magis
468 3625 600 3712 partam,
616 3634 713 3698 quam
734 3625 901 3713 speratam,
916 3612 1049 3713 gloriam
1070 3610 1292 3712 amplecteris,
1309 3613 1378 3713 His·

327 3696 1267 3871 .ιιιιιιιιιιιιιιιιιιιιι
1279 3701 1381 3852 ιιι.

326 3876 408 3947 ‘tur,
423 3891 520 3955 quam
535 3871 771 3957 contempsisse,
783 3871 838 3957 qui
854 3869 942 3935 aliud
957 3869 1077 3936 bellum
1092 3869 1259 3938 maluerit.
1297 3875 1380 3950 Quin

357 4091 372 4139 5
390 4076 551 4139 Comparate
576 4081 642 4140 erat]
671 4094 704 4127 sc.
724 4079 834 4140 Compar
865 4077 997 4128 dicaverat.

325 4141 412 4197 lactus,
423 4139 606 4200 comparatione
615 4148 742 4204 aequatus.
899 4153 913 4204 7
929 4145 1010 4204 Eryce
1023 4143 1172 4202 atroam]
1194 4145 1310 4210 Quippe
1322 4148 1347 4196 in
1358 4163 1381 4196 aa

357 4202 373 4252 6
389 4204 532 4263 Hamilcar]
552 4203 610 4259 Quo
625 4207 724 4253 tandem
741 4207 773 4254 ad
790 4207 831 4254 de-
863 4210 948 4254 monte
958 4205 1007 4255 vim
1018 4212 1132 4268 artesque
1143 4207 1330 4260 Romanorum
1345 4225 1382 4273 per

326 4265 442 4314 ditionem
451 4267 698 4328 compulso‚consecti
706 4268 832 4330 primiPu·
864 4270 1063 4319 duoscontinuoa
1072 4271 1380 4324 annoseluaerafflmil

326 4327 377 4400 uici
393 4328 451 4376 belli
468 4329 569 4392 gloriam
588 4330 633 4379 sibi
650 4330 765 4380 Lutatius
782 4332 832 4380 vin-
866 4347 913 4382 car.
