2966 4778
384 191 444 252 iao
771 187 885 254 ΤΙΤΙ
917 186 1051 253 LIVII

223 334 257 384 υ.
268 336 298 385 0.
314 333 369 399 53⁶·
377 321 476 388 favori
496 321 697 388 conciliando
718 335 809 388 esset.
856 322 925 387 Iam
940 345 1015 388 vero
1037 321 1118 386 nihil
1133 323 1168 386 in
1188 334 1303 386 senatu
1323 335 1417 386 actum

222 399 252 448 A.
269 401 299 450 ⁰·
315 399 369 451 ²¹⁶·
379 409 479 486 aliter,
496 433 592 498 quam
614 411 640 474 si
660 409 762 497 plebis
783 410 827 474 ibi
850 421 932 474 esset
953 409 1132 473 concilium.
1178 408 1288 472 Prona
1308 429 1419 494 semper

378 496 489 560 civitas
521 496 554 560 in
587 495 756 573 luxuriam,
793 517 857 560 non
891 495 1093 580 ingeniorum
1127 494 1222 559 modo
1251 495 1342 570 vitio,
1369 492 1417 556 sed

378 581 520 646 affluenti
538 581 630 669 copia
642 581 863 668 voluptatium,
878 593 912 645 et
931 580 1088 646 illecebris
1108 581 1211 645 omnis
1227 580 1417 645 amoenitatis

379 667 555 732 maritimae
575 668 812 755 terrestrisque;
836 680 904 732 tum
919 689 995 732 vero
1015 668 1061 731 ita
1080 667 1232 753 obsequio
1247 667 1417 766 principum

379 765 413 817 et
434 752 565 818 licentia
586 753 691 842 plebei
713 753 865 831 lascivire,
880 765 918 818 ut
938 775 999 818 nec
1020 751 1147 818 libidini
1168 775 1229 816 nee
1251 752 1418 838 sumptibus

379 839 493 904 modus
532 853 621 905 esset.
683 839 739 904 Ad
775 851 901 904 contem
926 851 994 903 tuin
1030 839 1148 926 legum,
1177 839 1417 924 magistratuum,

380 937 517 1003 senatus,
540 927 671 991 accessit
693 937 771 1004 tum,
852 939 865 990 t
919 947 1093 990 atinensem
1114 923 1249 1002 cladem,
1272 935 1320 1000 ut,
1341 924 1417 988 cuius

379 1011 486 1098 aliqua
495 1026 562 1078 erat
572 1011 773 1089 verecundia,
788 949 969 1076 dinanum
978 1034 1107 1098 quoque
1119 1010 1291 1098 imperium
1304 1032 1417 1097 spema-

379 1111 459 1162 rent.
505 1098 545 1164 Id
560 1099 656 1164 modo
671 1111 739 1164 erat
753 1098 786 1162 in
802 1119 898 1176 mora,
910 1120 951 1161 ne
967 1097 1128 1184 externplo
1142 1095 1332 1173 delicerent,
1343 1093 1416 1182 quod

380 1184 577 1249 connubium
589 1197 748 1250 vetustum
763 1186 878 1250 multas
891 1184 1025 1248 familias
1033 1182 1133 1248 claras
1147 1205 1184 1248 ae
1199 1196 1348 1270 potentes
1363 1181 1417 1245 Ro

381 1270 482 1334 manis
504 1271 689 1336 miscuerat:
713 1285 747 1336 et
766 1271 863 1372 quod,
884 1293 983 1357 quum
1007 1269 1181 1334 militarent
1199 1268 1325 1368 aliquot
1345 1265 1416 1354 apud

382 1354 554 1434 Romanos,
571 1357 744 1422 maximum
758 1357 921 1422 vinculum
935 1369 1027 1421 erant
1041 1355 1175 1420 trecenti
1191 1369 1329 1442 equites,
1341 1353 1416 1418 nobi·

379 1440 516 1508 lissimus
531 1444 665 1531 quisque
689 1443 935 1530 Campanorum,
951 1444 984 1506 in
1002 1441 1160 1530 praesidia
1183 1440 1362 1506 Sicularum
1375 1461 1416 1503 ui·

379 1528 467 1592 bium
482 1529 598 1595 delecti
613 1532 652 1596 ab
669 1530 822 1595 Romanis
837 1553 873 1595 ac
889 1529 983 1595 missi.

281 1611 311 1673 5.
423 1613 550 1680 Horum
569 1629 716 1703 parentes
730 1617 920 1704 cognatique
935 1639 1028 1704 aegre
1089 1617 1261 1692 micarunt,
1278 1628 1316 1680 ut
1335 1612 1415 1699 legati

118 1765 123 1778 ,
221 1695 308 1758 ¹³²8ssst
380 1699 595 1766 adconsulem
606 1701 787 1768 Romanuin
800 1703 1008 1767 mitterentur.
1045 1639 1238 1779 lilonicum
1251 1699 1414 1766 Canusium

220 1761 359 1872 fuffin*
378 1786 565 1872 profectum,
581 1789 639 1852 sed
654 1789 814 1854 Venusiae
834 1811 908 1853 cum
928 1789 1037 1876 paucis
1057 1811 1093 1852 ac
1113 1789 1336 1853 semiermibus
1354 1807 1415 1849 con·

221 1888 278 1938 eoa
288 1889 362 1940 Rom.
378 1872 479 1937 sulem
495 1874 694 1953 invenerunt,
711 1898 807 1961 quam
821 1887 945 1962 poterat
959 1875 1096 1940 maxime
1108 1874 1324 1940 miserabilem
1338 1871 1414 1937 bonis

379 1959 489 2037 sociis3
512 1961 658 2050 superbis
679 1973 774 2049 atque
789 1961 980 2039 infidelibus
996 1973 1032 2025 ut
1046 1973 1136 2026 erant
1157 1960 1329 2048 Campani,
1343 1977 1415 2045 sper·

378 2046 530 2112 nendum.
579 2047 622 2112 Et
633 2049 723 2113 auxit
736 2070 842 2112 rerum
853 2070 980 2112 suarum
995 2048 1043 2112 sui
1068 2070 1108 2111 ue
1120 2059 1342 2134 contemptum
1353 2065 1414 2108 con·

378 2131 428 2195 sul
453 2133 548 2198 nimis
577 2133 758 2221 detegendo
787 2133 910 2198 cladem
939 2071 1071 2198 nudand
1113 2156 1164 2198 ue.
1210 2131 1302 2197 Nam
1351 2151 1413 2195 uum

379 2216 485 2305 legati,
495 2241 588 2308 aegre
599 2220 680 2286 ferre
690 2232 835 2285 senatum
849 2219 1068 2308 populumque
1111 2241 1296 2306 ampanum,
1349 2214 1414 2280 versi

379 2306 551 2393 quicquam
570 2307 711 2372 evenisse
733 2306 896 2384 Romanis,
912 2306 1121 2383 nuntiassent,
1136 2304 1412 2392 pollicerenturque

322 2428 331 2439 -
378 2391 495 2467 omnia,
530 2392 641 2456 uaead
655 2391 775 2456 bellum
784 2414 864 2479 opus
875 2405 998 2466 essent3
1022 2389 1170 2455 ‘Morem
1179 2388 1413 2478 magis’inquit,

379 2475 518 2562 ‘loquen
541 2477 552 2540 i
576 2499 649 2540 cum
675 2477 768 2541 sociis
789 2477 944 2554 servastis,
971 2475 1139 2563 Campani,
1163 2477 1412 2561 iubentesque

380 2568 478 2649 ‘opus
500 2574 606 2627 essent
627 2561 667 2626 ad
689 2561 819 2641 bellum,
834 2563 1000 2650 imperare,
1019 2585 1115 2648 quam
1137 2563 1364 2628 convenienter
1382 2557 1413 2622 ad

380 2655 599 2734 ‘praesentem
621 2649 765 2713 fortunae
791 2662 917 2713 nostrae
941 2661 1058 2713 statum
1083 2647 1182 2713 locuti
1205 2648 1291 2714 estis
1339 2643 1413 2722 Quid

379 2733 483 2796 ‘enim
499 2733 591 2798 nobis
605 2734 647 2798 ad
658 2733 787 2799 Cannas
801 2734 947 2800 relictum
962 2747 1019 2812 est,
1029 2747 1076 2812 ut,
1088 2735 1179 2822 quasi
1194 2734 1236 2799 ali
1258 2735 1319 2800 uid
1332 2733 1412 2798 habe·

380 2825 496 2896 ‘amus‚
512 2818 556 2897 id,
573 2819 661 2907 quod
674 2819 774 2898 deest,
789 2821 911 2908 expleri
932 2821 972 2886 ab
993 2820 1085 2886 sociis
1100 2757 1259 2886 velimusl
1299 2819 1412 2887 Pedites

379 2907 487 2970 ‘vobis
506 2905 707 3006 imperemus,
723 2920 874 2994 tanquam
890 2908 1014 2995 equites
1033 2907 1228 2972 habeamus?
1250 2905 1411 2973 Pecuniam

379 2990 508 3058 ‘deesse
523 2992 674 3070 dicamus,
687 3005 838 3081 tanquam
853 3017 892 3059 ea
906 3005 1030 3058 tantum
1041 2993 1149 3058 desit?
1171 2993 1275 3070 Nihil,
1286 3017 1328 3058 ne
1339 2986 1410 3080 quod

380 3075 618 3178 ‘suppleremus
640 3079 781 3166 quidem,
803 3080 896 3144 nobis
916 3079 1046 3167 reliquit
1066 3079 1201 3145 fortuna.
1256 3079 1410 3168 Legiones,

379 3172 568 3251 ‘equitatus
584 3189 680 3243 arma,
696 3167 795 3254 signa,
811 3166 887 3252 equi
906 3167 1040 3252 virique,
1059 3166 1205 3252 pecunia,
1221 3177 1409 3234 commeatus,

379 3251 502 3316 ‘autin
516 3252 593 3331 acie,
609 3265 665 3317 aut
679 3253 762 3318 binis
782 3265 907 3340 postero
921 3251 974 3317 die
990 3253 1110 3316 amissis
1128 3253 1236 3318 cestiis
1253 3253 1408 3339 perieniut

379 3336 514 3424 ‘Itaque
536 3359 602 3403 non
626 3339 740 3404 iuvetis
764 3361 823 3404 nos
848 3337 883 3402 in
906 3337 990 3404 bello
1019 3361 1040 3403 o
1083 3350 1153 3416 rtet,
1179 3337 1347 3426 Campani,
1366 3329 1409 3400 sed

379 3432 501 3510 ‘paene
510 3423 629 3489 bellum
641 3447 699 3512 pro
714 3426 806 3490 nobis
820 3423 1003 3512 suscipiatis
1082 3425 1212 3490 eniatin
1226 3437 1373 3498 mentem,
1383 3429 1408 3482 ut

379 3507 540 3596 ‘trepidos
555 3511 717 3611 quondam
732 3512 866 3577 maiores
874 3523 993 3576 vestros
1008 3510 1092 3575 intra
1102 3509 1409 3599 moeniacompulsosi

379 3604 389 3635 ‘
398 3617 458 3660 nec
469 3595 644 3662 Samnitem
654 3597 750 3661 modo
759 3597 891 3674 hostem,
902 3595 957 3661 sed
968 3596 1064 3662 etiam
1076 3595 1253 3662 Sidicinum
1263 3605 1408 3685 paverim

379 3691 542 3769 ‘receptos
555 3684 589 3746 in
605 3682 702 3748 fidem
718 3683 803 3769 apud
820 3681 991 3748 Saticulam
1006 3682 1252 3761 defenderimus,
1261 3689 1423 3770 coeptio-i

378 3925 421 3990 qui
447 3928 644 4040 magismpopulo
670 3934 787 3990 acceptus
813 3934 883 3978 esset
916 3929 1029 3979 nuntiare
1047 3934 1076 3978 ut
1093 3945 1123 3980 aa
1140 3943 1196 3993 pais
1210 3929 1325 3980 vinceret
1343 3925 1408 3977 ets

379 3991 472 4040 Contra
498 3991 522 4038 D
568 3991 713 4040 enborcliins
739 3993 885 4053 expositioni
917 3993 984 4043 Gell.
993 4011 1015 4044 r.
1026 4009 1062 4044 io.
1073 3993 1126 4044 Cic.
1138 4009 1182 4057 pro
1192 3995 1265 4045 soie
1276 3994 1293 4044 i.
1310 3995 1374 4055 supi.
1382 3988 1407 4036 i1·

379 4053 552 4104 Gronovianas
567 4055 751 4105 adhaerendum
764 4061 843 4118 putat
854 4071 887 4107 sc.
923 4058 959 4107 18.
972 4057 1078 4106 Brisson.
1091 4057 1151 4107 Lex.
1165 4059 1241 4107 Iurid.
1253 4072 1275 4108 v.
1291 4061 1358 4107 Dm
1366 4055 1407 4102 π’*

378 4117 521 4168 iudicabis
532 4119 888 4182 accipiendumeasetariquam
918 4123 1022 4185 pliciter.

378 4185 400 4230 cl
416 4184 507 4232 iudices
522 4183 887 4243 momettttmdmmaii·
950 4199 966 4248 9
982 4187 1060 4248 Apud
1079 4187 1215 4235 &seiam
1232 4177 1406 4246 dommum]

379 4247 434 4293 dom
448 4262 511 4305 eom,
521 4257 554 4294 sc.
570 4251 674 4308 partam,
684 4261 748 4310 quae
757 4246 835 4309 magii
845 4262 887 4309 po-
920 4247 978 4296 Hoc
989 4253 1112 4299 mmmm
1124 4255 1162 4298 est
1172 4263 1237 4312 supr.
1249 4248 1288 4298 rii.
1301 4241 1391 4310 34—36·

379 4308 619 4371 palatineasQliae.
631 4311 666 4360 ita
676 4309 822 4361 sententiam
834 4325 887 4372 pro·
1448 4333 1449 4338 ¹
