2966 4778
363 175 423 238 toa
746 169 860 236 'l'ITI
889 169 1025 236 LIVII

203 320 237 372 u.
247 320 278 371 0.
297 331 351 384 537.
361 307 511 372 dentibus
521 305 694 394 plurimum
703 306 799 370 simul
807 307 915 393 ignem
925 306 1140 372 coniecerunt
1173 306 1250 381 Quo
1262 301 1418 368 incendio

203 386 352 510 2535*
361 392 486 480 trepida
499 404 690 456 armatorum
706 391 877 458 multitudo
892 415 993 478 quum
1007 393 1048 458 de
1066 405 1153 458 turre
1167 414 1236 456 sese
1256 388 1418 477 praecipi·
1467 441 1468 450 η

204 511 319 562 dmm
362 491 452 556 taret,
468 477 593 577 eruptio
608 499 650 542 ex
670 477 788 578 oppido
805 478 900 542 simul
914 479 1037 544 duabus
1053 479 1153 566 portis
1169 478 1325 542 stationes
1341 475 1418 538 bos-
1467 485 1468 528 t

362 565 443 630 tium
463 563 556 641 firdrt,
571 563 754 662 fugavitque
777 586 812 628 111
831 577 952 640 castra;
975 577 1066 629 uteo
1088 564 1140 630 die
1162 565 1301 639 obsesso,
1318 581 1415 648 quam
1467 619 1468 622 ,

362 649 530 727 obsidenti,
550 649 683 716 similior
703 663 785 714 esset
807 649 943 714 Poenus.
990 649 1045 714 Ad
1065 650 1151 716 mille
1172 648 1312 714 trecenti
1336 646 1416 710 Car·

362 735 609 823 thaginiensium
623 735 715 811 caesi,
728 747 761 800 et
775 735 1027 822 undesexaginta
1039 736 1105 800 vivi
1119 735 1222 822 capti3
1246 735 1317 821 qui,
1334 733 1417 796 circa

363 843 471 886 muros
482 835 515 886 et
528 822 563 885 in
578 821 764 886 stationibus
779 821 880 885 solute
895 845 932 885 ac
943 822 1142 908 negligenter
1156 833 1301 908 agentes,
1314 839 1416 905 quum

362 907 444 974 nihil
465 907 580 984 minus,
606 929 703 993 quam
726 907 937 993 eruptionem,
963 908 1151 983 timuissent,
1173 929 1216 971 ex
1241 905 1417 992 improviso

362 994 505 1081 oppreoei
518 993 652 1058 fuerant
700 991 874 1069 Gracchus,
887 993 1069 1079 priusquam
1080 1015 1113 1057 se
1129 992 1236 1056 hostes
1247 993 1289 1055 ab
1300 1013 1417 1089 repen·
1467 1071 1468 1076 ἵ

364 1082 432 1145 tino
447 1101 562 1166 pavore
574 1077 768 1164 colligerent,
780 1078 923 1165 receptui
934 1079 1061 1164 siguum
1075 1077 1174 1155 dedit,
1188 1100 1225 1142 ae
1240 1099 1318 1142 suos
1334 1089 1417 1139 intra
1467 1081 1468 1158 ,

364 1187 470 1229 muros
489 1165 617 1251 recepit
664 1162 796 1229 Postero
813 1162 865 1227 die
889 1162 1061 1241 Hannibal,
1077 1163 1196 1228 lactum
1216 1162 1365 1228 secunda
1384 1183 1416 1224 re
1467 1171 1468 1208 t

363 1249 527 1316 consulem
542 1251 625 1315 iusto
639 1249 759 1336 proelio
773 1263 859 1314 ratus
876 1263 1079 1326 certaturum,
1095 1250 1196 1314 aciem
1211 1249 1298 1312 inter
1313 1259 1418 1312 castra
1467 1233 1468 1303 l

205 1343 349 1418 citanda
362 1350 458 1424 atque
473 1337 585 1402 urbem
599 1336 757 1400 instruxit.
803 1338 955 1400 Ceterum
974 1349 1140 1424 postquam
1160 1334 1329 1399 neminem
1350 1356 1418 1396 mo-
1467 1331 1468 1398 l

205 1407 343 1522 ffiffikflm'
363 1424 429 1488 veri
449 1423 489 1487 ab
508 1421 600 1488 solita
619 1421 762 1486 custodia
781 1421 867 1486 urbis
884 1421 973 1498 vidit,
989 1444 1049 1486 nec
1066 1420 1223 1486 committi
1237 1419 1416 1506 quicquam
1467 1401 1468 1466 l

363 1509 548 1574 temerariae
564 1507 641 1593 spei,
657 1507 698 1572 ad
713 1507 820 1572 Tifata
833 1505 916 1572 redit
930 1507 1048 1572 infecta
1062 1530 1104 1572 re.

401 1595 528 1668 Quibus
537 1593 649 1658 diebus
660 1592 783 1658 Cumae
791 1592 941 1658 liberatae
949 1604 1025 1658 sunt
1034 1592 1209 1669 obsidione,
1219 1591 1338 1654 iisdem
1347 1589 1417 1654 die-

362 1681 422 1744 bus
431 1693 464 1744 et
472 1680 506 1742 in
516 1679 655 1744 Lucanis
664 1679 705 1743 ad
716 1678 932 1744 Grumentum
943 1679 994 1744 Ti
1008 1678 1223 1766 Sempronius,
1233 1677 1287 1740 cui
1296 1675 1417 1761 Longo

363 1786 540 1851 cognomen
568 1777 646 1841 erat,
676 1787 749 1828 cum
779 1763 940 1829 Hannone
970 1763 1081 1828 Poeno
1104 1785 1253 1850 prospere
1277 1778 1415 1848 pugnat

365 1849 410 1916 Su
434 1873 469 1914 ra
489 1848 554 1914 duo
577 1850 676 1916 millia
700 1849 838 1915 hostium
861 1849 987 1928 occidit,
1010 1863 1044 1914 et
1069 1850 1223 1914 ducentos
1247 1849 1417 1934 octoginta

362 1873 479 2002 miites
493 1935 616 2000 amisit:
640 1937 730 2023 signa
744 1936 894 2000 militaria
908 1935 948 2000 ad
964 1935 1173 2023 quadraginta
1193 1955 1296 1998 unum
1315 1934 1414 2020 oepit.

362 2021 478 2088 Pulsus
486 2023 603 2086 finibus
613 2021 754 2088 Lucanis
770 2020 889 2086 Hanno
901 2035 986 2087 retro
998 2023 1031 2085 in
1047 2021 1188 2084 Bruttios
1198 2042 1267 2084 sese
1279 2021 1414 2106 recepit.

363 2107 408 2172 Et
422 2132 462 2174 ex
478 2107 625 2196 Hirpinis
640 2107 758 2195 oppida
773 2107 841 2184 tria,
858 2129 939 2192 quac
955 2131 975 2171 a
987 2106 1106 2194 populo
1123 2107 1270 2172 Romano
1284 2105 1416 2171 defece·

360 2208 442 2272 rant,
465 2195 497 2259 vi
519 2216 590 2260 rece
614 2207 646 2259 ta
664 2215 724 2293 per
746 2191 794 2256 M.
808 2191 973 2257 Valerium
994 2205 1181 2279 praetorem,
1201 2190 1435 2268 Vercellirun,s

361 2277 567 2358 Vescellium,
586 2217 769 2346 dicilmum:
793 2290 827 2344 et
846 2291 991 2343 auctores
1009 2277 1195 2343 defectionis
1215 2278 1321 2341 securi
1343 2301 1416 2365 per·

360 2366 452 2430 cussi.
493 2365 596 2453 Supra
606 2364 692 2430 mille
707 2365 902 2452 captivorum
913 2365 972 2429 sub
983 2364 1074 2430 hasta
1083 2365 1267 2428 venierunt:
1291 2364 1416 2450 praeda

361 2449 423 2514 alia
437 2449 530 2514 militi
545 2473 703 2528 concessa,
718 2451 876 2516 exercitus
891 2450 1059 2515 Luceriam
1075 2450 1232 2514 reductus.

296 2571 304 2590 ·
406 2536 496 2601 Dum
511 2536 591 2602 haec
605 2535 639 2600 in
660 2535 799 2600 Lucanis
813 2548 909 2622 atque
924 2536 958 2598 in
974 2534 1121 2622 Hirpinis
1134 2547 1298 2622 genmtur,
1316 2537 1414 2622 quin·

361 2644 426 2708 que
451 2643 556 2698 naves,
586 2644 668 2707 quae
704 2619 921 2686 Macedonum
950 2635 1046 2708 atque
1082 2621 1265 2686 Poenorum
1300 2637 1413 2710 captos

359 2706 481 2793 legatos
501 2706 638 2770 Romam
658 2708 835 2792 portabant,
851 2706 891 2772 ab
905 2729 1020 2794 supero
1038 2707 1117 2771 mari
1132 2706 1174 2771 ad
1192 2707 1334 2771 inferum
1354 2710 1413 2774 cir-

359 2804 543 2858 cumvectae
554 2813 652 2879 prope
664 2813 792 2861 omnem
808 2791 918 2856 Italiae
929 2813 1027 2870 oram,
1040 2814 1139 2878 quum
1150 2805 1277 2878 praeter
1289 2791 1414 2858 Cumas

360 2878 438 2944 velis
460 2877 626 2954 ferrentur,
649 2899 691 2942 ne
714 2899 764 2955 ue,
788 2877 925 2943 hostium
952 2901 993 2942 an
1016 2879 1173 2942 sociorum
1195 2891 1313 2956 essent,
1338 2881 1413 2944 satis

359 2964 501 3042 sciretur,
513 2963 677 3029 Gracchus
688 2901 812 3028 ‹ilivirun
823 2985 864 3028 ex
874 2963 970 3028 classe
982 2985 1039 3028 sua
1047 2985 1142 3028 naves
1153 2963 1247 3029 misit
1297 2965 1411 3040 Quum

359 3048 598 3138 percunctando
619 3050 654 3113 in
676 3049 779 3116 vicem
800 3049 963 3135 cognitum
989 3062 1082 3127 esset,
1105 3049 1270 3114 consulem
1295 3049 1412 3116 Cumis

359 3157 445 3212 esse3
469 3158 565 3201 naves
587 3133 707 3200 Cumas
728 3134 888 3221 appulsae,
908 3135 1088 3235 captivique
1107 3135 1148 3198 ad
1163 3134 1333 3200 consulem
1357 3137 1411 3202 de·

202 3231 352 3310 tegauPhi·
359 3221 458 3299 ducti,
473 3236 507 3286 et
519 3222 628 3286 literae
643 3220 745 3289 datae·
792 3218 925 3298 Consul,
937 3219 1035 3286 literis
1049 3219 1191 3307 Philippi
1201 3233 1302 3306 atquc
1318 3220 1412 3286 Han·

203 3299 330 3413 111191)Ῐῇ
359 3307 473 3376 nibalis
491 3307 647 3394 perlectis,
663 3305 748 3371 cons'
815 3317 849 3372 ta
864 3307 971 3372 omnis
990 3306 1030 3371 ad
1050 3319 1196 3372 senatum
1213 3307 1333 3372 itinere
1349 3322 1410 3374 ter-

203 3376 352 3475 lfflmm
359 3393 451 3459 rostri
470 3394 576 3458 misit:
600 3393 733 3457 navibus
770 3391 862 3458 evehi
881 3390 1002 3478 legatos
1019 3392 1117 3458 iussit.
1164 3391 1279 3468 Quum
1294 3395 1409 3460 eodem

202 3489 333 3540 ducuntur·
357 3479 424 3546 fere
439 3478 492 3545 die
507 3477 617 3544 literae
637 3477 796 3564 legatique
818 3475 956 3542 Romam
970 3478 1138 3556 venissent,
1154 3489 1196 3555 et,
1217 3495 1410 3577 pereuncta-
1467 3487 1468 3492 ’

358 3567 446 3634 tione
467 3565 559 3643 facts,
581 3563 668 3630 dicta
688 3584 762 3628 cum
786 3562 910 3650 scriptis
934 3576 1155 3650 congruerent,
1177 3585 1284 3649 pruno
1305 3567 1411 3652 gravis

358 3674 435 3718 cura
462 3649 574 3716 Patres
603 3649 739 3726 incessit,
764 3661 939 3726 cernentes,
965 3661 1086 3736 quanta
1113 3650 1168 3716 vix
1197 3648 1410 3718 tolerantibrn

358 3735 518 3805 Punicum
532 3737 651 3800 bellum
672 3735 875 3800 Macedonici
889 3733 964 3800 belli
978 3734 1077 3800 moles
1091 3735 1230 3802 instaret
1280 3735 1351 3801 Cui
1366 3751 1410 3802 tu-

359 3843 434 3888 men
449 3823 530 3888 adeo
538 3843 604 3888 non
619 3822 863 3897 succubuerunt,
876 3833 911 3887 ut
926 3820 1089 3908 extemplo
1099 3821 1283 3906 agitaretur,
1296 3845 1410 3909 quem·

358 3905 530 3973 admodum
546 3906 629 3972 ultro
643 3906 808 3970 inferendo
822 3905 907 3970 bello
918 3917 1096 3972 averterent
1110 3905 1258 3972 abitalia
1271 3907 1408 3974 hostem.

394 4163 408 4211 5
435 4147 586 4206 Vercellium,
613 4130 760 4204 Vercellium,
783 4146 863 4194 seut·
896 4161 957 4208 quos
970 4145 1077 4196 Gronov.
1093 4147 1185 4198 Stroth.
1201 4153 1227 4196 et
1246 4148 1360 4202 Bekker.
1376 4167 1408 4200 rs

356 4228 433 4262 uum:
451 4218 474 4261 οι
488 4211 611 4272 aratores]
639 4208 714 4270 Vulg.
735 4209 864 4259 Vercelltar
896 4209 947 4257 cuti
963 4215 1028 4270 sunt,
1043 4210 1269 4273 lectionem,quam
1282 4213 1408 4277 Kreyn'g.

356 4275 502 4337 Stetlturque
513 4280 632 4332 auctura
640 4272 683 4320 sed
694 4271 782 4335 optimi
792 4272 863 4322 codd.
896 4271 980 4332 habet,
992 4288 1051 4334 pras
1061 4289 1087 4322 re
1098 4275 1186 4324 lemnt.
