2866 4770
351 239 448 306 LIB.
472 239 586 306 XXX
621 239 732 308 CAP.
760 246 808 308 13.
1042 248 1105 310 515

57 376 226 441 mererium
238 387 270 441 at
293 397 334 440 ue
346 376 516 464 impudens
527 390 689 442 mutuatur
699 377 875 443 consilium.
920 377 1191 466 NuptiasinU.c.
1207 404 1263 456 ⁵49·

35 481 131 534 7eum
145 462 249 563 ipsum
269 398 355 527 diem
376 475 508 550 repente
527 464 629 550 parari
644 464 742 541 iubet,
758 487 799 529 ne
815 465 894 552 quid
908 465 990 530 relin
1014 455 1144 568 ueretss·
1161 457 1191 530 ⁰:
1207 471 1262 520 203·

55 547 171 634 integri
193 562 249 613 aut
271 549 391 627 Laelio,
415 563 471 614 aut
491 550 551 636 ipsi
575 548 726 637 Scipioni,
750 551 937 616 consulendi
958 490 1047 617 velut
1069 527 1256 632 inuxqqetmeam

54 636 221 722 captivam,
261 657 319 700 uae
335 634 523 700 Masinissae
538 635 601 700 iam
615 658 661 700 nu
685 649 717 700 ta
730 636 819 701 foret
866 637 970 703 Factis
980 641 1249 727 nuptiisMrsintaa

53 721 237 807 supervenit
320 721 398 787 lius:
422 735 456 787 et
469 721 549 786 adeo
569 745 635 793 nou
674 722 857 788 ’uimulavit
875 723 1052 811 improbare
1067 749 1101 792 se

53 806 182 885 factum,
198 819 234 872 ut
248 808 352 895 primo
365 808 462 873 etiam
477 829 550 872 cum
565 807 709 897 Syphace
724 821 758 874 et
771 810 885 874 ceteris
899 811 1031 897 captivis
1045 812 1102 878 de·

53 907 184 959 tractam
200 916 270 958 earn
285 910 355 959 toro
369 893 487 982 geniali
502 893 626 959 mittere
647 893 688 959 ad
705 893 886 982 Scipionem
903 910 1035 962 conatus
1049 899 1098 965 sit.

52 979 167 1044 Victus
188 979 306 1044 deinde
332 981 478 1067 precibus
502 979 689 1050 Masinissae
715 981 842 1058 orantis,
866 995 903 1046 ut
924 983 1099 1062 arbitrium,

51 1067 154 1131 utrius
176 1088 286 1154 regum
307 1066 441 1132 duorum
464 1067 609 1132 fortunae
629 1067 766 1133 accessio
790 1066 989 1154 Sophonisba
1007 1085 1099 1149 esset,

51 1151 93 1216 ad
110 1152 162 1217 Sci
186 1152 292 1218 ionem
310 1153 473 1230 reiiceret3
496 1153 591 1218 misso
608 1151 754 1241 Syphace
774 1165 808 1218 et
822 1154 963 1242 captivis,
978 1167 1100 1221 ceteras

50 1239 145 1303 urbes
158 1176 340 1317 Mumidiae,
351 1262 432 1326 quae
443 1237 606 1326 praesidiis
614 1239 709 1326 regiis
718 1240 917 1319 tenebantur,
927 1241 1099 1308 adiuvante

50 1323 230 1403 Masinissa,
244 1325 366 1413 recipit.

95 1410 275 1499 Syphacem
287 1411 322 1476 in
336 1425 438 1480 castra
447 1411 573 1491 adduci,
586 1437 685 1501 quum
698 1429 780 1482 esset
790 1415 982 1496 nuntiatum,
994 1417 1098 1483 omnis
1158 1428 1206 1490 13.

48 1497 138 1563 velut
151 1497 193 1562 ad
207 1499 423 1586 spectaculum
437 1500 591 1587 triumphi
604 1500 776 1568 multitudo
787 1503 887 1570 effusa
901 1515 956 1568 est
1001 1504 1097 1570 Prae-
1106 1511 1208 1573 Syphax
1219 1511 1244 1562 in

49 1583 184 1650 cedebat
203 1585 270 1672 ipse
288 1585 431 1662 vinctus3
455 1587 646 1673 sequebatur
661 1611 739 1675 grex
760 1589 914 1654 nobilium
938 1577 1244 1689 Νιιωὶὼι-ΜὛ

47 1692 129 1736 rum.
176 1670 272 1749 Tum,
288 1685 444 1758 quantum
464 1674 599 1761 quisque
616 1673 789 1761 plurimum
805 1687 920 1762 posset,
936 1653 1211 1764 magnituffiim

47 1756 119 1821 dini
138 1756 300 1846 Syphacis,
321 1757 423 1824 famae
440 1760 554 1847 gentis,
574 1761 738 1826 victoriam
757 1783 848 1825 suam
867 1762 1023 1847 augendo,
1039 1762 1096 1827 ad·

46 1842 162 1908 debat:
188 1843 296 1907 ‘illum
311 1866 378 1908 esse
393 1867 428 1909 re
470 1867 511 1921 m,
527 1846 618 1910 cuius
636 1857 760 1910 tantum
781 1847 939 1911 maiestati
958 1848 1024 1912 duo
1035 1871 1096 1949 po-

48 1937 59 1967 ‘
68 1927 281 1993 tentissimiin
296 1929 386 1994 terris
397 1931 437 1994 tri
459 1931 565 1994 uerint
575 1930 695 2017 populi,
709 1931 875 1996 Romanus
891 1931 1096 2022 Carthagini·

49 2014 227 2101 ‘ensisque
243 2027 280 2079 ut
304 2012 411 2102 Scipio
428 2014 599 2102 imperator
617 2037 693 2080 suus
710 2016 751 2081 ad
771 2016 942 2082 amicitiam
956 2018 1024 2084 eius

49 2101 209 2178 ‘tendam
231 2099 342 2166 relicta
361 2101 525 2202 provincia
551 2100 708 2188 Hispania
732 2104 875 2168 exercitu
899 2127 949 2182 ue,
971 2043 1096 2176 duabri's

47 2187 353 2275 ‘quinqueremibus
367 2210 401 2256 m
418 2187 559 2255 Africam
574 2187 785 2274 navigaverit:
810 2187 845 2254 H
939 2191 1000 2270 bal,
1013 2192 1096 2258 Poe·

48 2281 181 2338 ‘norum
202 2274 382 2361 imperator,
398 2297 465 2340 non
478 2275 546 2374 ipse
566 2274 719 2339 modoad
736 2297 811 2340 eum
829 2275 865 2339 in
884 2297 1020 2363 regnum
1039 2303 1095 2344 ve-

47 2361 162 2437 ‘nerit
178 2359 234 2426 sed
249 2361 346 2426 etiam
360 2360 458 2425 filiam
472 2383 501 2426 er
514 2373 651 2448 nuptum
665 2360 799 2428 dederit.
846 2361 1005 2429 Habuisse
1018 2387 1093 2430 eum

47 2454 57 2485 ‘
65 2469 131 2511 uno
146 2459 289 2534 tempore
307 2448 342 2512 iu
356 2457 512 2534 potestate
532 2447 612 2512 duos
631 2446 846 2534 imperatores,
859 2447 1010 2514 'Poenum
1025 2450 1093 2516 Ro-

46 2541 269 2621 ‘manumque
326 2533 416 2599 Sicut
444 2533 483 2598 ab
513 2532 574 2599 diis
602 2533 833 2599 immortalibus
857 2557 929 2622 pars
958 2548 1093 2624 utraque

46 2618 178 2685 ‘hostiis
192 2620 367 2686 mactandis
386 2641 497 2707 pacem
512 2619 652 2708 petisset,
667 2621 712 2686 ita
726 2621 766 2686 ab
780 2643 819 2687 eo
834 2621 994 2708 utrimque
1009 2624 1093 2710 pari-

46 2713 117 2770 ‘ter
145 2706 317 2772 amicitiam
345 2706 487 2793 petitam.
533 2704 603 2770 Iam
632 2717 735 2773 tantas
763 2705 909 2773 habuisse
939 2730 1026 2796 opes,
1056 2724 1093 2774 ut

46 2790 269 2858 ‘Masinissam
283 2815 382 2881 regno
424 2792 529 2858 ulsum
549 2815 588 2858 eo
608 2792 776 2880 redegerit,
792 2806 829 2858 ut
847 2794 913 2860 vita
926 2795 995 2860 eius
1009 2796 1093 2861 fama

45 2879 174 2943 ‘mortis
195 2892 229 2944 et
245 2877 381 2958 latebris,
399 2815 536 2945 litatum
558 2878 655 2943 modo
676 2879 711 2944 in
731 2878 817 2943 silvis
837 2893 929 2966 rapto
947 2882 1091 2959 viventis,

45 2966 245 3052 ‘tegeretur’
289 2964 352 3030 His
363 2965 559 3031 sermonibus
567 2964 838 3028 circumstantium
848 2963 1023 3030 celebratus
1034 2989 1092 3031 rex

43 3049 79 3114 in
93 3051 287 3138 praetorium
302 3051 343 3116 ad
363 3050 546 3136 Scipionem
561 3060 609 3113 est
620 3047 804 3149 perductus.
850 3047 958 3113 Movit
970 3064 1004 3114 et
1021 3049 1090 3116 Sci·

43 3136 174 3224 pionem
182 3160 282 3224 quum
291 3137 419 3202 fortuna
428 3134 560 3236 pristina
570 3134 629 3200 vin
643 3135 802 3221 praesenti
810 3134 955 3200 fortunae
966 3135 1091 3215 collata,

44 3235 114 3287 tum
125 3223 302 3289 recordatio
312 3222 441 3310 hospitii
452 3221 647 3308 dextraeque
662 3221 765 3297 datae,
777 3232 810 3285 et
817 3219 953 3286 foederis
963 3222 1091 3309 publice

43 3331 80 3374 ac
100 3309 249 3397 privatim
268 3309 378 3374 iuncti.
425 3307 549 3373 Eadem
565 3306 645 3371 haec
662 3319 696 3372 et
718 3306 857 3395 Syphaci
877 3307 1018 3374 animum
1033 3309 1225 3388 decoroque

43 3394 162 3460 derunt
182 3396 216 3461 in
238 3395 430 3482 alloquendo
451 3395 578 3460 victore.
625 3391 712 3458 Nam
729 3415 830 3480 quum
854 3392 906 3462 Sci
930 3394 970 3473 io,
992 3397 1091 3483 ‘quid
1099 3392 1207 3466 tusum

44 3480 121 3546 ‘sibi
137 3481 306 3560 voluisset,'
317 3493 494 3569 quaereret,
507 3479 582 3566 ‘qui
597 3501 663 3546 non
677 3479 861 3546 societatem
876 3417 977 3546 solum
989 3483 1091 3548 abnu-
1100 3451 1222 3515 ⁸⁰¹⁹¹⁰¹¹⁰'

39 3574 55 3612 1‘
62 3568 139 3632 isset
168 3567 357 3646 Romanam,
382 3565 439 3633 sed
464 3565 548 3630 ultro
571 3564 691 3634 bellum
714 3565 905 3642 intulisset?
932 3579 1001 3632 turn
1024 3568 1089 3649 ille,

44 3661 208 3742 ‘peccasse
219 3653 352 3742 quidem
365 3675 433 3720 sese
443 3665 540 3740 atque
555 3649 726 3729 immisse?
736 3651 910 3731 fatebatur3
935 3653 1010 3720 ‘sed
1025 3676 1091 3721 uon

44 3748 134 3805 ‘tum
158 3741 298 3819 demum,
322 3763 423 3827 quum
448 3760 535 3804 arma
557 3737 706 3802 adversus
726 3737 881 3826 populum
906 3739 1090 3808 Romanum

19 3833 53 3904 θ’
64 3827 215 3927 cepisset:
239 3828 362 3895 exitum
373 3826 422 3891 sui
436 3825 549 3892 fauoris
557 3823 662 3902 fuisse,
671 3845 738 3892 non
770 3823 850 3894 rinei
872 3824 948 3894 ium.
994 3825 1090 3896 'lhrnc

43 3919 96 3977 ‘se
110 3913 273 3992 insanisse,
284 3925 361 3978 tunc
372 3911 510 3998 hospitia
517 3910 642 4062 privata
652 3922 685 3976 et
695 3847 827 4010 publica
852 3911 969 3980 oedera
982 3915 1090 3981 omnia

43 4007 105 4064 ‘ex
120 4000 227 4067 animo
244 3999 383 4076 eiecisse,
400 4019 501 4089 quum
533 3995 815 4087 *aamgimensem
834 4010 1011 4068 matronam
1031 3998 1089 4067 do·

75 4189 145 4248 7Ns
192 4188 198 4202 '
225 4181 487 4250 relinquerettoteprt]
507 4183 549 4232 Na
581 4197 645 4242 eam,
664 4197 728 4246 quae
749 4181 894 4233 Masiulms
916 4188 996 4245 nupta
1018 4183 1089 4237 forat.

41 4255 85 4324 aut
102 4251 152 4300 Lae
171 4266 209 4311 ua,
223 4255 267 4324 aut
282 4251 335 4326 ipse
351 4248 435 4312 Scipio
450 4252 550 4322 possent
580 4248 664 4336 Qasr.
884 4311 890 4324 Ι

41 4313 403 4439 mma,
417 4312 549 4441 „stall
581 4311 749 4424 alm
756 4307 915 4423 ttitstffll
935 4309 1090 4376 ‘lm'

832 4433 915 4499 1212
