2866 4770
319 203 383 263 488
703 194 815 262 ΤΙΤΙ
844 193 978 261 LIVII

166 349 200 398 U.
211 349 241 398 c.
258 349 313 412 548.
324 333 431 420 Scipio
454 332 531 409 dux,
554 333 669 420 partim
692 333 782 398 factis
803 332 946 409 fortibus,
969 331 1090 432 partim
1115 345 1236 418 suapte
1260 331 1370 396 fortnas

165 414 196 462 Λ·
212 413 243 462 ⁰·
260 427 314 475 ²⁰4
322 418 459 506 quadam
475 419 613 506 ingentis
630 419 671 484 ad
688 419 886 484 incrementa
901 418 1020 506 gloriae
1038 417 1241 495 celebratus,
1255 440 1370 482 eonver-

323 519 403 572 terat
418 505 559 570 animos:
584 504 726 570 simulet
743 528 833 570 mens
850 506 861 568 i
935 504 1130 581 traiciendi,
1148 505 1237 568 nulli
1255 519 1323 568 ante
1339 527 1368 568 ee

322 591 405 656 bello
427 592 501 656 duci
524 605 653 669 tentata
669 591 757 679 quod
779 592 821 656 ad
875 590 1055 656 annibalem
1075 591 1321 656 detrahendum
1337 613 1368 654 ex

323 678 424 756 Italia,
440 677 756 765 transferendumque
772 691 806 742 et
819 677 996 742 finiendum
1015 677 1050 740 in
1067 677 1194 741 Africa
1207 677 1331 752 bellum,
1343 699 1368 740 se

324 765 454 829 transire
472 763 662 852 vulgaverat.
709 767 921 830 Concurrerat
942 764 984 828 ad
1004 763 1240 850 spectaculum
1263 765 1296 827 in
1312 785 1368 850 por·
1425 827 1426 832 ,

323 863 392 915 tum
418 851 521 914 omnis
550 851 651 927 turba,
679 872 744 914 non
773 850 983 914 habitantium
1012 848 1117 914 modo
1143 849 1308 938 Lilybaei,
1326 848 1369 912 sed

322 936 516 1024 legationum
532 937 674 1002 omnium
689 958 731 1000 ex
751 934 877 1001 Sicilia:
902 959 983 1023 quae
1002 949 1037 1000 et
1053 936 1099 1000 ad
1119 936 1368 1024 prosequendum

326 1023 507 1110 Scipionem
526 1023 620 1088 officii
640 1045 735 1087 eausa
753 1034 975 1099 convenerant,
990 1036 1025 1086 et
1044 1035 1240 1109 praetorem
1263 1022 1368 1109 protin-

323 1109 390 1173 cine
415 1108 463 1172 M.
480 1109 694 1208 Pomponium
720 1123 845 1173 secutae
869 1108 1001 1172 fererant.
1049 1108 1110 1172 Ad
1138 1109 1211 1174 hoc
1237 1109 1368 1196 legiones

323 1217 404 1280 quae
426 1195 458 1258 in
482 1193 589 1259 Sicilia
610 1194 878 1280 relinquebantur,
897 1193 938 1258 ad
957 1195 1215 1280 prosequendos
1235 1194 1370 1260 commili-

324 1294 414 1345 tones
438 1293 681 1380 processerant:
705 1303 765 1345 nec
790 1279 896 1380 classis
924 1280 1020 1342 modo
1049 1283 1369 1431 pmffimfibm

214 1455 265 1516 2⁷.
324 1365 1371 1551 &trattbtttttmutttftsstffstssttt“taem

165 1536 287 1610 Scipionis
323 1537 450 1603 silentio
479 1561 537 1626 per
568 1561 757 1626 praeconem
786 1538 878 1615 facto,
917 1537 1018 1601 ‘Divi
1048 1537 1245 1626 divaeque,’
1275 1541 1370 1626 inquit,

166 1607 280 1662 piscano.
324 1626 443 1688 ‘maria
469 1639 629 1710 terrasque
656 1625 712 1711 qui
738 1624 850 1700 colitis,
875 1647 930 1688 vos
959 1645 1072 1710 precor
1097 1648 1306 1714 quaesoque,
1327 1626 1370 1700 uti,

324 1719 425 1796 ‘quae
450 1711 483 1773 in
506 1733 578 1774 meo
601 1711 734 1798 imperio
755 1723 844 1797 gesta
864 1723 947 1787 sunt,
992 1725 1141 1788 eruntur,
1169 1729 1311 1800 postque
1329 1736 1371 1798 ge·

325 1805 465 1874 ‘rentnr,
487 1819 525 1861 ca
545 1797 634 1873 mihi,
650 1795 773 1897 populo
794 1796 943 1896 plebique
964 1733 1147 1874 Romanae,
1166 1801 1269 1864 sociis
1288 1800 1371 1863 nomi·

324 1883 441 1970 ‘nique
461 1881 586 1960 Latino,
604 1907 659 1982 qm
679 1882 788 1970 populi
807 1883 954 1959 Romam,
971 1883 1093 1970 quique
1119 1907 1237 1949 meam
1260 1903 1370 1950 mmm

324 1969 522 2056 ‘imperium
538 1971 777 2056 auspiciumque
793 1983 885 2047 terra,
901 1969 988 2045 mari,
1005 1969 1234 2058 amnibusque
1250 1995 1371 2059 sequun-

325 2065 405 2131 ‘tur‚
434 2057 513 2119 bene
540 2070 749 2120 verruncent:
783 2078 884 2141 eaque
909 2079 964 2119 vos
988 2056 1099 2120 omnia
1126 2057 1221 2123 bene
1254 2059 1386 2123 iuvenes

324 2142 436 2206 ‘bonis
459 2143 603 2206 auctibus
625 2143 760 2205 auritis:
789 2141 889 2206 salvos
913 2141 1172 2291 incolumesque,
1200 2145 1296 2209 victis
1316 2167 1372 2231 per·
1428 2167 1429 2234 i

324 2227 502 2291 ‘duellibus
526 2228 670 2305 victores,
694 2227 801 2316 spoliis
825 2228 996 2305 decoratos
1019 2251 1096 2314 prae
1124 2252 1146 2291 a
1171 2245 1311 2296 onustos
1330 2230 1372 2292 tri-
1428 2247 1429 2256 ¹

323 2313 607 2400 ‘umphantesque,
638 2337 762 2378 meeum
793 2313 903 2378 domos
931 2313 1063 2378 reduces
1092 2315 1249 2382 sistatis:
1283 2317 1372 2380 inimi-

324 2408 451 2464 ‘eorum
475 2400 676 2486 hostiumque
701 2400 950 2464 ulciscendorum
976 2400 1101 2486 copiam
1126 2401 1267 2468 faxitis:
1291 2427 1372 2490 quae

324 2496 407 2573 ‘quc
428 2486 563 2574 populus
584 2486 855 2572 Carthaginiensis
877 2487 909 2549 in
928 2486 1087 2549 civitatem
1110 2503 1265 2553 nostram
1287 2491 1372 2554 faoerr

323 2573 471 2636 ‘molitus
493 2587 550 2650 est,
569 2595 607 2636 ea
630 2587 665 2636 nt
687 2573 765 2635 mihi
831 2571 968 2658 poloque
989 2572 1143 2638 Romano
1163 2575 1204 2638 in
1225 2577 1371 2641 civitaten

323 2656 657 2744 ‘Carthaginiensium
674 2682 766 2722 exem
802 2658 950 2722 sedendi
966 2657 1155 2723 facultatem
1172 2661 1287 2726 detis’
1329 2661 1372 2724 Se

321 2743 462 2806 cundum
487 2767 539 2807 eas
563 2767 672 2831 preces
696 2682 793 2809 erudi
816 2759 890 2808 exta
912 2744 1067 2819 victimae,
1092 2747 1143 2810 uti
1171 2770 1249 2812 mos
1273 2763 1329 2824 est,
1348 2748 1386 2814 int

322 2851 407 2893 mare
448 2832 564 2908 orricit,
582 2831 720 2916 tubaque
738 2831 863 2916 signum
878 2830 967 2893 dedit
983 2830 1230 2916 proficiscendi.
1281 2834 1371 2898 Vento

321 2852 462 2980 secundb
488 2917 667 2980 vehementi
698 2918 772 2980 satis
801 2915 943 3002 profecti,
973 2916 1122 2980 celeriter
1153 2941 1173 2982 e
1209 2939 1371 3008 conspectu

321 3014 421 3066 terrae
445 3001 539 3066 ablati
558 3015 651 3066 sunt:
676 3017 708 3066 et
727 3026 745 3066 a
763 3002 895 3065 meridie
918 3002 1034 3066 nebula
1051 3005 1196 3090 occepit,
1216 3009 1265 3071 ita
1285 3025 1317 3070 ut
1332 3007 1371 3067 v'n

321 3109 491 3153 concursus
506 3090 633 3152 navium
649 3089 732 3152 inter
747 3111 779 3152 se
795 3089 937 3152 vitarent.
984 3087 1105 3152 Lenior
1121 3106 1251 3156 ventus
1269 3095 1304 3156 in
1322 3093 1371 3154 alm

320 3173 429 3238 factus.
477 3175 614 3238 Noctem
633 3175 853 3260 insequentem
871 3173 981 3238 eadem
999 3173 1101 3260 caligo
1122 3177 1297 3242 obtinuit:
1320 3177 1370 3241 sole

321 3273 390 3324 orto
412 3275 459 3323 cst
477 3261 624 3337 discussa,
641 3273 673 3324 et
696 3260 804 3324 addita
819 3259 864 3324 vis
878 3274 982 3324 vento.
1028 3259 1096 3323 Iam
1123 3275 1250 3328 terram
1275 3287 1371 3328 cerne

319 3345 405 3409 bant.
453 3345 551 3410 Haud
569 3347 613 3410 ita
632 3347 732 3410 multo
750 3359 820 3433 post
838 3347 1029 3432 gubernator
1045 3344 1196 3432 Scipioni
1214 3352 1273 3428 ait,
1299 3361 1371 3412 ‘non

321 3430 413 3518 ‘plus
435 3433 577 3531 quinque
600 3432 698 3496 millia
720 3455 867 3518 passuum
893 3432 1033 3495 Africam
1055 3433 1190 3498 abesse:
1224 3435 1370 3500 Memmii

321 3525 590 3604 ‘promontorium
618 3541 651 3582 se
677 3541 814 3582 cernere.
864 3517 897 3582 Si
922 3518 1027 3581 iubent
1054 3540 1093 3581 co
1117 3518 1232 3606 dirigi,
1259 3521 1371 3586 iamin

321 3612 436 3689 ‘portu
451 3605 516 3668 fore
532 3627 658 3668 ornnem
674 3603 824 3668 classem!
863 3603 979 3691 Scipio,
996 3603 1078 3667 utin
1095 3621 1282 3692 conspectu
1299 3625 1373 3672 terra

319 3689 388 3764 fuit,
404 3704 560 3776 precatus,
576 3691 623 3753 uti
638 3691 722 3754 bono
737 3690 927 3776 reipublicae
946 3711 1066 3775 suoque
1084 3689 1235 3755 Africam
1251 3693 1372 3766 viderit,

319 3773 393 3838 darc
418 3775 496 3852 vela,
516 3790 549 3840 et
572 3776 668 3840 aliurn
693 3777 773 3840 infra
797 3777 928 3840 navibus
951 3797 1110 3840 accessum
1136 3791 1252 3862 petere
1279 3779 1370 3842 iubet

311 3857 427 3946 ¹Vento
441 3862 554 3926 eodem
569 3862 759 3927 ferebantur.
795 3864 945 3926 Ceterum
961 3861 1078 3926 nebula
1092 3863 1153 3926 sub
1169 3863 1259 3928 idem
1276 3866 1372 3930 ferme

350 4070 365 4118 8
382 4073 450 4119 Bam
461 4075 621 4133 comment]
641 4074 709 4122 Bene
722 4078 824 4122 vertant.
857 4075 959 4122 cendam
972 4081 1061 4122 censet.

318 4135 535 4189 Quemadmodum
549 4137 825 4197 acemcnoareantique
889 4139 953 4200 pla
971 4154 1038 4186 morer
1054 4139 1171 4199 porriclt]
1191 4139 1252 4187 Hoc
1270 4141 1368 4187 verim

318 4211 361 4255 pro
372 4203 489 4254 avertere,
500 4197 534 4244 ita
549 4215 698 4248 ocmaoore
714 4215 757 4262 pro
771 4215 823 4248 oer-
857 4201 966 4248 sollenne
982 4215 1104 4249 sacrorum
1122 4209 1167 4249 est
1184 4205 1217 4251 cf.
1237 4203 1326 4252 Vm
1341 4205 1368 4249 de

317 4259 420 4306 medici
431 4265 512 4306 monet
521 4261 822 4321 GronoviusquinGrne-
857 4264 897 4311 Re
909 4265 980 4312 Rust.
992 4265 1007 4312 i.
1021 4279 1058 4328 29.
1093 4267 1162 4312 Exta
1181 4267 1235 4316 deb
1254 4285 1312 4315 etr·
1330 4269 1367 4314 e:-

318 4333 346 4364 co
364 4318 452 4378 ἐρύκειν
466 4321 581 4382 originem
597 4323 677 4370 Latini
696 4327 760 4372 verbi
779 4327 821 4372 du-
857 4328 924 4384 aaut,
934 4330 1056 4388 porricere
1069 4329 1187 4378 deerant.
