3002 4798
420 262 515 330 LIB.
540 263 635 330 xxt
665 263 776 332 CAP.
804 271 852 330 10.
1139 265 1158 328 9
1321 266 1336 303 ²

115 399 279 486 utrimque
301 401 495 488 pugnabant,
511 425 550 466 eo
567 401 675 502 plures
696 401 950 478 vulnerabantur,
966 399 1054 465 nullo
1075 399 1203 466 intera.
1215 411 1245 460 c.
1257 423 1312 473 534.

89 509 206 567 9anua
233 509 426 574 corporaque
455 511 538 552 vano
565 487 773 553 mtercidente
802 486 874 553 telo.
926 487 1065 552 Falarica
1092 477 1198 552 arath·
1215 477 1245 525 ⁰·
1258 477 1313 524 ²¹⁸·

118 571 313 659 Saguntinis,
329 573 444 638 missile
467 575 564 640 telum
587 573 691 640 hastili
711 575 855 662 abiegno,
878 593 911 638 et
932 587 1037 639 cetera
1058 574 1160 650 tereti,

115 659 811 759 praeterquamadextremum,undeferrum
824 661 975 726 exstabat.
1022 659 1162 738 Id,sicut

116 769 152 809 1n
167 745 242 832 pilo,
253 747 442 833 quadratum
457 761 572 835 stuppa
581 747 850 836 circumligabant,
861 747 1067 834 linebantque
1079 746 1158 833 pice.

94 832 251 896 rFenum
271 847 379 898 autem
401 849 464 899 tres
483 834 613 922 longum
635 834 771 899 habebat
791 833 898 934 pedes,
914 845 951 899 ut
969 855 1043 898 cum
1065 833 1160 898 armis

117 919 302 1006 transfigere
317 941 430 1008 eorpus
438 936 551 1008 posset.
599 920 663 986 Sed
671 920 705 985 id
720 942 866 998 mamma,
877 921 999 986 etiamsi
1010 921 1160 985 haesisset

117 1005 153 1070 in
178 1019 277 1083 scuto,
304 1029 364 1071 nec
392 1021 586 1094 penetrasset
615 1008 649 1072 in
678 1029 800 1108 corpus,
826 1030 973 1094 pavorem
1003 1007 1157 1084 faciebat3

117 1091 331 1179 quodquam
353 1093 494 1158 medium
513 1117 679 1159 accensum
702 1107 888 1172 mrtteretur,
906 1107 1159 1182 conceptumque

117 1179 188 1266 ipso
202 1191 291 1244 motu
302 1179 402 1244 multo
413 1182 564 1246 maiorem
574 1181 682 1268 ignem
692 1181 797 1259 ferret,
806 1203 892 1246 arma
906 1181 1035 1246 omittic
1095 1180 1160 1258 bat,

117 1263 305 1351 nudumque
318 1265 450 1332 militem
466 1267 808 1354 adinsequcntesictus
822 1268 1000 1355 praebebat.
1082 1289 1160 1331 uum
1247 1320 1255 1336 .

117 1351 176 1416 diu
201 1374 317 1440 anceps
341 1353 450 1418 finisset
472 1369 641 1430 certamen,
666 1367 700 1419 et
724 1353 916 1442 Saguntinis,
940 1355 1016 1441 qnia
1038 1367 1162 1440 praeter

117 1459 208 1538 spem
241 1439 430 1518 resisterent,
464 1441 636 1506 crevissent
669 1441 786 1518 animi3
820 1442 957 1516 Poenus,
988 1441 1063 1527 quia
1096 1461 1162 1504 non

117 1524 252 1602 vicisset,
264 1547 323 1614 pro
333 1527 416 1592 victo
423 1540 522 1592 esset:
546 1527 715 1592 clamorem
726 1541 856 1615 repente
872 1527 1022 1614 oppidani
1035 1525 1161 1602 tollunt,

117 1611 306 1700 hostemque
320 1612 355 1678 in
368 1614 475 1679 ruinas
483 1615 566 1679 muri
580 1613 744 1700 expellunt
752 1637 761 1690 ;
785 1615 859 1678 inde
868 1613 1056 1701 impeditum
1066 1613 1163 1700 trepi-

117 1698 340 1874 dantemqpi}u
349 1702 536 1777 exturbant3
573 1711 731 1790 postremo
758 1701 863 1765 fusum
891 1700 1097 1787 fugatumque
1127 1699 1161 1762 in

118 1799 262 1851 castrare
341 1800 386 1852 nt.

162 1871 296 1938 lnterim
310 1875 350 1938 ab
367 1873 471 1938 Roma
489 1873 609 1960 legatos
622 1875 744 1940 venisse
760 1875 940 1939 nuntiatum
958 1887 1021 1938 est:
1046 1874 1161 1960 quibus
1170 1883 1297 1934 Hannibal

118 1959 244 2024 obviam
258 1959 299 2024 ad
314 1981 399 2025 mare
414 1961 500 2024 missi
515 1961 554 2026 ab
571 1960 762 2038 Hannibale,
777 1963 833 2047 qui
848 1962 1000 2038 dicerent,
1017 1982 1076 2024 nec
1091 1973 1160 2026 tuto
1169 1949 1262 2012 “W

118 2067 174 2110 eos
188 2046 329 2111 adituros
347 2048 432 2112 inter
452 2060 578 2112 tottam
593 2048 791 2112 efferatarum
814 2047 957 2134 gentium
973 2069 1076 2110 arma:
1100 2013 1306 2127 necffifitign

94 2167 110 2200 α
121 2131 306 2211 Hannibali,
316 2133 350 2196 in
364 2145 453 2198 tanto
468 2133 649 2198 discrimine
658 2155 773 2210 renim,
786 2155 898 2220 operae
908 2155 974 2198 esse
989 2132 1161 2220 legationes

118 2218 239 2284 audire.
287 2220 478 2307 Apparebat,
501 2242 566 2285 non
591 2221 742 2285 adurimus
767 2219 910 2305 protinus
934 2218 1161 2306 Carthaginem

119 2305 228 2370 ituros.
272 2306 397 2371 Literas
425 2306 522 2408 igitur
544 2307 737 2393 nuntiosque
767 2305 808 2370 ad
833 2305 991 2392 principes
1016 2303 1161 2369 factionis

120 2391 276 2457 Barcinae
299 2393 481 2480 praemittat,
505 2406 542 2458 ut
565 2404 790 2480 praepararent
813 2413 941 2457 suorum
964 2391 1095 2468 animos,
1118 2413 1160 2455 ne

96 2478 201 2564 3quid
223 2501 295 2566 pars
316 2479 413 2544 altera
433 2479 602 2568 gratificari
623 2501 681 2567 pro
704 2478 858 2544 Romanis
878 2491 991 2566 posset
1037 2477 1160 2565 Itaque,
1224 2479 1274 2540 10.

119 2565 442 2652 praeterquamquod
462 2565 589 2631 admissi
604 2565 767 2654 auditique
782 2579 866 2643 sunt,
882 2589 920 2630 ea
938 2587 1066 2651 quoque
1081 2561 1256 2630 vanaleaufl

120 2651 512 2740 atqueinitalegatiofirit
559 2651 677 2717 Hanno
686 2675 769 2717 unus
777 2653 908 2718 adverso
916 2665 1028 2716 senatu
1037 2674 1161 2716 causam
1170 2626 1319 2752 ἓξὲξ

119 2737 267 2816 foederis,
282 2761 397 2839 magno
411 2737 536 2803 silentio
550 2753 679 2889 propter
693 2739 910 2804 auctoritatem
924 2760 1022 2814 suam,
1034 2761 1100 2803 non
1114 2759 1236 2803 as-eunt

120 2847 216 2888 sensu
237 2825 444 2902 andrentium,
465 2825 539 2912 egit
585 2834 595 2864 ‘
635 2847 670 2890 er
689 2824 774 2902 deos,
789 2825 951 2890 foederum
972 2825 1104 2890 arbitros
1126 2817 1303 2893 ,cneqnqnis

122 2919 132 2949 ‘
145 2923 249 2988 testes,
265 2912 433 2989 monuisse,
448 2911 640 2999 praedixisse
653 2934 697 2989 se,
713 2935 753 2976 ne
775 2910 964 2977 Hamilcaris
975 2911 1162 3011 progeniem
1170 2889 1299 2996 {ffiffi

122 2998 185 3062 ‘ad
204 2999 380 3062 exercitum
402 2999 572 3063 mitterent
618 2997 695 3062 Non
718 2997 842 3075 Manes,
857 3020 922 3062 non
944 3009 1072 3083 strrpem
1095 2997 1228 3062 eiuslem.

122 3083 367 3170 ‘conquiescere
383 3084 459 3149 viri:
482 3107 542 3149 nec
557 3107 709 3171 unquam,
719 3085 821 3149 donec
836 3084 997 3171 sanguinis
1012 3083 1164 3148 nominis-

96 3179 134 3247 4‘
146 3192 211 3320 que
228 3169 354 3234 Barcini
367 3171 534 3258 qnisquam
548 3170 692 3258 supersit,
705 3171 851 3258 quietura
866 3171 1012 3235 Romana
1025 3170 1162 3236 foedera.

124 3266 135 3296 ⁴
168 3278 300 3320 uvenem
318 3257 501 3345 flagrantem
516 3257 666 3344 cupidine
681 3259 780 3344 regni,
796 3258 945 3356 viamque
964 3279 1060 3321 unam
1075 3256 1164 3321 adid

125 3352 339 3422 ‘cernentem
362 3344 389 3408 si
412 3367 454 3408 ex
479 3341 569 3409 bellis
597 3342 681 3408 bella
704 3343 838 3408 serendo
862 3355 1040 3408 succrnctus
1070 3343 1165 3408 armis

124 3429 386 3517 ‘legionibusque
404 3430 499 3508 vivat,
519 3429 607 3494 velut
627 3431 789 3494 materiam
816 3429 883 3516 igni
904 3429 1100 3515 praebentes,
1123 3428 1165 3493 ad

125 3517 304 3582 ‘exercitus
332 3517 466 3582 misistis
514 3515 647 3580 Aluistis
680 3537 756 3602 ergo
785 3515 845 3579 hoc
874 3513 1069 3591 incendium,
1099 3537 1165 3601 quo

124 3612 232 3668 ‘nunc
255 3603 380 3669 ardetis.
428 3602 605 3691 Saguntum
629 3603 723 3668 vestri
748 3601 973 3668 circumsident
997 3600 1165 3677 exercitus,

160 3851 176 3900 9
193 3837 322 3897 Μανίου]
351 3835 436 3886 Genus
457 3837 509 3896 teli,
530 3836 629 3894 missile,
694 3838 894 3899 aOpcraeerae]
914 3837 1019 3900 Legatos
1034 3842 1116 3886 tamen
1132 3837 1164 3884 ab

124 3915 174 3964 quo
190 3905 292 3949 utuntur
307 3917 338 3950 ex
355 3901 418 3960 salis,
431 3901 512 3959 idest,
523 3916 553 3949 ax
570 3901 630 3949 locis
661 3913 690 3948 eo
708 3901 825 3949 admissos
843 3900 918 3949 tradit
936 3900 1039 3950 Potiti
1059 3905 1103 3962 15;
1121 3901 1164 3948 sed

124 3964 253 4014 exdnrctis
263 3965 413 4014 dimicantes.
433 3965 533 4013 Frsrus.
661 3969 791 4025 antequam
808 3965 942 4027 Saguntum
961 3965 1094 4027 oppugnari
1112 3979 1165 4012 coe·

161 4044 171 4078 r
188 4031 294 4079 Ferrum
309 4037 391 4080 auum
406 4037 455 4078 tres
472 4030 570 4091 longum
586 4029 628 4076 ha-
661 4033 732 4091 ptum
744 4033 787 4077 est.
805 4029 869 4077 Itur.

125 4095 195 4142 dabat
203 4095 289 4155 peda]
302 4093 415 4143 Falarica
424 4095 513 4142 sermm
525 4092 630 4140 habebat
695 4107 709 4154 3
726 4093 869 4154 Grutt'ficari
882 4107 929 4154 pra
944 4093 1072 4151 Romania]
1098 4092 1165 4140 lnso·

125 4159 225 4220 longum
244 4163 294 4206 tres
311 4159 392 4221 pedes
425 4157 468 4207 Sic
486 4155 575 4220 passim
595 4158 630 4205 lo·
662 4157 715 4205 lens
730 4156 792 4204 haec
808 4155 896 4205 dictio:
916 4155 1032 4204 Perizonii
1045 4155 1166 4204 coniectu·

124 4222 209 4284 quitur
220 4220 311 4272 Irirlua
339 4221 447 4272 Infra&
459 4223 630 4271 namtarum
662 4235 723 4278 ram,
734 4222 872 4283 gratificus·
883 4221 1101 4283 populumne,
1112 4235 1166 4282 pro-

124 4287 240 4336 ducentes
254 4287 351 4348 anm
362 4288 443 4348 pedae.
458 4285 506 4334 viii.
527 4299 561 4335 ιο.
578 4287 630 4346 Sip·
663 4286 705 4333 bat
717 4284 794 4334 Drak.

125 4366 186 4398 num
196 4355 287 4412 κορέσω
294 4352 367 4412 pedes
377 4353 461 4400 altum.
477 4355 501 4399 et
512 4349 570 4398 alibi
582 4365 631 4398 sac-
696 4366 712 4409 4
729 4350 862 4409 Quietum]
881 4349 904 4398 h.
916 4363 937 4397 e.
949 4347 1015 4396 Tuta
1026 4348 1076 4396 fore
1091 4363 1106 4394 s
1120 4347 1167 4395 vio·

126 4415 189 4476 pius.
206 4415 286 4463 Cart.
666 4412 764 4473 latione,
776 4413 867 4476 integra
878 4427 991 4462 mansura
1001 4427 1059 4460 esua
1078 4411 1162 4461 Dosa.
