2966 4778
379 223 439 284 ras
547 165 551 168 ’
764 214 878 283 Τιτι
907 214 1044 283 rrvrr

267 373 297 422 c.
314 369 441 502 „uque
463 373 537 416 eum
557 363 591 416 et
612 352 781 418 sollicitum
803 375 880 418 cura
898 353 1038 419 novandi
1057 375 1107 420 res
1122 367 1244 441 praetor
1261 351 1395 417 cernebat

268 437 298 486 0·
314 433 368 485 ²¹⁶·
410 450 543 515 ererum,
559 460 659 525 quum
674 453 730 504 aut
748 461 854 526 poena
871 438 1069 506 cohibendus
1088 454 1179 518 esset,
1195 453 1250 505 aut
1266 437 1397 504 beneficio
1443 449 1444 452 ’

223 371 256 422 U.

219 437 251 486 Δ.

377 522 605 602 conciliandus,
620 525 680 590 sibi
696 526 906 627 assumpsisse,
923 549 1019 613 quam
1034 527 1118 592 hosti
1133 527 1292 602 ademioee,
1306 525 1397 589 fortem

377 633 415 674 ac
429 623 594 676 strenuum
615 611 727 676 maluit
746 633 877 690 socrum,
893 613 1094 700 accitumque
1109 612 1151 678 ad
1170 635 1203 678 ae
1217 612 1372 699 benignea

378 696 494 783 pellat:
521 695 663 763 ‘Multos
677 720 751 763 eum
767 698 892 764 invidos
906 699 991 764 inter
1009 699 1178 800 populares
1191 698 1321 773 babere;
1339 631 1397 792 indi

378 781 581 848 ‘existimatu
595 783 687 849 facile
702 807 779 862 esse,
795 784 883 872 quod
898 807 993 851 nemo
1008 786 1086 851 civrs
1106 784 1253 850 Nolanus
1267 782 1322 848 sibi
1335 779 1398 845 indr-

379 869 527 945 ‘caverit
544 893 640 971 quam
660 870 761 935 multa
774 871 843 936 eius
856 871 984 959 egregia
997 871 1138 943 facinora
1151 871 1296 950 militaria
1308 879 1397 933 esent

379 963 389 994 ⁶
402 955 477 1034 Sed,
487 957 544 1057 qui
555 977 589 1021 rn
602 955 756 1022 Romanis
764 957 946 1022 militaverit
955 958 1073 1035 castris,
1085 979 1151 1023 non
1159 979 1252 1045 posse
1262 957 1398 1022 obscuram

380 1051 389 1080 ‘
401 1043 470 1107 eius
481 1055 631 1109 virtutem
643 1065 719 1109 eme.
758 1041 882 1108 Multos
890 1044 960 1121 sibi,
971 1045 1027 1130 qui
1037 1067 1111 1110 curn
1123 1067 1163 1109 eo
1174 1041 1399 1132 stipendialem·

380 1127 474 1206 ‘rint
486 1129 612 1206 referre,
652 1130 684 1193 ui
699 1129 748 1194 vir
761 1143 844 1196 esset
858 1130 922 1207 ille,
938 1153 1085 1218 quaeque
1100 1145 1134 1196 et
1148 1130 1274 1217 quoties
1287 1124 1400 1216 pericula

380 1222 456 1301 ‘pro
465 1214 565 1280 salute
576 1237 614 1280 ac
648 1216 780 1303 rgnitate
791 1215 902 1303 populi
915 1215 1054 1282 Romani
1065 1216 1198 1282 adisset:
1214 1217 1323 1302 utique
1335 1212 1400 1277 Can·

379 1300 490 1366 ‘nensi
501 1300 622 1388 proelio
633 1323 696 1366 non
709 1301 797 1389 prius
806 1325 915 1390 pugna
925 1303 1088 1380 abstiterit,
1099 1325 1196 1390 quam
1205 1325 1303 1390 prope
1313 1319 1401 1366 exsar-

380 1387 467 1476 ‘guis
482 1387 575 1452 ruina
588 1387 895 1476 superincidentium
911 1388 1061 1466 virorum,
1077 1411 1245 1477 equorum,
1257 1406 1401 1454 armoniu-

380 1483 464 1562 ‘que
474 1473 515 1539 sit
523 1495 698 1563 oppreus
723 1473 837 1561 Itaque
847 1487 950 1540 macte
958 1475 1075 1540 virtute
1084 1477 1172 1553 est0‚'
1180 1475 1295 1562 inquit.
1312 1468 1401 1559 ‘Apud
1445 1493 1446 1570 p

379 1570 450 1625 ‘me
467 1560 525 1625 tibi
540 1561 645 1625 omnis
661 1559 763 1625 honos
777 1574 874 1648 atque
892 1583 987 1626 omne
1008 1561 1185 1647 praemium
1199 1563 1281 1626 erit:
1304 1573 1342 1636 et,
1354 1579 1401 1644 quo
1445 1579 1446 1586 ¹

379 1645 596 1733 ‘frequentior
615 1667 741 1710 mecum
762 1645 868 1724 fireris,
884 1648 1001 1712 senties
1022 1669 1092 1712 eam
1115 1669 1183 1712 rem
1203 1647 1263 1714 tibi
1282 1642 1402 1733 dignitati

381 1741 495 1818 ‘atque
507 1731 723 1798 emolumento
737 1733 835 1798 easer’
856 1732 1004 1820 laetoque
1019 1733 1126 1798 iuveni
1138 1734 1299 1821 promissis
1308 1751 1401 1818 equum

379 1817 532 1883 eximium
548 1817 633 1883 dono
651 1818 716 1895 dat,
730 1818 918 1906 bigatosque
941 1820 1133 1907 quingentos
1153 1833 1347 1907 quaestorem
1359 1836 1416 1882 rra-t

379 1927 500 1970 merare
521 1904 626 1970 iubet:
651 1902 813 1970 lictoribus
828 1906 972 1993 imperat,
988 1919 1025 1970 ut
1046 1928 1121 1970 eum
1141 1929 1175 1972 se
1190 1906 1289 1984 adire,
1304 1902 1402 1991 quoties

273 2003 322 2063 16.
381 1991 466 2069 velit,
495 1990 664 2079 patiantur.
711 1990 783 2056 Hae
812 1992 961 2057 comitate
992 1991 1140 2058 Marcelli
1167 1993 1283 2059 ferocis
1305 1987 1403 2055 iuvenis

223 2085 351 2136 Hannibal
381 2077 506 2142 animus
520 2078 601 2143 adeo
620 2089 670 2143 est
683 2076 832 2156 mollitus,
848 2089 885 2142 ut
902 2100 998 2144 nemo
1013 2077 1089 2144 inde
1104 2079 1262 2144 sociorum
1270 2099 1339 2165 ‚rem
1355 2075 1403 2140 llo·

220 2151 253 2199 “¹
266 2149 366 2201 Noram.
381 2187 507 2230 manam
520 2164 633 2230 fortius
647 2186 684 2229 ac
698 2163 824 2229 fidelius
838 2165 961 2244 iuverit,
974 2187 1074 2252 quum
1091 2164 1256 2231 Hannibal
1270 2164 1310 2230 ad
1321 2175 1403 2250 perus

380 2264 472 2329 esset,
488 2249 622 2337 (Nolam
638 2249 724 2314 enim
744 2271 888 2315 rursusa
909 2251 1052 2316 Nuceria
1071 2265 1212 2318 moverat
1231 2253 1343 2334 casua)
1354 2245 1403 2335 pic

379 2339 419 2402 be
459 2361 499 2401 ue
516 2336 645 2402 Nolana
658 2336 699 2401 de
715 2337 838 2424 integro
853 2335 894 2402 ad
908 2337 1120 2404 defectionem
1135 2351 1301 2426 spectaret.

464 2422 597 2486 arcellus
611 2423 670 2486 sub
685 2421 856 2488 adventum
872 2423 1011 2490 hostium
1023 2425 1107 2489 intra
1121 2445 1227 2490 muros
1241 2447 1276 2489 se
1291 2419 1402 2507 recepit

379 2530 446 2572 non
467 2507 576 2572 castris
597 2520 753 2585 metuens,
774 2508 832 2573 sed
853 2532 894 2574 nc
915 2510 1100 2597 prodendae
1122 2511 1209 2576 urbis
1230 2509 1403 2576 occasionem
1447 2573 1448 2600 p

379 2594 474 2658 nimis
495 2593 602 2658 multis
623 2594 743 2659 ineam
764 2594 1004 2661 imminentibus
1024 2595 1122 2662 daret.
1169 2595 1290 2662 Instrui
1311 2590 1403 2660 deinde
1447 2603 1448 2678 p

380 2679 540 2766 utrimque
555 2680 638 2744 acies
658 2694 799 2766 coeptae,
816 2680 1036 2748 Romanorum
1050 2705 1109 2782 pro
1132 2683 1299 2748 moenibus
1314 2679 1403 2752 Nolae,
1447 2683 1448 2692 ’

379 2764 561 2830 Poenorum
576 2778 650 2830 ante
660 2779 761 2830 castra
774 2789 839 2832 sua
885 2768 1011 2833 Proelia
1025 2768 1101 2834 hmc
1113 2791 1210 2857 parva
1223 2769 1308 2834 inter
1317 2767 1403 2832 mirem

379 2861 553 2939 casusque,
564 2863 597 2916 et
605 2851 691 2916 vario
700 2865 817 2917 eventu
830 2854 968 2920 fiebant:
992 2855 1068 2943 quia
1077 2856 1175 2920 duces
1189 2877 1251 2920 nec
1262 2853 1404 2943 prohibere
1428 2847 1431 2856 ’

378 2960 496 3025 paucos
526 2949 646 3003 temere
674 2951 891 3024 provocantes,
921 2963 982 3006 nec
1008 2941 1083 3006 dare
1108 2941 1236 3028 signum
1266 2941 1404 3006 universae

379 3047 505 3112 pugnae
517 3023 673 3089 volebant.
719 3022 827 3091 Inhac
842 3027 996 3092 continua
1006 3028 1068 3092 iam
1084 3027 1220 3093 duorum
1229 3027 1419 3093 exerciturum

379 3110 514 3176 statione
526 3111 684 3211 principes
697 3109 896 3177 Nolanorum
907 3113 1057 3178 nuntiant
1068 3111 1233 3192 Marcello,
1246 3122 1257 3152 ‘
1263 3113 1405 3179 Nocturna

380 3195 560 3284 ‘colloqura
573 3197 658 3263 inter
671 3196 799 3285 plebem
814 3221 850 3263 ac
865 3199 992 3264 Poenos
1006 3199 1093 3276 fieri3
1117 3213 1333 3288 statutumque
1346 3215 1403 3266 ems

382 3292 448 3360 ίιιῐ,
464 3305 565 3370 quum
589 3281 735 3349 Romana
749 3283 832 3350 aeica
854 3307 978 3370 egressa
994 3286 1093 3373 portis
1114 3285 1184 3364 iret,
1200 3286 1405 3374 impedimenta

382 3377 510 3434 ‘eorum
534 3391 571 3434 ac
597 3370 733 3434 sarcinas
762 3370 946 3458 diriperent,
962 3371 1147 3448 clauderent
1171 3370 1292 3438 deinde
1313 3383 1404 3460 pomi

382 3464 474 3519 ‘mur
532 3477 573 3519 uc
595 3469 796 3556 occuparent,
817 3469 864 3534 ut,
884 3469 1031 3544 potentes
1056 3479 1162 3523 rerum
1184 3480 1312 3523 suarum
1331 3467 1404 3540 atque

224 3557 359 3632 Marcellps
382 3542 495 3618 ‘urbis
540 3563 658 3606 oenum
680 3541 756 3606 rnde
774 3564 832 3690 pro
853 3541 1001 3608 Romano
1023 3544 1223 3631 acciperent.¹
1268 3543 1354 3609 Haec
1366 3535 1405 3602 ubl

222 3621 354 3683 ”imm
382 3627 529 3692 nuntiata
557 3642 630 3693 sunt
658 3625 781 3692 Marcel
794 3649 823 3706 o,
849 3627 1036 3694 collaudatis
1061 3630 1257 3696 senatoribus
1285 3624 1404 3696 Nolanis

223 3691 303 3747 parat
381 3713 565 3801 priusquam
586 3713 701 3801 aliquis
722 3727 827 3779 motus
848 3713 935 3780 intus
956 3715 1101 3795 oriretur,
1121 3715 1281 3783 ronanam
1303 3725 1419 3804 pugnari

417 3957 471 4018 313
563 3971 594 4004 us
611 3955 767 4018 φιίηοσηιω]
791 3971 824 4005 sc.
841 3955 890 4004 De-
923 3956 1123 4019 reposuitsigon.
1153 3960 1269 4009 cetarum
1281 3955 1406 4010 ulmari

383 4019 463 4095 uarios
487 4017 510 4066 ei
557 4033 596 4066 em
617 4018 720 4095 generis,
738 4033 799 4080 quoa
814 4034 890 4094 capr.
923 4021 999 4070 diana
1012 4035 1042 4070 ax
1053 4021 1195 4072 coniectura
1205 4023 1313 4076 Gronov.
1325 4023 1405 4074 retitur

384 4082 892 4208 statuminari-”tat
923 4085 1099 4213 ml‘llqd‘
1111 4085 1287 4202 {illlam
1309 4147 1405 4206 umor

384 4226 439 4260 rum
447 4209 551 4273 effigiem
561 4207 706 4270 insculptam
718 4211 841 4271 gerebant.
861 4211 892 4259 ci.
924 4213 1022 4274 Aliquis
1040 4219 1118 4262 motta
1138 4216 1263 4268 iniuriose
1278 4221 1374 4269 oriretur
1385 4225 1405 4260 rt

377 4273 508 4342 ¹lluaoaius
518 4273 550 4320 de
562 4273 655 4320 Monet
665 4273 709 4322 Gr.
718 4279 743 4321 et
753 4273 826 4324 Rom.
836 4288 860 4323 x.
869 4271 892 4323 6.
926 4277 1022 4324 emend.
1035 4276 1153 4326 Gronorii
1164 4279 1257 4341 recapit
1269 4283 1367 4332 Bekker.

419 4355 433 4397 4
451 4340 483 4386 In
493 4339 539 4386 boc
549 4337 678 4395 minuc]
698 4337 739 4385 lta
749 4351 780 4384 ex
792 4341 839 4386 ret.
850 4336 892 4386 lib.
