2966 4778
353 235 414 297 156
738 227 851 296 ΤΙΤΙ
878 229 1016 296 LIVII

193 370 230 420 U.
241 369 272 421 0.
287 367 452 434 stt-sulam
468 365 572 431 Nolae
592 365 797 454 praesideret,
812 367 934 432 missua
979 365 1147 430 Praetores
1161 365 1196 430 in
1213 364 1358 430 Siciliam
1374 387 1420 430 ac

192 433 225 485 Δ·
242 435 272 486 ⁰·
287 447 344 498 ²¹⁵·
353 453 530 518 Sardiniam
543 453 684 540 profecti.
720 453 878 518 Consules
889 453 1068 532 edixerunt,
1081 452 1207 540 quoties
1216 453 1251 515 in
1260 465 1417 516 senatum

350 553 525 618 vocassent,
541 539 590 604 uti
604 553 774 617 senatores,
810 539 967 627 uibusque
982 539 1017 603 in
1032 552 1144 603 senatu
1155 538 1262 602 dicere
1278 551 1440 602 senten-s

351 627 429 690 tiam
443 626 562 703 liceret,
579 625 619 690 ad
639 640 764 712 portam
782 563 946 712 Sapenam
966 626 1181 690 convenirent.
1227 624 1415 701 Praetores,

351 733 488 798 quorum
510 713 686 777 iurisdictio
708 725 784 788 erat,
807 711 977 776 tribunalia
998 710 1038 775 ad
1062 711 1223 775 Piscinam
1245 710 1439 797 publioam9

350 811 534 898 posuerunt
581 798 631 863 Eo
645 797 826 863 vadimonia
843 798 913 864 lieri
933 799 1111 862 iusserunt:
1135 797 1245 885 ibique
1262 820 1302 861 eo
1324 820 1436 861 annor

351 907 401 950 rus
416 885 537 950 dictum
553 897 610 949 est

395 970 529 1036 Interim
547 971 786 1058 Carthaginem,
796 970 883 1036 unde
899 970 999 1058 Mago
1010 970 1106 1034 frater
1121 968 1316 1034 Hannibalis
1330 970 1415 1034 duo-

351 1057 457 1123 decim
469 1057 568 1122 millia
576 1057 721 1145 peditum
732 1071 765 1122 et
774 1056 860 1121 mille
870 1057 1063 1157 quingentos
1072 1056 1205 1144 equites,
1216 1056 1336 1142 viginti
1346 1056 1418 1120 ele-

352 1144 499 1230 phantos,
512 1143 597 1208 mille
613 1144 737 1230 argenti
752 1144 871 1208 talenta
885 1166 919 1206 m
935 1142 1059 1208 Italiam
1075 1142 1314 1207 transmissurus
1331 1156 1435 1219 erat,2

351 1251 426 1294 cum
437 1230 594 1316 praesidio
606 1253 662 1294 sex
703 1231 771 1294 inta
781 1230 910 1294 navium
927 1227 1103 1316 longarum,
1115 1229 1248 1292 nuutios
1264 1229 1416 1306 affertur,

352 1315 622 1403 inHispaniarcm
632 1253 1213 1403 mHegestam,omuesquefermeeius
1222 1315 1414 1402 provinciae

194 1405 323 1482 vocasse
352 1403 487 1490 populos
501 1402 543 1468 ad
559 1403 721 1468 Romanos
735 1403 896 1467 defecisse.
943 1401 1053 1478 Erant,
1066 1402 1124 1488 qui
1138 1401 1315 1486 Magonem
1334 1425 1415 1466 curn

194 1469 332 1584 {ffffln
353 1489 451 1554 classe
465 1512 504 1553 ea
518 1490 690 1576 copiisque,
706 1489 821 1553 omissa
835 1487 935 1564 Italia,
948 1489 982 1552 in
999 1488 1188 1574 Hispaniam
1205 1501 1413 1564 averterent3

193 1597 317 1647 abnam·
354 1596 455 1661 quum
467 1575 631 1640 Sardiniae
641 1575 842 1662 recipiendae
852 1573 1229 1662 repentinaspesaffulsit.
1250 1574 1414 1638 ‘Parvum

194 1661 296 1722 psieora
355 1662 421 1725 ‘ibi
432 1661 608 1726 exercitum
624 1661 807 1726 Romanum
819 1684 903 1726 esse:
928 1674 1069 1726 veterem
1080 1673 1257 1746 praetorem
1270 1661 1352 1724 iude
1369 1663 1413 1726 A.

354 1755 365 1786 ‘
376 1746 563 1812 Cornelium
572 1748 753 1834 provinciae
762 1749 900 1835 peritum
908 1745 1073 1823 decedere,
1087 1769 1205 1811 novum
1214 1748 1412 1833 exspectari.

355 1832 429 1897 ‘Ad
455 1834 526 1910 hoc,
550 1833 647 1898 fessos
670 1834 733 1898 iam
757 1835 879 1898 animos
907 1833 1079 1898 Sardorum
1101 1855 1169 1896 esse
1192 1833 1413 1899 diuturnitate

354 1919 513 2008 ‘imperii:
530 1932 564 1984 et
571 1920 719 2006 proximo
726 1921 766 1984 iis
777 1943 862 1984 anno
872 1920 984 1984 acerbe
994 1931 1090 2008 atque
1100 1941 1191 1983 avare
1201 1919 1409 2005 imperatum.

354 2006 474 2071 ‘Gravi
489 2007 608 2071 tributo
623 2021 657 2072 et
667 2005 835 2071 collatione
847 2007 959 2092 iniqua
969 2005 1120 2071 frumenti
1131 2027 1261 2092 pressos.
1309 2005 1412 2070 Nihil

354 2092 485 2158 ‘deesse
500 2092 597 2170 aliud,
613 2115 710 2180 quam
724 2107 895 2170 auctorem,
906 2092 946 2156 ad
962 2114 1059 2178 quem
1073 2091 1266 2156 deficerent’
1311 2091 1412 2157 Haec

352 2177 550 2244 clandestina
566 2179 596 2244 le
638 2179 682 2244 tio
696 2201 754 2265 per
775 2179 935 2278 principes
948 2179 1043 2242 missa
1064 2191 1147 2253 erat;
1172 2178 1309 2242 maxime
1335 2202 1411 2243 eam

352 2288 420 2330 rem
436 2267 587 2331 moliente
596 2203 819 2352 Hampsicora,
832 2287 888 2351 qm
905 2278 972 2329 tum
982 2265 1167 2328 auctoritate
1183 2278 1279 2350 atque
1289 2265 1410 2350 opibus
1472 2263 1473 2270 '

352 2351 447 2452 longe
469 2353 590 2440 primus
612 2368 688 2417 erat.
734 2349 797 2416 His
819 2351 939 2415 nuntiis
962 2373 1061 2438 prope
1084 2373 1150 2415 uuo
1172 2364 1314 2449 tempore
1341 2365 1409 2416 tur-

352 2438 419 2501 batr
448 2439 609 2523 erectique
645 2438 820 2524 Magonem
854 2459 929 2501 cunr
963 2437 1060 2502 classe
1089 2459 1147 2500 sua
1175 2437 1342 2523 copiisque
1373 2439 1407 2502 in

353 2521 545 2610 Hispaniam
559 2523 699 2588 mittunt.
745 2523 784 2587 In
805 2510 983 2588 Sardiniam
1004 2521 1239 2588 Hasdrubalem
1256 2522 1409 2610 deligunt

352 2609 485 2674 ducem:
510 2621 543 2674 et
562 2622 687 2674 tantum
707 2609 806 2676 ferme
825 2608 998 2698 copiarum,
1013 2621 1171 2695 quantum
1186 2608 1334 2696 Magoni,
1351 2611 1409 2675 dc-

351 2707 498 2758 cernunt

397 2779 441 2845 Et
456 2781 579 2845 Romae
593 2782 748 2859 eonsules,
765 2783 928 2848 transactis
942 2783 1046 2858 rebus,
1062 2804 1145 2868 quae
1161 2783 1195 2845 in
1210 2783 1290 2846 urbe
1306 2805 1407 2870 agen·
1471 2857 1472 2864 ἵ

352 2867 412 2932 dae
427 2887 526 2945 erant,
542 2868 712 2933 movebant
727 2869 789 2933 iarn
813 2891 880 2935 sese
895 2868 937 2934 ad
954 2868 1083 2933 bellum.
1131 2867 1181 2933 Ti.
1197 2867 1407 2955 Sempronius
1471 2897 1472 2966 p

352 2954 506 3019 militibus
529 2953 709 3020 Sinuessam
731 2955 817 3020 diem
832 2955 873 3019 ad
895 2953 1151 3020 conveniendum
1166 2954 1288 3032 edixit3
1312 2968 1348 3020 et
1365 2957 1426 3031 Qs

352 3039 477 3118 Fabius,
493 3040 637 3106 consulto
652 3042 739 3128 prius
761 3055 882 3119 senatu,
898 3054 934 3105 ut
949 3041 1109 3106 frumenta
1123 3063 1233 3106 omnes
1251 3063 1295 3105 ex
1314 3042 1405 3129 agris,

351 3139 425 3191 ante
442 3127 606 3193 Kalendas
617 3127 726 3192 Iunias
737 3129 863 3214 primas,
876 3128 911 3191 in
919 3128 1014 3192 urbes
1025 3127 1163 3192 munitas
1177 3127 1427 3194 conveherents

384 3279 399 3326 8
417 3280 557 3342 Qultasque
572 3281 601 3328 trs
615 3279 794 3329 sonctudiosrs
807 3293 861 3326 sen·
894 3277 1095 3340 eausssprivatas
1111 3278 1150 3340 agi
1166 3278 1298 3328 iusserunt.
1322 3281 1355 3330 ef.
1368 3281 1409 3330 lu-

352 3343 453 3390 tsntiom
470 3343 564 3402 liceret]
586 3343 663 3398 “Qui
682 3349 738 3404 post
757 3343 861 3390 lustmm
894 3342 973 3390 venat.
985 3341 1019 3390 iii.
1032 3343 1086 3405 ²98·

352 3405 479 3454 eonditum
495 3421 526 3454 ex
542 3405 677 3455 iunioribus
692 3405 861 3468 magistratum
927 3421 940 3452 a
957 3407 1031 3454 Mille
1047 3407 1144 3468 arpenti
1159 3407 1265 3466 tolerato]
1289 3409 1322 3456 οἱ
1334 3408 1405 3470 Supr.

264 3513 267 3520 .
352 3483 449 3531 cepere,
463 3469 489 3518 in
505 3476 591 3518 senatu
607 3470 754 3519 sententiam
767 3470 861 3528 dicum,
897 3470 986 3531 13,ubi
998 3484 1043 3530 pro
1055 3471 1208 3532 vulgaretur
1222 3473 1407 3533 suturaquoa

352 3547 402 3581 non
421 3539 505 3582 tamen
524 3539 646 3582 senatores
661 3539 779 3582 vocantur
795 3538 862 3592 ante,
894 3533 919 3581 in
939 3532 1061 3596 plerisque
1078 3533 1134 3583 edd.
1151 3539 1228 3592 extat,
1247 3537 1316 3585 mille
1335 3539 1405 3599 quis-

352 3611 428 3658 quam
443 3597 469 3645 iu
485 3597 618 3646 senioribus
635 3603 692 3645 sunt
706 3598 798 3646 eens'a”
815 3597 860 3645 Fe·
891 3604 967 3660 penta
981 3613 1013 3645 ex
1025 3597 1118 3646 Mureti
1135 3597 1264 3656 sententia,
1279 3604 1327 3646 aut
1342 3603 1406 3649 ssills

352 3665 412 3710 stus.
438 3661 469 3710 ef.
486 3661 595 3711 saell.
610 3661 645 3712 iii.
665 3661 862 3723 18.“1m0pe
894 3661 1216 3725 qssinqauplntalegendum
1229 3662 1336 3711 videtur.
1372 3663 1406 3712 U·

353 3724 415 3772 dsrii
436 3725 503 3783 dicti,
521 3726 572 3786 qui,
591 3725 700 3774 nondum
722 3741 739 3773 a
759 3725 861 3774 censori-
894 3724 955 3774 trius
965 3741 1022 3773 vero
1038 3725 1087 3773 loci
1102 3724 1176 3773 lectio
1187 3741 1217 3774 ex
1231 3726 1313 3774 altero
1325 3742 1405 3776 emen·

352 3789 401 3835 bus
416 3787 441 3836 in
459 3793 571 3836 senatum
588 3789 655 3848 leoti,
671 3795 794 3838 senatores
809 3788 862 3850 qui·
894 3789 976 3838 danda
986 3789 1026 3848 sit,
1037 3803 1124 3850 parum
1135 3789 1219 3851 liquet.

353 3851 410 3899 dem
428 3866 478 3898 non
494 3857 571 3910 eraut,
587 3853 639 3910 sod,
655 3853 713 3912 qma
731 3853 862 3901 honoribus
927 3854 1078 3914 3Ms'litltus
1085 3854 1240 3912 Sinuessam]
1257 3853 1406 3914 Volonibm,

354 3913 441 3976 populi
460 3914 497 3962 usi
513 3921 591 3974 erant,
610 3915 635 3962 in
652 3921 764 3964 senatum
781 3916 860 3965 venie-
893 3921 919 3965 et
929 3917 1049 3965 sociemur
1060 3917 1147 3966 decern
1161 3917 1281 3974 millrlrus,
1293 3933 1358 3979 quse
1370 3919 1406 3966 illi

353 3979 422 4035 bant,
432 3982 458 4024 et
468 3979 603 4026 sententiae
614 3979 652 4026 ius
662 3977 811 4028 babebant.'’
894 3985 958 4028 sorte
968 3985 1108 4040 evenerant,
1118 3980 1210 4044 quippe
1220 3981 1286 4029 duae
1299 3982 1406 4044 legiones

389 4041 547 4154 pptstnam
561 4043 698 4105 publicem]
722 4043 739 4067 ‘⁶
749 4043 862 4091 Piscinae
893 4046 1001 4093 urbanae
1011 4045 1086 4094 Cales
1096 4051 1267 4094 convenerant.
1284 4045 1374 4094 Sicos.

353 4121 388 4169 pu
405 4104 468 4154 litae
488 4103 561 4154 hodie
582 4121 672 4162 nomen
694 4111 787 4165 manet,
807 4106 862 4168 ipsa
925 4111 1024 4169 4Ante
1042 4111 1169 4158 Kalendas
1184 4111 1275 4158 Iunios
1295 4111 1401 4172 priuos]

353 4185 403 4218 non
419 4174 511 4228 manet,
527 4170 647 4231 adquam
663 4175 689 4218 at
704 4173 825 4228 natatum,
835 4175 861 4217 et
894 4169 1069 4234 Inscriptiones
1084 4174 1167 4234 plures
1182 4173 1251 4234 apud
1263 4173 1365 4223 Gmter.
1379 4175 1403 4222 in

353 4232 534 4281 exercitationis
549 4233 642 4296 alioqui
659 4249 733 4282 eausa
749 4233 861 4282 veniebat
892 4236 1112 4295 quibusKalendas
1120 4239 1215 4300 primos
1223 4235 1339 4299 legimus,
1346 4237 1404 4288 citat

354 4297 486 4359 populus.”
502 4297 598 4346 Festus.
894 4297 1022 4348 Drakenb.

389 4374 400 4410 r
418 4361 458 4410 Eo
472 4362 611 4412 cadmia
620 4363 694 4424 fieri]
713 4361 739 4410 h.
750 4375 771 4410 e.
784 4359 862 4422 Lites,
886 4417 892 4427 Ι
