2966 4778
363 214 459 280 LIB.
484 215 597 282 xxlt
634 215 745 282 CAP.
767 223 820 280 44.
1057 217 1117 280 103

111 347 286 428 Hannibal,
306 365 473 438 postquam
496 364 598 416 motos
619 353 719 439 magis
739 350 917 417 inconsulte
940 350 1113 427 Romanos,
1125 363 1159 413 U.
1171 359 1271 428 ⁰·'536·

51 446 160 522 squam
175 435 217 500 ad
236 437 385 502 ultimum
405 452 524 503 temere
545 450 679 514 evectos,
696 438 793 514 vidit3
816 439 1041 524 nequicquam,
1057 429 1153 502 de-l·
1171 429 1201 477 0·
1217 426 1272 478 ¹¹⁶·

71 535 148 586 tecta
167 523 291 600 iiaude,
307 524 340 589 in
363 537 464 589 castra
485 524 587 588 rediit.
633 525 683 589 Ibi
697 524 803 610 plures
824 524 893 588 dies
913 536 1043 610 propter
1065 523 1114 587 in·
1170 495 1223 555 43·

70 609 168 693 opiam
182 609 336 674 liumenti
352 633 479 675 manere
494 611 667 697 nequibat3
691 633 836 696 novaque
851 610 982 674 consilia
995 609 1030 673 in
1045 609 1114 674 dies

69 715 130 757 non
158 695 246 781 apud
272 695 390 760 milites
414 696 526 773 solum,
554 697 670 761 mixtos
699 719 739 760 ex
767 696 944 760 colluvione
970 696 1113 760 omnium

68 781 217 864 gentium,
233 781 402 846 sedetiam
423 782 509 868 apud
524 783 627 870 ipsum
648 783 774 859 ducem,
790 782 979 846 oriebantur.
1027 781 1113 846 Nam
1123 791 1272 866 transibam

69 887 162 950 quum
185 867 280 931 initio
300 869 455 945 fremitus,
470 868 587 934 deinde
608 883 716 955 aperta
735 869 916 932 vociferatio
933 867 1043 932 firisset
1057 891 1114 932 ex·
1122 871 1206 968 3⁰2¹*
1216 862 1241 903 et

69 953 264 1036 poscentium
284 953 479 1040 stipendium
500 954 654 1031 debitum,
670 955 936 1054 querentiumque
954 973 1114 1018 annonam
1155 925 1240 968 ΠΜ

88 1038 174 1115 rimo,
196 1053 360 1125 postremo
382 1040 516 1122 famem3
542 1054 575 1104 et
597 1041 805 1104 mercenarios
827 1039 953 1117 mrhtes,
976 1041 1113 1104 maxime

68 1059 201 1211 llispani
212 1126 349 1212 generis,
361 1124 402 1190 de
416 1127 599 1190 transitione
611 1127 730 1212 cepisse
746 1125 911 1190 consilium
923 1126 1007 1190 lama
1017 1141 1112 1190 esset:

67 1208 129 1294 ipse
150 1213 249 1275 etiam
271 1212 434 1276 interdum
449 1211 613 1278 Hannibal
634 1213 675 1277 de
697 1213 773 1299 fuga
793 1213 827 1275 in
844 1211 982 1276 Galliam
997 1212 1115 1277 dicitur

69 1295 205 1381 agitasse,
229 1298 276 1362 ita
299 1311 344 1374 ut,
368 1298 479 1363 relicto
502 1299 648 1385 peditatu
671 1300 769 1376 omni,
792 1321 866 1363 cum
890 1299 1051 1385 equitibus
1080 1321 1113 1364 se

67 1383 247 1470 proriperet.
298 1385 410 1459 Quum
424 1384 503 1448 haec
523 1383 655 1448 consilia
672 1399 767 1470 atque
784 1385 837 1448 hic
852 1384 977 1448 habitus
992 1386 1114 1449 animo·
1123 1390 1210 1440 castra
1221 1405 1271 1440 ma

68 1489 132 1532 rum
148 1484 231 1534 efflet
246 1471 282 1534 in
297 1471 415 1547 castris,
432 1493 557 1535 movere
578 1470 653 1535 inde
674 1472 785 1535 statuit
804 1471 839 1534 in
854 1470 1003 1534 calidiora
1017 1484 1113 1570 atque
1123 1460 1171 1515 Ψ·

68 1575 103 1618 eo
117 1557 290 1622 mamriora
304 1557 457 1622 messibus
475 1557 614 1642 Apuliae
629 1556 714 1621 loca:
738 1557 832 1620 simul
847 1571 893 1633 ut,
909 1580 974 1644 quo
989 1557 1114 1643 longrus

68 1639 103 1703 ab
117 1641 206 1707 hoste
228 1643 417 1720 recessisset,
434 1641 607 1728 transfugia
628 1643 829 1729 impeditiora
843 1643 963 1708 levibus
978 1643 1114 1730 ingeniis

68 1741 174 1792 essent.
221 1729 390 1794 Profectus
404 1742 453 1793 est
472 1739 574 1806 nocte,
591 1729 717 1815 ignibus
737 1729 881 1793 similiter
894 1729 993 1807 factis,
1010 1731 1115 1794 taber·

67 1813 248 1902 naculisque
272 1815 381 1901 paucis
410 1815 446 1879 in
532 1815 613 1880 ciem
642 1815 769 1891 relictis,
793 1828 829 1879 ut
850 1815 1035 1879 insidiarum
1080 1837 1115 1880 ar

69 1898 159 1982 priori
174 1915 281 1966 metus
301 1903 481 1966 contineret
533 1923 672 1965 ouranos.
720 1900 794 1978 Sed,
809 1924 868 1988 per
887 1902 1026 1966 eundem
1047 1839 1115 1965 Iiu-

69 2003 177 2050 canum
194 1986 368 2065 Statilium,
380 1987 528 2052 omnibus
543 1986 625 2052 ultra
639 1999 741 2051 castra
754 2003 903 2072 transque
919 1999 1043 2051 montes
1058 2010 1115 2051 ex·
1207 2045 1212 2054 .

69 2067 201 2152 ploratis,
216 2096 320 2174 quum
334 2073 469 2138 relatum
484 2087 576 2150 esset,
588 2073 691 2136 visum
705 2072 816 2157 procrd
829 2073 968 2137 hostium
1057 2097 1113 2150 en3

69 2165 133 2220 tum
157 2158 198 2223 de
223 2159 426 2246 insequendo
454 2182 493 2224 eo
522 2157 654 2223 consilia
679 2159 790 2245 agitari
820 2171 940 2244 coepta.
1037 2182 1115 2222 uum
1181 2237 1183 2241 Ι

51 2242 228 2332 tutriusque
253 2245 391 2310 consulis
413 2245 535 2321 eadem,
559 2267 641 2331 quae
663 2265 789 2392 semppir
810 2256 894 2321 ante,
912 2244 1023 2308 brisset
1043 2267 1115 2309 sen-

70 2329 182 2406 tentia;
206 2343 350 2396 ceterum
366 2330 503 2395 Varroni
522 2331 588 2394 sere
604 2351 724 2407 omnes,
770 2329 855 2394 aullo
869 2352 974 2406 nemo,
990 2345 1116 2416 praeter

72 2409 236 2482 Servilium
252 2417 365 2503 prioris
380 2417 456 2480 anni
471 2415 644 2493 consulem,
657 2417 879 2492 assentiretnr3
903 2416 1029 2480 maioris
1043 2440 1115 2504 par·

50 2497 108 2561 atis
117 2503 277 2566 sententia
287 2502 329 2567 ad
339 2501 552 2566 nobilitandas
566 2502 655 2567 clade
669 2501 816 2566 Romana
829 2501 967 2578 Cannas,
980 2517 1114 2589 urgente

70 2582 139 2662 fato,
168 2588 303 2675 profecti
333 2600 415 2652 sunt.
462 2587 567 2674 Prope
597 2611 671 2652 eum
697 2587 803 2652 vicum
830 2586 993 2653 Hannibal
1015 2605 1115 2654 castra
1123 2594 1274 2644 ademare

71 2687 213 2753 posuerat
227 2696 336 2738 aversa
349 2697 369 2738 a
383 2673 544 2739 Vulturno
558 2685 664 2750 vento,
680 2673 736 2759 qui
752 2675 871 2760 campis
886 2674 1011 2738 torridis
1025 2663 1202 2769 sicci,me
1211 2674 1271 2720 po·

71 2767 130 2820 tate
145 2759 248 2825 nubes
266 2759 406 2846 pulveris
424 2759 520 2824 vehit.
567 2757 607 2822 Id
627 2760 756 2845 quumi
797 2759 822 2823 is
843 2761 951 2824 castris
970 2737 1167 2848 pernomm‘

72 2842 196 2910 nodum
218 2845 289 2923 fuit,
312 2859 381 2910 tum
403 2845 537 2910 salutare
559 2845 728 2944 praecipue
787 2859 892 2909 turum
914 2859 990 2922 erat,
1014 2869 1115 2932 quum

72 2927 167 2994 aciem
187 2931 372 3018 dirigerent,
393 2931 454 3018 ipsi
473 2952 584 3007 aversa,
601 2942 690 3018 terga
711 2943 836 2996 tantum
859 2931 986 2995 afflante
1006 2945 1113 3009 vento,

72 3011 104 3074 in
118 3031 318 3081 occaecatum
332 3016 461 3104 prdaese
476 3016 578 3081 offuso
593 3016 716 3080 hostem
731 3018 911 3103 pugnaturi.

113 3098 279 3179 Consules,
294 3103 369 3166 satis
388 3102 559 3189 exploratis
576 3102 751 3178 itineribus,
767 3114 936 3188 sequentes
956 3100 1113 3180 Poenum,
1169 3097 1229 3189 44..
1255 3178 1261 3189 ¹

72 3194 249 3252 otrentum
264 3188 306 3252 ad
322 3186 451 3252 Cannas
465 3200 522 3264 est,
538 3187 594 3251 ubi
614 3187 648 3250 in
668 3200 841 3273 conspectu
856 3186 1002 3253 Poenum
1017 3187 1115 3252 habs·
1124 3177 1273 3288 Romapbr-

72 3267 153 3347 bant,
168 3274 246 3338 bina
259 3287 361 3338 castra
374 3272 604 3349 communiunt,
617 3272 731 3337 eodem
745 3272 844 3335 ferme
860 3271 1034 3348 intervallo,
1050 3256 1246 3358 quossffiniff

74 3353 111 3416 ad
133 3356 321 3436 Geronium,
343 3359 425 3424 sicut
447 3371 531 3436 ante,
554 3359 654 3444 copiis
675 3356 790 3421 divisis
842 3356 981 3420 Aufidus
1003 3359 1114 3436 amnis,

74 3441 211 3530 utrisque
224 3445 333 3510 castris
353 3445 495 3521 affluens,
510 3443 640 3508 aditum¹
655 3441 857 3527 aquatoribus
879 3465 919 3506 ex
940 3465 998 3506 sua
1011 3444 1116 3508 cnius-

74 3545 132 3623 qne
147 3531 382 3616 opportunitate
402 3529 489 3594 haud
509 3529 577 3593 sine
600 3528 772 3593 certamine
796 3528 900 3594 dabat.
947 3527 998 3592 Ex
1013 3530 1116 3593 mino·

54 3611 155 3676 9r1bus
170 3628 276 3680 tamen
290 3616 408 3693 castris,
424 3638 506 3702 quae
525 3613 629 3715 posita
649 3627 735 3679 trans
751 3613 907 3678 Aufidum
922 3627 1022 3691 erant,
1037 3613 1117 3680 libe-

75 3696 135 3761 rius
149 3701 347 3788 aquabantur
362 3701 510 3778 Romani,
523 3722 599 3786 qma
613 3699 682 3787 ripa
696 3699 826 3764 ulterior
841 3697 964 3766 nullum
979 3701 1116 3767 habebat

105 3883 314 3956 6Noqas'cq1mm]
335 3892 375 3940 Ra
389 3891 481 3940 insecta
497 3892 576 3941 rediit.
609 3893 725 3942 mandato
735 3907 752 3941 a
762 3898 849 3942 senatu
860 3894 1000 3944 consulibus
1011 3896 1078 3957 dato,
1088 3903 1116 3946 ut

77 3946 114 3999 sie
123 3966 162 4013 sp.
174 3955 233 4005 Sall.
246 3955 357 4018 Iugurth.
367 3967 405 4018 25.
414 3957 576 4017 bapstismu-
608 3971 708 4017 operam
718 3956 867 4019 reipublicae
878 3964 976 4008 strenue
992 3966 1117 4020 navarent,

77 4017 255 4069 erraneam.
272 4019 354 4069 om.
574 4069 576 4072 ,
608 4025 634 4068 et
650 4035 706 4068 cum
725 4021 867 4070 Hannibale
885 4037 981 4083 manus,
995 4024 1015 4072 si
1031 4025 1057 4071 id
1073 4040 1116 4086 op-

109 4087 121 4136 7
136 4081 236 4142 Eadm,
251 4099 315 4146 praua
333 4099 427 4145 remur
444 4085 514 4142 ante]
533 4084 576 4131 Al·
608 4089 712 4144 portune
729 4083 781 4132 fieri
797 4090 888 4146 posset,
904 4092 1062 4136 consererent
1084 4087 1116 4137 cf.

77 4141 148 4189 terius
158 4144 250 4194 scilicet
260 4147 292 4196 ad
304 4145 579 4208 pugnandum,alterius
612 4147 699 4208 Polyb.
710 4147 743 4196 iii.
759 4159 813 4210 107,
825 4149 877 4197 108.

79 4203 248 4258 adsedendum
259 4209 380 4271 proclivis.
501 4233 504 4240 ·
642 4213 755 4272 olbam
765 4213 896 4274 Aufidum]
915 4224 949 4262 sc:
961 4214 992 4262 ln
1003 4211 1117 4275 ripaOri·

82 4269 122 4338 ΙΙ8
141 4272 319 4334 b'ryentssato]
338 4273 417 4322 Taces
428 4271 527 4322 omnino
539 4272 578 4320 Li·
611 4274 695 4324 catali.

81 4344 129 4380 uus
138 4335 168 4382 de
179 4336 283 4386 consiliis
295 4337 391 4386 Romae
404 4335 501 4396 habitis,
511 4341 536 4384 et
547 4336 578 4386 de
