2966 4778
387 247 483 314 LIB.
507 247 622 314 XXII.
656 249 768 316 CAP.
792 257 844 318 26.
1103 253 1144 317 87

87 382 280 446 ‘rationem’
294 381 416 448 diceret
431 383 647 448 ‘reddendam
669 407 745 450 esse.
794 385 828 450 Si
847 407 947 473 penes
966 406 1000 449 sc
1020 397 1228 450 summano.
1245 409 1300 460 53⁵·

87 468 235 556 ‘imperii
256 468 443 556 consiliique
473 470 523 547 sit,
546 471 733 570 propediem
759 473 959 550 effecturum,
983 483 1020 535 ut
1041 463 1182 535 sciant*
1199 462 1229 512 ⁰·
1245 471 1309 544 ²¹⁷⁰.

88 555 264 632 ‘homines
279 555 365 620 bono
379 556 562 656 imperatori
582 556 669 621 baud
690 559 798 645 magni
811 559 971 624 fortunam
986 557 1142 622 momenti

62 651 194 705 r‘asse:
219 655 361 705 mentem
380 655 600 729 rationemque
621 642 786 710 dominari.
834 643 876 710 Se
897 644 931 708 in
952 655 1015 709 tem
1060 665 1094 708 re
1109 655 1143 708 et

88 728 178 792 ‘sine
193 727 370 815 ignominie
383 749 520 793 servasse
532 729 717 807 exercitum,
730 753 827 818 quam
842 729 942 795 multa
956 730 998 794 m'
1069 729 1143 795 hos-

88 813 191 878 ‘tium
214 813 376 891 occidioee,
403 814 554 879 maiorem
579 813 712 902 gloriam
738 818 827 882 esse!
881 816 989 881 Huius
1016 815 1142 903 generis
1150 831 1290 882 Mutuus

87 900 284 965 orationibus
312 900 428 967 frustra
455 900 581 979 habitis,
611 913 645 965 et
673 902 803 968 consule
832 915 938 968 creato
968 901 1016 966 M.
1039 895 1266 968 Atili0⁸¹¹ff²0²¹²⁸

88 985 228 1074 Regulo,
240 1008 282 1050 ne
296 1007 445 1073 praesens
454 986 497 1052 de
511 987 580 1052 iure
595 987 721 1075 imperii
735 989 910 1066 dimicaret,
926 987 1029 1076 pridie
1044 1011 1141 1075 quam
1150 960 1207 1010 ⁰⁰⁵

86 1073 261 1159 rogationis
274 1073 424 1138 ferendae
444 1073 513 1138 dies
532 1073 665 1152 adesset,
681 1089 775 1140 nocte
794 1075 835 1142 ad
855 1075 1033 1140 exercitum
1053 1073 1139 1139 abiit

88 1159 180 1223 Luce
196 1172 274 1236 orta,
287 1181 387 1247 quum
398 1159 500 1246 plebis
514 1161 685 1226 concilium
697 1175 788 1239 esset,
802 1161 901 1249 magis
912 1161 1008 1226 tacita
1022 1159 1142 1226 invidia

87 1245 253 1310 dictatoris
266 1244 337 1310 favo
376 1269 416 1312 ue
432 1247 572 1333 magistri
583 1248 729 1334 equitum
744 1249 866 1312 animos
879 1248 1032 1324 versabat,
1067 1269 1142 1312 uam

87 1332 165 1396 satis
179 1331 340 1396 audebant
382 1332 505 1396 omines
525 1332 566 1397 ad
586 1333 794 1411 suadendum,
812 1334 900 1421 quod
919 1333 1016 1420 vulgo
1036 1270 1141 1420 place-

60 1419 154 1494 2bat,
176 1417 323 1504 prodire:
347 1430 389 1494 et,
411 1417 517 1483 favore
535 1431 713 1505 superante,
729 1421 899 1486 auctoritas
921 1433 1029 1484 tamen
1050 1441 1142 1520 roga·

89 1504 172 1568 doni
186 1503 303 1568 deerat.
350 1503 445 1569 Unus
458 1505 607 1570 inventus
621 1519 670 1570 est
689 1527 797 1571 suasor
816 1506 895 1592 legis
917 1505 956 1570 Ο.
970 1505 1141 1570 Terentius
1150 1521 1179 1570 u.
1192 1521 1283 1572 Terea

88 1589 203 1666 Varro,
226 1589 283 1676 qui
303 1590 408 1677 priore
438 1613 523 1656 anno
552 1604 677 1678 praetor
704 1592 816 1670 fuerat,
840 1592 911 1656 loco
939 1614 1005 1656 non
1027 1584 1297 1656 humilitiam.

88 1674 203 1753 solum,
226 1675 401 1742 sedetiam
430 1676 566 1754 sordido,
590 1690 685 1742 ortua
745 1677 874 1744 Patrem
896 1677 1024 1744 lanium
1045 1677 1140 1743 firisse

60 1761 207 1838 sfenmt,
220 1763 324 1862 ipsum
338 1763 515 1828 institorem
530 1764 652 1841 mercis,
665 1764 795 1851 filioque
809 1764 871 1830 hoc
882 1765 951 1852 ipso
967 1765 1002 1829 in
1017 1764 1142 1830 servilia

90 1848 162 1914 eius
183 1862 259 1913 artrs
281 1849 456 1914 ministeria
477 1871 579 1914 usum
626 1849 658 1914 Ie
679 1851 812 1928 iuvenis,
828 1852 884 1916 ubi
906 1874 947 1916 ex
969 1873 1009 1915 eo
1022 1873 1140 1936 genere
1197 1873 1249 1934 26,

112 1949 241 1999 uaestus
254 1936 391 2021 pecunia
405 1959 425 2000 a
438 1949 526 2024 patre
538 1935 649 2002 r'elicta
659 1938 781 2002 animos
795 1937 837 2002 ad
851 1960 941 2024 spem
956 1937 1141 2002 liberalioris

61 1958 236 2113 {brtunae
265 2021 351 2098 fecit,
374 2035 512 2108 togaque
538 2036 571 2087 et
600 2023 704 2087 forum
734 2024 892 2111 placuere,
915 2021 1141 2110 proclamando

88 2129 149 2194 pro
170 2105 305 2172 sordidis
326 2107 509 2172 hominibus
530 2109 695 2195 causisque
718 2109 867 2174 adversus
888 2131 956 2177 rem
978 2121 1011 2173 et
1024 2109 1140 2172 bmam

88 2195 258 2271 bonorum,
281 2194 420 2281 primum
442 2194 477 2258 in
498 2194 644 2259 notitiam
665 2195 786 2282 populi,
801 2195 919 2260 deinde
942 2195 983 2260 ad
1005 2192 1142 2258 honores

132 2280 245 2344 rvenit.
294 2280 473 2355 Quaestum
492 2302 621 2367 quoque
640 2293 673 2345 et
690 2281 813 2346 duabus
831 2280 1063 2357 aedilitatibus·
1074 2279 1143 2367 ple·

88 2302 163 2430 &ia
177 2380 211 2431 et
224 2365 337 2444 curuli,
352 2379 511 2453 postremo
526 2379 560 2430 et
573 2379 721 2453 praetura
731 2367 924 2454 perfunctus,
937 2367 999 2432 iam
1009 2366 1050 2431 ad
1064 2389 1142 2432 eon·

88 2451 211 2516 sulatus
231 2475 321 2539 spem
342 2475 444 2540 quum
465 2452 624 2518 attolleret
645 2454 776 2530 animos,
791 2452 879 2518 haud
900 2475 1012 2541 parum
1027 2452 1140 2518 callide

61 2549 200 2604 6auram
214 2538 328 2604 favoris
342 2539 502 2627 popularis
516 2561 558 2603 ex
572 2539 739 2605 dictatoria
753 2539 873 2604 invidia
886 2540 988 2640 petiit,
1004 2540 1140 2626 scitique

111 2624 192 2689 leb'm
206 2648 289 2690 unus
303 2625 436 2713 gratiam
451 2625 534 2690 tulit.
574 2625 695 2691 Omnes
710 2649 781 2691 eam
796 2639 1003 2713 rogationem,
1020 2627 1140 2713 quique
1150 2639 1278 2700 aequatur

89 2649 227 2788 ltomae,
243 2713 363 2799 quique
378 2713 413 2776 in
428 2712 570 2777 exercitu
586 2727 685 2790 erant,
702 2713 796 2799 aequi
811 2726 906 2800 atque
921 2713 1034 2800 iniqui,
1051 2702 1264 2800 prae-llietfllori
1282 2765 1288 2777 .

90 2809 142 2861 ter
151 2797 255 2884 ipsum
266 2797 464 2876 dictatorem,
475 2798 509 2862 in
519 2799 744 2863 contumeliam
755 2799 824 2864 eius
834 2798 930 2864 latam
939 2811 1139 2886 acceperunt
1149 2767 1300 2882 &Equi-

90 2883 176 2970 Ipse,
192 2906 258 2970 qua
276 2885 428 2971 gravitate
449 2884 548 2948 animi
567 2885 771 2950 criminantes
789 2907 823 2950 se
842 2886 883 2950 ad
902 2884 1141 2950 multitudinem

89 2969 238 3035 inimicos
258 2971 381 3048 tulerat,
397 2971 510 3036 eadem
531 2983 564 3034 et
583 2970 693 3058 populi
708 2973 742 3034 in
757 2995 791 3036 se
811 2972 979 3036 saevientis
993 2970 1142 3035 iniuriam

66 3055 183 3121 ttulit:
206 3057 407 3144 acceptisque
422 3057 458 3120 iu
471 3057 541 3144 ipso
552 3057 665 3122 itinere
680 3057 779 3122 literis
790 3071 982 3144 senatusque
996 3056 1142 3123 consulto

127 3299 190 3346 rln
200 3300 317 3361 tempore]
335 3297 591 3360 iaPeroppcrtuno.
636 3297 723 3358 Varro,
745 3297 770 3346 in
794 3295 878 3346 tunica
904 3295 1050 3346 incedebat:
1079 3301 1144 3358 toga,

125 3375 140 3408 a
157 3363 252 3412 Furore
264 3369 406 3425 superante,
420 3365 553 3412 auctoritas
566 3370 601 3410 ta·
634 3366 678 3409 aut
694 3376 829 3424 nunquam,
847 3367 890 3410 aut
903 3375 1000 3424 perraro
1020 3359 1142 3410 utebatur.

90 3425 603 3486 mest1Quamvisfaroressetimmodicus,
635 3425 716 3475 Caav.

90 3488 436 3553 quamvisl'ascsentimpsnse
445 3497 470 3540 st
478 3492 543 3540 ultra
551 3506 602 3539 mo·
668 3503 682 3552 5
700 3489 889 3547 Praetamcadc]
910 3487 1064 3536 Rabularum
1076 3501 1143 3537 mors

90 3555 153 3602 dum
164 3553 282 3618 rogationi
293 3553 414 3613 homines,
424 3556 508 3603 deerat
519 3561 602 3602 tamen
635 3553 789 3600 vociferando
805 3557 830 3599 et
846 3553 909 3599 altos
926 3553 1045 3600 clamores
1055 3552 1143 3599 tollen·

90 3617 135 3679 qui
146 3631 172 3665 se
183 3623 308 3666 auctorem
321 3631 492 3680 suasoremque
502 3617 525 3666 ei
536 3632 602 3679 roga
635 3617 683 3674 do;
699 3616 765 3664 undo
778 3617 976 3677 proclamatorcm
992 3629 1034 3675 ap.
1047 3613 1100 3663 Cic.
1112 3614 1143 3662 de

91 3681 155 3730 tioni
166 3683 301 3742 praeberet.
317 3683 399 3732 casv.
636 3681 679 3729 Or.
692 3680 708 3728 i.
720 3677 758 3739 46.
771 3693 815 3739 pro
826 3679 911 3726 nabala
918 3679 1045 3728 habemus
1058 3677 1142 3727 Dosa.

127 3747 292 3806 3Insts'torem
302 3747 400 3806 mnas]
414 3745 543 3793 institores
550 3745 601 3806 pla·
666 3741 683 3792 6
699 3745 807 3804 Seittque
823 3744 914 3804 plebis]
938 3744 1003 3793 Cum
1021 3743 1087 3790 solus
1106 3741 1143 3790 fu·

91 3823 197 3870 rumque
213 3809 359 3858 servierant
374 3815 417 3857 aut
434 3808 550 3866 libertini,
560 3807 601 3870 qui
634 3807 692 3856 isset
705 3821 788 3854 suasor
802 3806 870 3868 legis,
880 3806 955 3855 etiam
972 3806 1039 3854 solus
1055 3806 1143 3868 plebia·

92 3872 187 3921 domiui
207 3874 246 3922 vel
266 3874 363 3935 patroni
380 3872 479 3920 nomine
498 3871 602 3934 singula
636 3871 686 3920 cito
696 3871 762 3919 facto
773 3870 870 3919 eiusrei
883 3870 985 3933 gratiam
997 3870 1062 3920 tulit
1080 3871 1144 3920 Ras-

92 3937 140 3984 tim
152 3952 245 3985 merces
255 3937 281 3984 in
293 3935 399 3985 tabemis
408 3937 553 3993 vendebant,
561 3941 604 3983 aut
636 3949 706 3984 curo.

92 4000 170 4048 stiam
196 4000 304 4049 ostiatim
327 4001 425 4049 venales
452 4000 605 4048 circumiere·
670 4000 790 4060 ybiteris
803 4005 950 4062 matare
966 3999 1145 4060 consulto11ts

92 4065 170 4122 bant;
186 4063 310 4112 interdum
328 4079 427 4127 quoque
446 4063 545 4126 ingenui
561 4064 604 4111 sed
637 4063 745 4112 Gronov.
768 4062 872 4111 coniecit
893 4077 937 4125 pro
959 4063 1024 4126 vulg.
1045 4069 1145 4113 senatu

93 4129 126 4176 de
137 4129 205 4176 faece
216 4128 306 4190 plebis,
316 4128 409 4190 quippe
419 4143 495 4189 quum
507 4128 604 4188 hocge·
636 4129 747 4176 mauultl.
780 4127 903 4176 strothius
918 4133 1001 4175 autem
1016 4128 1093 4176 literis
1110 4141 1145 4176 rs·

93 4207 142 4240 nus
159 4197 310 4241 mercaturae
327 4192 380 4242 eivs
397 4193 512 4240 Romano
529 4189 604 4253 indig·
637 4198 712 4239 natue
722 4189 811 4240 scribit.
840 4191 929 4252 Neque
940 4192 1027 4238 mirere
1038 4195 1146 4238 senatus·

93 4257 151 4304 nius
160 4257 298 4304 haberetur.
320 4255 596 4305 cf.1nv.Sat.vii.aer.
638 4254 744 4302 consulti
765 4253 915 4302 mentionem
937 4253 989 4302 tisri
1010 4253 1036 4302 in
1058 4269 1084 4301 re
1103 4268 1148 4315 per

123 4337 144 4380 4
163 4323 211 4381 Toy
278 4321 288 4380 ]
309 4319 406 4382 Vulgus
418 4319 483 4367 enim
496 4317 606 4368 etsordi·
640 4319 739 4380 plebem
749 4323 877 4366 tranmta.
912 4319 998 4373 Quum
1011 4317 1077 4366 enim
1093 4321 1149 4378 post

95 4337 608 4446 dusmpemquougsnereomusemt
641 4383 707 4444 leges
724 4381 853 4430 Horatium
873 4386 898 4428 at
918 4379 1077 4430 Hortensium
1097 4381 1148 4441 ple·
