2866 4770
346 229 441 296 LIB.
467 229 579 296 XXX
611 231 722 298 (JAP.
748 239 799 300 33.
1037 241 1100 304 535

52 373 158 450 neque
172 385 239 429 non
253 377 362 452 petere
379 389 492 454 pacem
529 381 637 454 ropter
652 382 784 447 metum,
800 391 906 457 neque
922 385 1050 436 manere
1065 373 1100 436 in
1110 383 1144 436 U.
1156 387 1186 436 c,
1202 399 1260 450 ⁵50·

52 473 90 514 ea
98 471 173 536 prae
182 451 278 516 insita
286 453 399 518 animia
409 453 490 540 perii
514 455 544 518 ia
553 455 739 542 potuissent
770 456 827 520 Ad
835 455 1099 558 hoccolloquium
1108 449 1140 500 A.
1157 452 1188 500 ⁰*
1203 465 1259 501 ²0²·

31 535 242 602 tHannibalis
264 539 299 602 in
321 555 442 604 secreto
469 539 623 617 habitum,
647 565 684 606 ac
706 542 841 608 liberum
867 544 1012 629 fingenti,
1036 567 1101 632 qua

51 622 135 701 velit,
156 624 271 696 flectit,
312 625 491 704 Ominatur,
508 627 624 714 quibus
644 628 806 714 quondam
829 631 975 716 auspiciis
995 648 1099 718 patres

51 731 160 774 eorum
179 713 391 799 pugnaverint
411 712 452 776 ad
468 714 608 800 Aegates
627 713 755 792 insulas,
772 739 810 780 ea
826 716 887 780 illis
907 717 1099 782 exeuntibus

50 796 84 859 in
98 797 198 861 aciem
258 798 412 863 rtendisse
427 798 513 864 deos
560 799 704 865 ‘Adesse
719 801 816 866 finem
831 802 908 867 belli
922 825 958 866 ac
973 802 1096 868 laboris.

50 881 111 946 ‘In
126 883 212 948 mani
235 907 272 948 us
286 907 354 949 esse
369 885 517 972 praedam
536 885 747 974 Carthaginis,
763 889 901 953 reditum
917 888 1047 954 domum
1063 891 1098 954 in

51 976 61 1008 ‘
112 970 214 1047 triam,
231 969 272 1034 ad
289 985 445 1058 parentes,
466 971 592 1052 liberos,
608 974 768 1060 coniuges,
785 989 980 1062 penatesque
1001 975 1098 1041 deos!

51 991 165 1120 chareus
179 1057 257 1122 haec
272 1080 413 1146 corpore,
428 1058 582 1146 vultuque
597 1061 642 1125 ita
661 1060 753 1138 laeto,
770 1076 808 1127 ut
819 1061 930 1126 vicisse
950 1063 1013 1126 iam
1029 1085 1098 1127 cre·

49 1141 149 1220 deres,
168 1143 302 1209 dicebat.
349 1145 480 1210 Instruit
500 1145 618 1211 deiude
640 1144 759 1233 primos
780 1147 926 1225 hastatos,
948 1162 1020 1235 post
1041 1165 1097 1214 eos

26 1214 224 1317 8principes:
248 1231 362 1296 triariis
373 1245 564 1319 postremam
573 1234 674 1298 aciem
684 1233 803 1298 clausit
850 1233 1096 1300 Noncoufertas
1153 1245 1206 1305 33.

48 1329 154 1380 autem
180 1317 325 1382 cohortes
351 1331 424 1382 ante
448 1341 505 1382 sua
527 1341 622 1406 quarn
647 1342 688 1384 ue
714 1321 804 1406 sigua
830 1321 1015 1399 instruebat,
1039 1322 1096 1387 sed
1106 1327 1239 1403 anasei-

47 1402 226 1489 manipulos
245 1403 445 1492 aliquantum
464 1405 549 1469 inter
567 1428 601 1470 se
621 1343 782 1484 distantes,
799 1419 836 1471 ut
849 1421 931 1472 esset
948 1410 1094 1495 spatium,
1104 1407 1192 1454 ΡΜ

70 1511 112 1553 uo
141 1489 304 1577 elephanti
333 1490 473 1556 hostium
502 1492 625 1579 accepti
655 1492 736 1556 nihil
764 1492 891 1558 ordines
921 1495 1094 1560 turbarent.

48 1509 204 1654 haelium,
221 1577 311 1641 cuius
326 1590 400 1642 ante
415 1577 521 1664 legati,
534 1601 573 1643 eo
589 1601 673 1643 anno
689 1579 862 1666 quaestoris
873 1595 961 1644 extra
978 1596 1096 1646 sortem

47 1683 87 1725 ex
101 1663 374 1728 senatusconsulto
389 1685 485 1751 opera
500 1666 656 1743 utebatur,
672 1687 745 1730 cum
766 1664 878 1732 Italico
894 1668 1037 1753 equitatu
1056 1668 1096 1733 ab

47 1748 172 1814 sinistro
187 1771 296 1827 cornu,
309 1749 512 1820 Masinissam
528 1750 751 1838 Numidasque
762 1753 802 1816 ab
812 1752 926 1818 dextro
937 1776 979 1840 op
1003 1755 1093 1819 osuit.

26 1833 124 1899 1Vias
152 1849 298 1923 patentes
326 1837 411 1901 inter
439 1837 617 1924 manipulos
642 1839 922 1925 antesignanorum
947 1777 1096 1905 velitibus

47 1921 99 2006 (ea
122 1934 198 1986 tunc
221 1921 298 1987 levis
320 1936 478 1988 armatura
499 1923 582 2009 erat)
603 1923 791 2011 complevit3
816 1924 892 1989 dato
914 1941 1094 2013 praecepto,

24 2021 91 2084 sut,
112 2007 154 2072 ad
173 2009 330 2096 impetum
351 2008 605 2096 elephantorum,
625 2023 681 2074 aut
742 2023 771 2074 st
792 2023 894 2075 rectos
914 2011 1096 2098 refugerent

23 2093 182 2172 sardinas,
198 2109 262 2173 aut,
278 2097 312 2160 in
328 2095 473 2160 dextram
493 2095 678 2183 laevamque
693 2033 837 2161 discum
851 2096 1046 2184 applicantes
1060 2121 1094 2162 se

46 2181 270 2270 antesignanis,
291 2182 384 2260 mam,
407 2205 471 2269 qua
490 2182 647 2248 irmerent
665 2182 699 2246 in
719 2183 870 2269 ancipitia
888 2183 960 2262 tela,
982 2183 1096 2250 belluis

79 2375 92 2428 7
115 2368 232 2416 biterras
256 2369 375 2430 stupenti,
407 2383 458 2432 pua
489 2369 556 2426 ulit,
588 2367 709 2430 scipionis
728 2368 858 2428 crationes,
876 2373 902 2418 et
922 2373 1000 2418 totam
1022 2369 1095 2420 huius

38 2431 132 2491 flectit]
150 2433 236 2491 Flesti,
247 2433 314 2494 quod
325 2432 439 2494 Sigonius
451 2433 555 2492 mavult,
588 2447 684 2494 pugnae
692 2432 855 2481 narrationem
865 2434 992 2496 exscripsit
1001 2434 1094 2495 Livius,

46 2493 181 2544 Beklrerin
194 2501 289 2544 textum
301 2497 401 2558 recepit.
587 2496 676 2544 clarius
696 2495 798 2556 indicat,
818 2513 867 2558 qua
888 2497 913 2546 in
932 2513 958 2546 re
978 2498 1060 2560 Scipio
1079 2514 1095 2548 a

77 2561 92 2607 8
106 2559 551 2623 Triariiapostremamaciemolaruit]
587 2560 710 2608 communi
722 2575 790 2608 more
798 2559 955 2610 instruendae
965 2563 1094 2611 Romanae

46 2621 75 2671 ci.
89 2623 177 2686 Polyb.
190 2625 220 2674 ri.
235 2639 271 2689 ¹9·
289 2623 393 2673 Niebhr.
408 2623 442 2674 iii.
457 2639 481 2673 n.
499 2625 552 2685 ⁸²5·
585 2623 648 2672 aciei
674 2625 806 2673 recesserit.
846 2625 980 2688 “Scipio''
1006 2625 1094 2689 inquit,

46 2685 160 2736 Mutatae
181 2687 231 2736 iam
253 2687 327 2736 armis
346 2694 371 2736 et
395 2702 497 2736 numero
520 2687 553 2736 le·
587 2687 650 2735 “sic
681 2689 778 2737 ordines
811 2689 937 2752 copiarum
970 2689 1094 2741 iustnrxit.

45 2750 123 2812 monis
141 2751 205 2800 acies
223 2753 327 2802 stabant.
349 2751 379 2800 cs.
392 2767 456 2814 supr.
469 2750 517 2799 viii.
530 2753 553 2800 8.
587 2751 698 2800 Primum
726 2753 835 2802 hastatos
856 2769 989 2816 eorumque
1016 2753 1093 2803 mani·

46 2815 482 2880 Quippetastatorametprineipum
489 2815 553 2865 acies
585 2817 657 2878 pulos
671 2816 824 2878 aliquantum
841 2818 905 2867 inter
918 2833 943 2866 se
959 2819 1095 2878 distantem

46 2878 122 2927 denos
146 2881 285 2942 manipulos
306 2879 453 2938 hsbebant;
475 2879 552 2928 mani·
585 2879 672 2928 horum
688 2886 783 2951 atergo
796 2881 919 2946 principes
936 2882 1034 2942 locavit,
1050 2897 1094 2944 po·

46 2944 119 3004 palus
136 2949 235 2992 centum
249 2943 333 3006 viginti
349 2943 461 2992 homines
475 2949 553 3002 eraut,
586 2943 638 2992 sitis
648 2959 731 2992 eorum
747 2945 880 3006 manipulis
890 2960 939 2992 non
951 2961 981 2992 ex
992 2947 1093 2994 adverso

46 3005 87 3068 qui
113 3009 167 3069 pila
191 3013 308 3070 gererent
348 3009 440 3056 Triarii
461 3012 553 3064 autem,
587 3007 657 3055 vacui
677 3007 759 3068 spatii,
778 3021 826 3068 quo
845 3007 968 3055 distabant
986 3008 1093 3057 invicem

46 3071 130 3130 quiin
146 3071 259 3120 subsidiis
273 3072 473 3130 stabant,taetac
487 3085 553 3132 gere·
585 3070 736 3118 hastatorum
759 3069 888 3131 manipuli,
903 3070 966 3119 sicut
984 3087 1038 3120 mos
1056 3077 1093 3121 cst
1182 3093 1186 3102 ι

45 3135 113 3195 bant,
135 3135 255 3210 manipuli
278 3137 384 3194 decem;
410 3135 553 3196 manipulus
586 3133 764 3193 Romanorum,
777 3135 820 3182 sed
837 3134 900 3183 alios
917 3141 972 3197 post
988 3136 1050 3184 alios
1066 3137 1092 3184 in

46 3197 143 3248 vicenos
160 3201 253 3248 mihtes
272 3199 419 3248 continebat.
459 3200 553 3258 Velius,
586 3199 671 3246 eadem
687 3199 824 3257 sariacum
839 3198 922 3261 aliquo
936 3198 1093 3248 intervallo.'’

45 3263 87 3323 qui
99 3279 148 3312 uon
160 3263 222 3312 sicut
233 3269 307 3312 antea
318 3262 500 3325 manipulatim,
510 3263 552 3310 sed
587 3262 650 3310 Inde
662 3261 736 3310 fiebat
749 3267 777 3310 ut
789 3277 804 3310 a
815 3263 895 3311 fronte
909 3263 941 3311 ad
957 3270 1092 3312 extremam

46 3327 187 3374 cateruatim
209 3327 258 3376 iam
279 3327 365 3376 structi
387 3331 465 3385 erant,
487 3327 553 3374 leves
585 3325 664 3374 aciem
680 3331 792 3388 patentes
807 3333 832 3374 et
845 3326 952 3376 directae
964 3327 1017 3376 riae
1032 3343 1092 3391 pan-

44 3391 114 3439 mille
125 3393 244 3441 ducentos
257 3391 349 3440 milites
362 3391 501 3440 habebant:
518 3390 554 3440 ita
586 3391 710 3450 derantur,
721 3405 765 3453 per
780 3405 841 3452 quas
855 3391 979 3450 velites,si
996 3394 1027 3440 ab
1044 3393 1092 3442 ele·

46 3459 73 3501 ut
88 3455 195 3518 legiones
206 3455 331 3517 quaternis
345 3454 454 3503 millibus
469 3459 494 3502 et
508 3455 552 3502 du·
586 3454 684 3516 phantis
717 3453 820 3505 rrimium
850 3460 1000 3518 urgerentur,
1027 3471 1092 3518 pone

46 3519 112 3566 cenis
123 3519 242 3567 militibus
253 3525 340 3568 assent.
371 3519 447 3566 Haud
460 3517 551 3566 scioau
585 3519 723 3566 universam
745 3517 823 3566 aciem
848 3519 957 3582 refugere
984 3525 1091 3582 possent.

45 3581 192 3632 hacetertia
207 3583 310 3645 legionis
323 3583 454 3631 struendae
464 3582 554 3631 rstica
586 3583 667 3632 Canu.
947 3617 949 3622 .

44 3645 161 3708 Scipione
171 3648 281 3709 prolecta
291 3646 330 3697 sit.
619 3661 628 3694 1
653 3643 1092 3709 Valitibm(eataaeleaisarmatura

76 3725 92 3774 9
109 3713 168 3760 Nou
189 3713 311 3774 consertas
329 3718 411 3760 autam
430 3711 549 3770 retortu]
583 3708 663 3774 erot)]
682 3710 711 3759 cl.
724 3710 796 3770 Supr.
807 3709 873 3759 xxvi.
886 3728 908 3770 4.

46 3773 105 3822 Non
120 3773 155 3822 ita
170 3773 304 3823 iustmebat
319 3775 499 3822 cohortesante
509 3789 554 3822 sua
617 3776 709 3824 aPart
725 3779 801 3823 rectos
900 3775 1009 3835 ordines]
1031 3777 1092 3825 Post

45 3852 168 3900 quamque
184 3839 260 3902 aigrra,
272 3844 300 3887 ut
313 3837 502 3888 haererentsibi
517 3838 553 3886 in·
585 3838 682 3890 ordines
698 3837 740 3899 qui
758 3837 782 3885 in
801 3843 904 3897 rectum
918 3838 944 3886 in
961 3839 1060 3899 hasam,
1076 3857 1093 3890 a

45 3901 123 3950 vicem
135 3903 229 3952 densati
240 3901 485 3964 manipulisquibus
495 3917 551 3954 con·
583 3908 663 3951 tonte
684 3903 716 3949 ad
737 3901 851 3950 ultimam
878 3901 957 3952 aciem
982 3903 1092 3967 dispositi

45 3967 125 4014 stabat
136 3967 231 4027 cohors,
242 3968 283 4018 sed
298 3967 334 4015 ita
344 3973 373 4014 ut
383 3966 420 4016 illi
431 3965 551 4027 manipuli
585 3971 661 4015 erant.
678 3966 760 4015 Canu.

44 4029 436 4090 aliquantuminterssdiatarent.
457 4029 551 4078 Varum
617 4033 660 4092 314
662 4031 1015 4094 pplicantsasaantettpnaate]
1027 4033 1092 4094 Ima,

44 4091 108 4141 illud
123 4103 159 4144 est
172 4111 203 4144 ex
218 4109 286 4144 more
300 4095 372 4144 solito
384 4093 489 4143 militiae
501 4093 550 4141 Ro-
584 4101 613 4143 ut
631 4093 750 4156 Polybius
768 4094 852 4154 habet,
869 4095 1012 4155 intervallis,
1029 4112 1092 4158 quae

45 4169 141 4218 manae,
159 4159 185 4207 in
207 4175 257 4222 qua
278 4158 398 4220 manipuli
418 4157 552 4206 distinctim
583 4157 648 4206 iuter
668 4158 808 4221 manipulos
830 4174 846 4208 a
867 4160 953 4208 dextra
975 4160 1092 4221 laevaque

45 4236 141 4284 semper
158 4224 309 4272 locabantur.
343 4221 462 4285 Polybius
474 4236 514 4270 xv.
526 4237 551 4285 9.
584 4221 827 4285 patentiumviarunt
839 4223 1012 4272 relictaersnt.
1029 4224 1076 4274 Ca.

45 4286 155 4336 undeet
173 4289 259 4337 ambas
279 4289 329 4339 lere
351 4285 501 4338 Hannibalis
522 4301 551 4335 ac
