2888 4768
347 221 444 288 LIB.
468 220 579 287 XXV.
610 221 722 288 cAP.
746 227 798 288 24.
1045 233 1109 294 259

43 356 315 444 suestimandoque
333 359 401 446 ipse
416 381 534 437 secum,
552 358 630 446 quid
647 357 684 422 in
701 358 804 424 fionte
820 369 966 459 paterent
979 358 1105 450 singuli,
1117 379 1151 429 tJ.
1162 379 1193 430 c,
1208 394 1265 444 μυ.

64 443 256 509 altitudinem
285 447 380 523 muri,
407 460 562 534 quantum
588 445 733 534 proxime
759 459 942 511 coniectura
971 460 1104 535 poterat,
1117 446 1146 494 Α
1163 447 1194 497 ⁰·
1210 461 1265 497 ²¹²·

61 552 249 616 permensus,
264 531 531 620 humilioremque
551 531 713 620 aliquanto
733 533 866 620 pristina
883 534 1033 619 opinione
1048 558 1106 601 sua

61 629 91 680 et
104 631 278 682 ceterorum
298 620 442 684 omnium
463 633 548 684 ratus
568 641 647 696 esse,
663 631 696 683 ct
710 618 761 683 vel
781 620 993 685 mediocribus
1013 623 1104 688 scalis

59 704 271 790 superabilem,
293 705 334 770 ad
350 705 540 770 Marcellum
560 729 627 770 rem
647 705 758 770 defert.
805 705 904 770 Haud
924 710 1104 808 spernenda

58 791 126 854 visa.
173 790 249 868 Sed,
270 815 370 879 quum
394 792 474 856 adiri
497 792 595 870 locus,
616 793 672 879 qui
697 793 738 856 ob
762 791 796 856 id
820 793 923 880 ipsum
946 796 1101 860 intentius

58 877 296 956 custodiebatur,
312 901 378 943 non
399 894 514 966 posset,
530 878 653 944 occasio
673 879 902 966 quaerebatur:
926 903 1022 966 quam
1045 883 1101 947 ob·

39 963 125 1028 ttulit
144 964 313 1052 uansfuga,
330 967 490 1044 nuntians,
506 965 591 1031 diem
606 965 722 1030 festum
737 963 861 1030 Dianae
882 988 940 1052 per
959 965 1100 1032 triduum

56 1051 111 1136 agi,
131 1065 172 1128 et,
194 1051 272 1140 quia
293 1052 355 1117 alia
377 1052 411 1116 in
435 1053 599 1117 obsidione
622 1051 736 1129 desint,
755 1051 830 1116 vino
852 1050 968 1138 largius
991 1053 1099 1140 epulas

55 1136 209 1216 celebrari,
229 1151 262 1204 et
282 1139 322 1204 ab
338 1138 419 1226 Epic
442 1139 482 1204 de
505 1138 648 1227 praebito
670 1138 833 1202 universae
824 1137 970 1288 1vpkbei,
990 1152 1023 1203 et
1041 1163 1100 1227 per

56 1223 148 1288 tribus
162 1248 182 1289 a
196 1225 393 1312 principibus
407 1163 517 1290 diviso.
563 1224 603 1290 Id
618 1225 673 1290 ubi
688 1225 811 1312 accepit
865 1224 1007 1303 arcellus,
1024 1248 1097 1290 cum

54 1311 156 1394 paucis
179 1311 379 1377 tribunomm
403 1311 540 1377 militum
563 1311 746 1389 collocutus,
766 1309 937 1398 electisque
962 1333 1020 1400 per
1042 1335 1097 1378 eos

54 1395 91 1459 ad
104 1419 169 1461 rem
185 1410 307 1463 tantam
325 1399 481 1485 agendam
502 1398 680 1464 audendum
705 1421 744 1462 ue
765 1397 888 1462 idoneis
902 1399 1097 1463 centurioni·

53 1481 107 1546 bus
129 1484 356 1571 militibusque,
380 1499 414 1550 et
439 1484 529 1550 scalis
555 1485 588 1549 iu
613 1420 738 1549 occulto
761 1485 959 1570 comparatis,
984 1487 1096 1551 ceteris

34 1569 172 1654 asignum
194 1571 264 1635 dari
286 1571 384 1648 iubet,
404 1584 440 1636 ut
462 1583 584 1636 mature
606 1593 737 1658 corpora
759 1583 915 1647 curarent,
954 1571 1096 1659 uictique

52 1653 177 1722 darent:
202 1671 296 1723 nocte
312 1659 347 1722 in
362 1658 599 1746 expeditionem
615 1655 757 1723 eundum
772 1679 848 1723 esse.
895 1594 976 1723 Iride
991 1659 1048 1723 nbi
1061 1659 1096 1723 id

32 1745 197 1830 ttemporis
215 1745 328 1822 visum,
345 1767 410 1845 quo
429 1745 469 1809 de
490 1745 543 1809 die
565 1744 699 1846 epulatis
721 1743 783 1808 iam
806 1743 872 1808 vini
893 1745 986 1810 satias
1008 1745 1094 1833 prin-

32 1829 230 1919 tcipiumque
260 1854 362 1896 somni
392 1845 482 1908 esset,
509 1831 591 1919 sigm
620 1830 714 1894 unius
743 1830 859 1896 milites
887 1831 968 1896 ferre
998 1831 1095 1896 scalas

51 1913 154 1994 iussit3
178 1932 212 1983 et
232 1917 273 1982 ad
293 1917 379 1983 mille
393 1917 459 1982 fere
480 1918 590 1982 armati
612 1917 701 1982 tenui
721 1916 846 2004 agmine
861 1939 920 2004 per
933 1917 1095 1983 silentium

51 2023 85 2066 eo
99 2003 238 2070 deducti.
286 2003 352 2069 Ubi
372 2004 439 2068 sine
458 2004 591 2092 strepitu
609 2027 645 2069 ac
664 2003 803 2068 tumultu
818 2003 913 2090 primi
927 2017 1094 2069 evaserumt
1103 2022 1203 2072 Mamm
1212 2041 1250 2073 ua

52 2086 82 2151 in
109 2113 246 2169 murum,
276 2091 377 2156 secuti
405 2091 515 2156 ordine
545 2090 618 2166 alii3
656 2111 757 2176 quum
788 2089 928 2176 priorum
961 2087 1224 2164 audaciadure,

30 2173 149 2241 adubiis
163 2179 261 2244 etiarn
276 2178 418 2242 animum
431 2176 557 2242 faceret.
602 2176 671 2240 Iam
690 2175 777 2241 mille
793 2189 982 2240 armatorum
999 2153 1238 2266 cem-fflffl'

50 2276 116 2327 rant
134 2279 267 2351 partem,
305 2287 383 2328 uum
403 2276 526 2328 ceterae
546 2262 702 2340 admotae,
720 2262 926 2350 pluribusque
947 2262 1037 2327 scalis
1057 2264 1092 2328 in
1150 2283 1200 2343 24,

50 2369 169 2415 mumm
192 2288 379 2428 evadebant,
397 2349 488 2437 siguo
510 2350 549 2414 ab
570 2345 740 2436 Hexapylo
758 2348 853 2425 dato;
878 2371 942 2436 quo
963 2371 1021 2437 per
1042 2350 1092 2414 in-

49 2450 172 2520 gentem
193 2437 399 2503 solitudinem
421 2449 488 2502 erat
508 2450 707 2537 perventum,
724 2435 800 2523 quia
821 2457 936 2523 magna
957 2459 1038 2523 pars,
1057 2437 1091 2500 in

51 2524 180 2589 turribus
202 2548 221 2590 e
245 2525 332 2602 ulati,
347 2537 402 2588 aut
423 2525 517 2612 sopiti
531 2524 607 2588 vino
628 2537 728 2601 erant,
747 2535 802 2588 aut
824 2522 1012 2608 semigraves
1033 2547 1091 2612 po-

49 2609 160 2676 tabant
237 2634 331 2676 sucos
345 2624 451 2676 tamen
466 2633 576 2676 eorum
591 2632 754 2698 oppressos
771 2609 806 2672 in
823 2609 979 2674 cubilibus
993 2611 1091 2676 inter-

48 2693 194 2764 fecemnt.
242 2698 347 2785 Prope
363 2696 557 2785 Hexapylon
571 2711 619 2762 est
637 2697 763 2785 portula
781 2718 897 2783 magna
909 2697 942 2760 vi
960 2697 1090 2785 refiingi

48 2796 174 2882 coepta3
198 2797 264 2849 ete
281 2807 373 2848 muro
393 2807 433 2848 ex
453 2784 627 2870 composito
648 2784 725 2848 tuba
738 2783 848 2848 datum
868 2783 994 2869 signum
1012 2799 1087 2849 erat.

49 2865 167 2935 Etiam
188 2871 343 2972 undique,
359 2893 424 2934 non
444 2869 562 2947 furtim,
579 2869 635 2934 sed
649 2869 681 2933 vi
699 2893 718 2933 a
760 2883 816 2945 rta‚
831 2869 999 2955 gerebatur
1017 2893 1087 2934 ros:

26 2955 160 3044 6quippe
171 2957 216 3023 ad
228 2956 388 3059 Epipolas,
401 2957 599 3045 frequentem
612 2970 681 3020 cust
724 2954 763 3018 ris
773 2953 888 3031 locum,
901 2969 1088 3042 perventum

47 3056 117 3119 erat,
133 3044 274 3109 terrendi
299 3067 338 3108 ue
359 3042 458 3142 magis
478 3043 582 3106 hostes
602 3055 702 3118 erant,
718 3063 813 3129 quam
834 3039 964 3104 fallendi
975 3065 984 3117 3
1008 3042 1090 3106 sicut

47 3131 141 3194 territi
162 3143 247 3196 sunt
329 3152 380 3194 am
400 3127 494 3192 simul
517 3149 553 3191 ac
577 3127 724 3192 tubarum
748 3139 796 3190 est
818 3125 946 3191 auditus
967 3140 1088 3204 cantus,

75 3337 90 3386 9
106 3327 172 3383 uate
182 3327 210 3373 in
220 3327 306 3387 fronte
318 3329 433 3386 pateram
442 3321 547 3384 alaydi]
581 3319 668 3369 armati
684 3321 883 3368 transcenderant
898 3334 1003 3381 murum,
1015 3325 1040 3369 et
1050 3336 1088 3369 ce-

47 3385 126 3441 Quam
137 3389 215 3451 ampli
226 3394 306 3437 ment
316 3387 406 3462 singuli
419 3387 513 3447 lapides
523 3385 549 3432 in
582 3389 668 3446 perant
690 3392 784 3446 partem
806 3384 880 3442 urbis,
898 3399 974 3446 quum
993 3391 1089 3434 ceterae

27 3448 127 3501 ,fiante
137 3453 221 3503 Dona.
234 3449 549 3502 ctThucniaoubisimt·
581 3449 662 3496 scalae
678 3449 799 3497 sdmmae.
832 3448 928 3498 Clarius
942 3449 1088 3512 foretquod

48 3511 63 3558 li
73 3522 123 3563 arte
134 3513 549 3567 Plataaemeslncedaemouiorum
581 3513 685 3574 suggerit
703 3513 831 3561 Muretus:
856 3529 931 3576 wem
955 3515 1028 3563 aeteri
1045 3515 1087 3560 ud-

47 3579 194 3630 munimenta
203 3581 275 3631 scalis
285 3579 390 3629 admotis
400 3583 523 3640 superant.
580 3577 648 3625 motu
661 3577 777 3639 pluribus
787 3577 858 3626 walis
875 3578 902 3625 ia
918 3592 1016 3624 marum
1031 3593 1088 3626 eoa·

79 3657 88 3688 1
106 3646 177 3694 Diem
198 3647 305 3706 sestam]
335 3643 417 3693 Latini
441 3641 548 3690 fomis
580 3642 675 3690 dabant.
715 3640 780 3688 Sane
798 3655 861 3689 unm
880 3655 894 3688 e
913 3640 1000 3689 nostris
1016 3641 1086 3690 codd.

47 3705 117 3755 etiam
132 3709 241 3771 plurium
251 3709 344 3758 diemm
356 3707 475 3756 sollennia
486 3709 548 3756 diem
581 3705 685 3766 praefert
700 3705 815 3766 pluribus
830 3706 902 3753 scalis
917 3705 970 3753 aine
982 3705 1017 3766 τᾷ
1032 3721 1086 3768 qtae.

42 3770 130 3826 saalum
147 3774 240 3832 dimmt,
255 3779 283 3820 ut
301 3773 373 3821 unius
389 3771 438 3820 diei
457 3768 546 3834 plurali
580 3771 660 3818 Cant.
694 3767 898 3817 Emendationem
913 3769 1005 3817 Mureti
1021 3783 1085 3818 rece·

48 3846 144 3884 numero
153 3837 294 3896 diasostoa.
313 3837 384 3884 Duu.
580 3833 617 3895 pit
634 3832 750 3892 Beklrer,
766 3847 840 3894 quarn
858 3833 949 3882 Stroth.
969 3848 1086 3895 reponen-

77 3901 206 3962 estonam
217 3903 285 3960 dari]
305 3901 405 3962 Nempe
420 3914 463 3962 per
475 3905 547 3947 tesse-
579 3898 636 3945 dam
654 3902 743 3946 censet.
783 3897 834 3946 Hie
849 3911 906 3944 vero
923 3903 977 3958 post
993 3905 1086 3947 caterae

47 3972 103 4010 ram.
119 3965 199 4014 Cass.
580 3977 663 4010 vocem
675 3963 780 4010 macrus
791 3961 974 4023 intelligendam
985 3967 1064 4024 putat.

77 4029 145 4086 3Da
157 4031 196 4078 die
211 4030 330 4092 epulatis]
348 4028 378 4076 cf.
391 4028 462 4089 Supr.
479 4025 547 4075 xxiii.
611 4023 627 4074 6
643 4027 685 4074 Ad
694 4027 826 4088 Epipolas]
852 4024 1022 4088 Epipolarum‚
1037 4024 1085 4073 loci

47 4087 68 4135 8.
100 4091 209 4142 Debetur
224 4091 547 4157 particuladeconiecturae
578 4089 667 4138 muniti
686 4095 756 4138 extra
775 4089 914 4152 Syracusas,
930 4089 982 4136 urbi
1001 4095 1085 4136 tamen

47 4151 128 4215 Lipsii.
148 4157 228 4206 Cast.
579 4153 737 4209 imminentis,
750 4160 776 4200 et
791 4158 819 4201 ut
836 4153 940 4207 videtur,
954 4152 1086 4214 posteriore

76 4235 91 4276 ⁴
106 4220 175 4281 εἰμι’
186 4223 274 4281 emim]
295 4219 376 4270 Unius
387 4219 515 4280 manipuli.
579 4231 640 4265 aero
649 4232 704 4265 cum
716 4232 747 4264 ea
757 4231 826 4265 muro
835 4217 967 4272 coniuncti,
973 4215 1086 4275 frequens

78 4295 90 4341 5
102 4285 154 4332 Iam
162 4287 228 4335 mille
235 4287 398 4344 amatorum]
416 4284 470 4332 Iam
479 4283 548 4332 mille
580 4281 672 4330 mentio
683 4285 719 4329 est
731 4295 771 4342 ap.
784 4280 857 4328 Diod.
869 4279 916 4327 sio.
928 4278 980 4330 xiii.
993 4289 1014 4340 7.
1025 4291 1077 4337 sqq.

863 4347 913 4402 s2
