2888 4768
354 208 417 276 236
733 205 847 275 ΤΙΤΙ
877 205 1012 274 L1v11

199 363 233 414 U.
245 365 274 413 c.
291 377 345 428 540·
355 354 366 386 ‘
373 345 486 411 creari’
496 343 603 410 iuuit:
628 351 639 384 ‘
646 343 769 422 alteros,
780 345 836 446 qui
844 344 932 422 eitra,
944 344 1067 422 alteros,
1079 343 1134 431 qui
1146 342 1230 409 ultra
1241 343 1431 432 quinqua-6

198 430 229 478 Α·
246 429 276 478 ⁰·
291 443 345 479 ²¹²·
356 433 531 520 ‘gesimam
540 429 678 518 lapidem
689 432 723 496 in
732 453 831 532 pagis,
841 427 990 519 forisque,
1001 443 1036 496 et
1045 430 1261 496 conciliabulis
1272 453 1431 502 omne-r

355 519 498 606 ‘copiam
512 518 723 605 ingenuorum
737 519 946 606 inspicerent:
969 531 1012 596 et,
1027 517 1122 618 siqui
1135 517 1258 582 roboris
1272 517 1352 582 satis
1368 517 1412 582 sd

355 605 505 671 ‘ferenda
518 626 606 669 arma
622 604 739 756 hil’ieoe
747 604 973 756 1ἰἱᾱειιιιιιιιιῗΓ
965 605 1087 757 enpmsr
1106 603 1411 755 ¹1¹⁰ssd⁰⁰3mffiffl

355 701 476 757 ‘aetate
491 706 606 768 essent,
622 713 653 755 m
691 703 737 756 tes
760 704 895 756 acerent
972 715 999 756 ιι
1022 713 1143 776 umpe
1166 713 1200 768 rs,
1216 713 1352 754 unsri

356 787 367 818 ‘
941 779 947 792 .
994 777 1001 792 .

356 791 471 930 ιιι
484 777 688 930 sutis
698 777 881 941 ame
891 799 1096 952 assus
1109 789 1282 951 assat
1292 777 1429 952 {aas

356 951 497 1030 ‘darent
509 975 546 1016 ao
560 950 587 1016 si
600 965 721 1068 septem
736 963 769 1015 et
783 949 895 1016 decem
909 973 1075 1028 annorum,
1091 963 1145 1014 aut
1159 951 1312 1028 maiores,
1325 950 1410 1014 mili·

356 1048 422 1103 ‘tes
437 1039 511 1103 facti
526 1051 638 1104 essent.
693 1037 745 1101 Ex
759 1036 821 1103 hoc
840 1036 1111 1102 senatusconsulto
1130 1037 1227 1102 creati
1244 1038 1409 1101 triumviri

354 1124 422 1190 bini
437 1125 701 1213 conquisitionem
717 1125 748 1187 in
792 1147 927 1189 unorum
941 1147 999 1212 per
1117 1123 1315 1189 babuermrt.

199 1228 285 1292 Legati
313 1291 319 1304 ι
400 1211 521 1277 Eodem
538 1225 678 1299 tempore
693 1233 734 1275 ex
750 1146 861 1276 bleilia
879 1211 987 1276 literae
1047 1209 1214 1274 .Marcelli
1230 1210 1273 1275 de
1296 1225 1410 1299 postu·

197 1295 333 1368 Cannense
356 1298 427 1364 latis
441 1297 587 1375 militum,
626 1297 659 1362 ui
678 1319 752 1362 cum
767 1297 804 1361 P.
819 1297 958 1362 Lentulo
972 1296 1158 1374 militabunt,
1174 1297 1207 1360 in
1223 1313 1347 1363 senatu
1362 1321 1410 1362 re-

196 1363 346 1471 ss'geffiffll,
356 1387 469 1451 citatae
484 1398 566 1450 suut.
644 1383 791 1448 annensis
805 1382 955 1472 reliquiae
971 1382 1068 1448 eladis
1082 1382 1134 1448 hic
1149 1384 1318 1449 exercitus
1333 1399 1408 1458 erat,

198 1487 259 1536 lum.
354 1471 512 1560 relegatus
525 1472 560 1535 in
577 1469 725 1548 Siciliam,
741 1470 823 1535 sicut
837 1485 909 1535 ante
925 1470 1046 1535 dictum
1060 1482 1117 1547 est,
1132 1492 1173 1534 ue
1188 1483 1265 1535 ante
1290 1471 1408 1536 Punici

255 1562 285 1624 6.
355 1558 431 1624 belli
447 1558 544 1622 finem
564 1559 599 1621 in
619 1556 742 1622 Italiam
761 1571 981 1658 reportaretur.
1027 1555 1073 1620 Hi
1096 1557 1252 1644 penuissu
1270 1557 1408 1622 Lentuli

355 1645 506 1731 primores
521 1644 665 1730 equitum
680 1657 975 1730 centunonumque,
990 1655 1024 1708 et
1040 1644 1152 1709 robora
1165 1665 1207 1707 ex
1221 1643 1408 1732 legionibus

354 1730 507 1818 peditum,
523 1729 642 1816 legatos
662 1732 695 1795 in
715 1731 848 1796 hiberna
866 1729 907 1794 ad
930 1729 977 1795 M.
991 1729 1180 1794 Marcellum
1200 1731 1406 1808 miser-unae

354 1818 470 1904 quibus
490 1839 582 1894 unus,
648 1830 760 1882 testate
782 1817 911 1882 dicendi
931 1817 1022 1894 facta,
1045 1815 1263 1893 ‘Consulem’
1286 1817 1406 1906 inquit,

355 1913 415 1982 ‘te,
437 1903 484 1968 M.
500 1903 608 1968 Marce
622 1903 661 1980 le,
681 1904 716 1968 iu
736 1902 859 1968 ltaliam
877 1903 1058 1980 adissemus,
1079 1925 1179 1989 quum
1198 1904 1348 1991 primum
1366 1905 1406 1968 de

354 2000 365 2032 ‘
373 1991 472 2069 nobis,
489 1991 547 2056 etsi
562 2013 627 2056 non
643 1990 798 2078 iniquum,
814 2003 898 2054 certe
913 1991 1000 2055 triste
1014 1990 1329 2055 senatusconsultum
1344 1991 1407 2056 fae-

355 2087 444 2143 ‘tum
459 2091 528 2152 est;
551 2078 612 2142 nisi
634 2077 694 2142 hoc
713 2099 931 2164 sperassemus,
952 2078 987 2141 in
1003 2077 1198 2164 provinciam
1217 2099 1279 2141 nos
1302 2093 1423 2149 mortes

354 2175 484 2253 ‘regum
504 2165 659 2230 turbatam
680 2162 721 2229 ad
739 2185 834 2250 grave
854 2163 973 2228 bellum
992 2163 1140 2228 adversus
1163 2162 1291 2230 Siculos
1311 2165 1405 2229 simul

354 2252 561 2339 ‘Poenosque
584 2250 683 2315 mitti:
715 2264 749 2314 et
769 2251 921 2337 sanguine
943 2263 1049 2315 nostro
1070 2249 1325 2338 vulneribusque
1348 2274 1405 2314 nos
1442 2287 1443 2292 ι

354 2339 495 2403 ‘senatui
510 2339 719 2403 satisfacturos
733 2359 813 2401 esse:
837 2336 919 2402 sicut
932 2351 1058 2424 patrum
1073 2337 1234 2414 memoria,
1247 2339 1309 2424 qui
1321 2339 1420 2424 captir
1442 2297 1443 2357 l

353 2434 391 2489 ‘a
410 2423 534 2512 Pyrrho
553 2425 595 2488 ad
617 2422 805 2488 Heracleam
825 2438 923 2500 erant,
944 2422 1091 2488 adversus
1113 2423 1141 2487 P
1195 2422 1277 2487 hum
1298 2425 1404 2511 ipsum

353 2520 548 2599 ‘pugnantes
573 2511 798 2575 satisfecerunt.
846 2509 1039 2598 Quanquam
1068 2532 1112 2597 qu
1178 2510 1220 2574 ob
1250 2512 1404 2575 meritum
1441 2563 1442 2570 ι

352 2606 513 2661 ‘nostmm
528 2597 757 2674 succensuistis,
770 2597 879 2662 Patres
894 2597 1071 2684 conscripti,
1083 2596 1184 2673 nobis,
1196 2608 1255 2661 aut
1269 2619 1404 2663 succen-

353 2683 467 2747 ‘setisl
490 2681 597 2746 Ambo
618 2683 696 2747 mihi
710 2683 854 2748 consules
869 2696 902 2747 et
922 2683 1103 2748 universum
1117 2694 1266 2747 senatum
1282 2683 1402 2748 intueri

352 2777 363 2808 ‘
370 2769 488 2846 videor,
501 2791 601 2856 quum
613 2783 654 2846 te,
667 2767 714 2832 M.
726 2768 889 2847 Marcelle,
901 2770 1043 2835 intueor:
1090 2791 1163 2834 uem
1174 2769 1202 2833 si
1212 2769 1257 2833 ad
1271 2767 1402 2835 Cannas

352 2855 534 2922 ‘consulem
549 2855 774 2933 habuissemus,
786 2855 898 2920 melior
912 2870 945 2920 et
958 2793 1151 2944 reipublicae
1165 2867 1199 2920 et
1212 2869 1328 2922 nostra
1341 2858 1401 2922 for·

351 2951 448 3008 ‘tuna
461 2955 550 3008 esset
598 2940 684 3020 Sine,
697 2964 823 3042 quaeso,
839 2943 1022 3030 priusquam
1037 2942 1078 3008 de
1089 2941 1276 3008 conditione
1291 2959 1401 3009 nostra

351 3039 361 3068 ‘
393 3053 495 3108 ueror,
521 3051 648 3107 noxam,
673 3051 763 3094 curus
871 3029 961 3108 'mur,
987 3051 1045 3094 noe
1071 3051 1217 3129 pmgare.
1268 3027 1306 3094 Si
1337 3053 1398 3096 non

351 3053 468 3181 ‘baum
487 3117 543 3194 ira,
558 3138 618 3181 nec
637 3115 710 3192 fato,
729 3115 819 3180 cuius
850 3139 909 3203 ege
926 3115 1095 3181 immobilis
1114 3137 1221 3180 rerum
1239 3115 1398 3182 humans·
1439 3181 1440 3186 ,

350 3213 442 3268 ‘rum
465 3201 543 3268 ordo
566 3203 687 3279 seritur,
709 3199 766 3266 sed
788 3201 839 3266 cul
905 3202 1056 3290 periimus
1077 3200 1118 3267 ad
1142 3199 1285 3282 Cannas,
1310 3193 1440 3270 cuiusal

350 3290 497 3356 ‘tandem
518 3311 557 3354 ea
575 3289 669 3377 culpa
688 3287 773 3354 fuit?
829 3287 941 3367 ''tum,
960 3311 1002 3354 au
1022 3288 1274 3376 imperatorum?
1297 3289 1399 3381 Equi·
1439 3269 1440 3313 ¹

380 3523 676 3589 consummata
697 3525 702 3536 '
756 3522 853 3585 JQuin·
885 3521 1239 3586 turstipendiadedueuntru.
1258 3525 1363 3576 Rau.

348 3589 515 3652 quagesimum
526 3588 558 3636 ab
569 3588 628 3636 urbe
639 3587 672 3635 mi
683 3587 786 3638 lienum.
917 3601 933 3662 9
949 3589 983 3635 Ia
995 3587 1161 3650 prouinciam]
1189 3586 1303 3638 Siciliam
1321 3597 1397 3640 mute

383 3665 395 3714 7
412 3655 437 3701 F
465 3655 471 3666 “
529 3659 577 3711 ‚et
592 3652 770 3713 malama]
787 3653 854 3701 Fora
887 3651 1196 3714 Hieronisetllieronymi
1207 3653 1348 3703 turhatam.

348 3722 405 3766 sunt
422 3667 551 3792 offis,
567 3715 699 3791 inquibus
720 3721 854 3764 conventus
920 3729 930 3764 ι
950 3715 1023 3790 Oaptt'
1039 3731 1055 3764 a
1069 3716 1181 3777 Pyrrho]
1198 3716 1230 3765 cs.
1241 3715 1313 3767 Flor.
1327 3719 1347 3768 i.
1363 3721 1395 3768 rs.

348 3779 852 3902 tsslllsslstaulllmlffillt
885 3779 1140 3892 sitiamus,
1153 3779 1395 3904 saram&

348 3908 512 3956 marlliaballe
520 3921 617 3969 quoque
628 3905 666 3954 ius
676 3907 813 3966 dicebatur;
825 3913 852 3956 at
884 3921 960 3968 quum
969 3907 1094 3970 elephanti
1105 3907 1213 3956 maxime
1221 3909 1299 3958 odore
1309 3917 1337 3959 et
1346 3913 1392 3959 ram

348 3971 547 4030 eatamenfon'e
561 3969 759 4020 iuferioraerant.
794 3971 851 4021 via
883 3970 982 4020 insolito
990 3973 1391 4033 equoeRomsnorumturbnnent.

348 4035 455 4084 Turneb,
467 4034 566 4083 Advera
578 4033 594 4084 i.
608 4048 643 4082 11.
661 4034 742 4083 cmv.
885 4035 966 4085 Cast.

379 4100 533 4160 SStt'pendr'a
551 4099 720 4160 procederent]
741 4097 850 4160 etSupr.
919 4101 1063 4161 aSerttur]
1091 4100 1261 4160 comantur,
1281 4109 1389 4152 osteum

347 4179 369 4213 ι.
383 4175 404 4226 7.
433 4163 567 4212 Proeadere
582 4167 665 4210 sutem
681 4163 802 4224 stipendia
816 4163 851 4210 di·
883 4165 1006 4226 quandam
1033 4163 1141 4213 efficiens
1165 4179 1182 4213 a
1203 4165 1332 4230 principiis
1358 4183 1388 4214 re

346 4235 443 4288 cuntur,
453 4241 529 4290 quum
545 4225 612 4286 anui,
623 4242 667 4290 per
676 4241 737 4290 quos
746 4226 801 4288 quis
810 4227 851 4275 sti-
884 4243 937 4276 rum
946 4227 1072 4290 musisque
1083 4229 1115 4277 ad
1126 4227 1207 4278 exime
1218 4231 1387 4292 pastinantem.

347 4292 437 4354 pendia
453 4291 520 4352 facit,
531 4297 696 4350 numerantur,
707 4295 732 4340 et
743 4292 773 4340 clo
788 4307 851 4340 sum·
885 4292 943 4340 Hoc
960 4294 1059 4342 verbum
1076 4309 1092 4341 s
1109 4309 1172 4354 sero,
1187 4296 1264 4354 ιιι-ω’,
1281 4302 1309 4344 ut
1326 4311 1386 4358 supr.

346 4371 388 4404 ma
398 4355 620 4418 annorum,quib1u
630 4355 739 4418 legitima
750 4355 851 4416 implen-
886 4355 926 4406 vii.
938 4371 960 4405 2.
976 4358 1057 4407 Cass.
