3002 4798
399 221 498 295 ΜΒ,
519 217 615 288 xxa
647 213 759 290 CAP.
784 228 835 290 61.
1099 225 1141 288 os

62 368 166 422 onam
180 369 216 423 et
230 369 332 423 castra
346 372 529 447 expugnata
545 371 630 438 sunt,
645 371 742 446 atque
757 358 824 459 ipsc
844 357 912 422 dux
932 377 1005 422 cum
1020 353 1142 442 aliquot
1151 364 1185 414 U.
1196 364 1226 413 0·
1239 373 1294 424 534·

111 442 287 532 rincipibus
301 445 487 532 capiuntur:
511 458 546 510 et
561 444 680 522 Scissis,
695 466 912 532 propinquum
926 441 1037 507 castris
1050 429 1181 528 ‹appi-t
1198 428 1228 478 ⁰·
1241 428 1295 476 ²¹⁸·

64 467 180 608 tdum,
203 544 413 618 expugnauit.
470 529 623 596 Cetemm
649 531 766 618 praeda
794 529 904 630 oppidi
933 527 1022 616 parvi
1047 526 1142 615 pretii

87 637 198 680 rerum
219 616 298 694 fuit3
329 615 495 704 suppellex
517 616 687 695 barbarica,
710 639 747 682 ac
768 616 880 681 vilium
902 614 1141 702 mancipiorum.

62 701 210 767 scaena
230 701 364 767 militem
391 703 550 780 ditarere3
587 725 653 768 non
676 703 745 767 eius
770 701 866 768 modo
892 700 1060 778 exercitus,
1109 699 1143 762 ui
1238 759 1246 768 .

87 787 194 852 victus
210 800 289 865 erat,
303 788 360 853 sed
380 802 414 854 et
431 789 509 866 eius,
525 789 669 889 quicum
691 787 873 854 Hannibale
887 787 923 852 in
943 785 1036 851 ltalia
1057 721 1142 850 mlli-

87 875 189 951 tabat,
212 874 360 940 omnibus
388 875 454 940 fere
480 897 559 940 cans
581 874 685 951 rebus,
711 897 754 939 ne
778 873 886 962 gravia
914 872 1144 959 impedimenta
1199 911 1201 914 -

87 959 267 1026 ferentibus
281 974 396 1038 essent,
411 962 491 1026 citra
505 960 706 1048 Pyrenaeum
720 959 845 1025 relictis.

133 1045 192 1110 Pn'
253 1069 327 1111 uam
341 1059 429 1113 certa
441 1046 537 1111 huius
548 1046 647 1112 cladis
660 1046 745 1111 fama
754 1045 923 1122 accideret,
935 1057 1144 1131 transgressus
1201 1040 1253 1100 61·

87 1131 224 1197 Iberum
277 1132 423 1198 asdrubal
443 1155 517 1198 cum
535 1146 607 1198 octo
625 1133 764 1198 millibus
822 1131 937 1208 ditum,
952 1129 1039 1196 mille
1053 1123 1295 1217 equi,}1uerubat

89 1231 173 1296 tum,
189 1231 340 1305 tanquam
355 1218 397 1282 ad
433 1219 550 1284 rimum
570 1219 742 1284 adventum
764 1155 982 1283 lliimanorum
997 1238 1142 1282 occursu·
1152 1205 1205 1302 {⁰12⁰
1216 1188 1287 1235 m

87 1327 154 1382 rus,
171 1317 339 1391 postquam
354 1325 395 1391 pe
436 1305 493 1370 'tas
506 1326 556 1369 res
575 1305 615 1369 ad
638 1303 765 1370 Scissim
783 1305 958 1390 amissaque
973 1315 1074 1369 castra
1092 1324 1145 1366 ac·

87 1391 188 1477 cepit,
218 1391 279 1454 iter
307 1390 348 1455 ad
378 1412 463 1455 mare
493 1391 657 1455 convertit.
703 1389 803 1454 Haud
828 1389 940 1477 procul
964 1389 1144 1452 Tarracone

87 1475 239 1541 classicos
259 1475 377 1541 milites
398 1476 589 1564 navalesque
611 1475 721 1554 socios,
742 1498 840 1563 vagos
860 1475 1067 1576 palantesque
1089 1495 1147 1560 per

88 1585 193 1649 agros,
209 1561 313 1650 (quod
326 1562 424 1626 ferme
439 1561 486 1639 fit,
501 1576 538 1627 ut
549 1560 707 1626 secundae
721 1583 771 1628 res
785 1560 1011 1649 negligentiam
1021 1559 1146 1710 creerptg

87 1649 203 1734 equite
226 1648 342 1735 passim
360 1647 499 1726 dimisso,
517 1671 591 1713 cum
611 1670 727 1735 magna
747 1648 855 1726 coede,
874 1646 991 1714 maiore
1010 1647 1087 1734 fuga

88 1757 191 1800 naves
210 1734 381 1821 compellit.
428 1733 501 1799 Nec
521 1733 641 1798 diutius
660 1734 744 1799 circa
765 1757 804 1800 ea
822 1734 892 1799 loca
910 1733 1025 1798 morari
1040 1753 1145 1809 ausim,

88 1845 133 1887 ne
149 1843 171 1886 a
186 1819 336 1908 Scipione
352 1843 393 1908 op
416 1821 593 1897 timeretur,
603 1833 690 1884 trans
704 1819 834 1885 Iberum
848 1843 916 1886 sese
927 1819 1055 1906 recepit.
1102 1817 1147 1882 Et

91 1906 215 1994 Scipio,
235 1907 352 1994 raptim
434 1906 550 1972 famam
572 1928 726 1972 novomm
751 1907 890 1971 hostium
914 1906 1041 1994 agmine
1064 1917 1145 1981 acto,

90 2015 196 2094 quum
218 1993 253 2056 in
273 2015 392 2080 paucos
410 1993 586 2080 praefectos
604 1993 735 2056 navium
754 1991 1035 2068 animadvertisset,
1055 2013 1148 2078 prae,-

89 2080 177 2145 srdio
193 2079 372 2144 Tarracone
388 2078 513 2144 modico
528 2079 648 2156 relicto,
666 2077 915 2165 Emporiascum
929 2076 1026 2142 classe
1041 2076 1145 2142 rediit

93 2164 242 2231 Vixdum
262 2164 403 2252 digresso
420 2187 469 2242 eo,
486 2163 669 2230 Hasdrubal
688 2164 813 2229 aderat:
837 2176 880 2241 et,
895 2163 1069 2250 Ilergetum
1088 2167 1308 2262 poVastutsoei-

1155 2247 1224 2281 orum
1237 2233 1265 2282 P.
1276 2233 1309 2280 R.

40 2323 43 2330 ,
90 2251 183 2339 pulo,
208 2251 265 2336 qui
294 2250 418 2315 obsides
449 2249 591 2337 Scipioni
617 2250 759 2326 dederat,
782 2248 824 2313 ad
848 2245 1060 2314 defectionem
1085 2270 1146 2312 1m·

92 2337 199 2436 pulso,
223 2359 429 2402 cumeorum
452 2337 780 2423 ipsorumiuventute
804 2357 895 2487 agros
911 2333 1055 2400 fidelium
1079 2313 1230 2399 Ro-Qm

93 2445 200 2488 manis
219 2423 376 2488 sociorum
394 2435 503 2486 vastet.
549 2421 666 2487 Excito
686 2421 802 2486 deinde
851 2419 976 2522 cipione
996 2420 1146 2498 hibernis,

69 2523 165 2582 ctoto
194 2509 241 2574 cis
269 2508 398 2574 Iberum
421 2530 528 2573 rursus
557 2507 644 2573 cedit
667 2531 750 2594 agro.
799 2507 917 2595 Scipio,
941 2505 1082 2572 relictam
1107 2508 1147 2572 ab
1155 2517 1307 2592 Scipione

93 2607 226 2662 auctore
242 2594 428 2660 defectionis
444 2593 615 2680 Hergetum
625 2607 754 2680 gentem
764 2617 863 2681 quum
879 2593 994 2659 infesto
1005 2593 1147 2658 exercitu
1155 2589 1223 2696 ξξξθθ
1234 2597 1298 2629 ¹⁰⁹⁸·

94 2681 272 2758 invasisset,
302 2679 473 2768 compulsis
495 2681 642 2745 omuibus
672 2680 896 2767 Athanagiam,
921 2681 1042 2757 urbem,
1066 2701 1148 2766 quae
1194 2681 1201 2696 '

95 2778 196 2855 caput
215 2767 284 2832 eiua
300 2766 411 2854 populi
430 2779 507 2843 erat,
521 2766 743 2832 circumsedit:
767 2769 913 2852 intraque
934 2765 1002 2830 dies
1020 2788 1148 2854 paucos,

95 2853 245 2942 pluribus
282 2876 356 2916 uam
375 2864 449 2917 ante
466 2851 629 2918 obsidibus
646 2853 816 2940 imperatis,
832 2851 879 2917 Ile
938 2865 995 2929 tes,
1013 2850 1151 2939 pecunia

96 2940 197 3006 ctiam
211 2877 370 3016 inuitatos,
382 2939 417 3002 in
426 2938 476 3002 ius
491 2937 709 3024 ditionemque
723 2961 794 3003 rece
818 2939 852 3003 it
881 2875 980 3002 liride
995 2937 1030 3001 in
1045 2939 1151 3000 Ause-

98 3045 192 3093 tanos
213 3047 270 3114 pro
334 3023 474 3101 Iberum,
496 3025 596 3089 socios
618 3038 651 3087 et
672 3025 756 3110 ipsos
806 3046 969 3100 cenorum,
987 3021 1148 3110 procedit:

99 3125 209 3199 atque,
235 3134 313 3176 ure
339 3133 449 3177 eorum
475 3111 609 3186 obsessa,
633 3108 809 3175 Lacetanos
832 3109 986 3174 auxilium
1009 3107 1151 3174 finitimis

99 3199 240 3264 ferentes
254 3211 358 3275 nocte,
368 3195 455 3262 haud
469 3195 581 3284 procul
595 3195 659 3260 iam
674 3195 762 3272 urbe,
775 3217 874 3282 quum
889 3195 1007 3260 intrare
1022 3193 1151 3270 vellent,

101 3283 232 3371 excepit
250 3283 381 3348 insidiis
429 3281 533 3348 Caesa
552 3282 592 3347 ad
611 3280 780 3345 duodecim
799 3279 916 3344 millia:
941 3281 1031 3346 exuti
1049 3302 1151 3367 paene

102 3393 215 3436 omnes
232 3370 336 3446 armis,
357 3369 468 3434 domos
486 3367 602 3455 passim
625 3365 768 3453 palantes
784 3389 843 3453 per
863 3388 954 3452 agros
975 3365 1150 3465 diffugere;

102 3479 165 3522 nec
173 3455 314 3520 obsessos
329 3455 390 3520 alia
404 3454 534 3532 uliares,
546 3474 643 3540 quam
654 3451 766 3538 iniqua
774 3452 1031 3540 oppugnantibus
1040 3450 1152 3528 lnems,

103 3542 274 3608 tutabatur.
320 3540 468 3628 Triginta
488 3540 557 3606 dies
579 3535 701 3606 obsidio
721 3537 799 3603 fuit:
825 3560 882 3625 per
904 3560 984 3625 quos
1005 3557 1075 3602 raro
1094 3560 1153 3602 un-

126 3709 154 3788 Ι6
170 3713 232 3759 Dm·
242 3727 297 3760 etms
308 3713 400 3774 aliquot
407 3711 564 3785 principibus
574 3725 613 3759 ea·
647 3706 688 3770 qui
699 3707 778 3757 victam
788 3712 848 3784 erat,
858 3709 900 3757 md
914 3707 988 3757 etiam
1004 3723 1088 3784 omnes
1104 3708 1155 3784 fere

102 3773 614 3912 semitractatam:
646 3772 1155 3898 mats,

107 3903 166 3952 Ter.
178 3903 271 3952 Heaut
283 3902 317 3952 iri.
332 3918 352 3958 r.
364 3901 403 3962 64.
421 3902 509 3951 Data.
583 3963 590 3975 Ι
609 3963 615 3974 Ι
647 3899 731 3963 gravia
740 3899 915 3964 impedimenta
925 3899 1057 3950 ferentibus
1068 3907 1156 3950 essent.

144 3968 275 4028 7Procdo
291 3969 388 4030 opplet]
417 3965 512 4014 Praeda
531 3965 615 4028 oppidi
649 3964 729 4015 Cant.

109 4030 157 4080 fuit
172 4045 253 4078 rerum
271 4029 516 4144 imiflimgfflihss
531 4027 617 4076 habuit
692 4029 1156 4141 ,Aiuiussiss'iggffifflfflfflss'

111 4109 159 4206 md
167 4109 389 4209 rdvlciialiiici'stitutio
404 4129 537 4217 exercitae]
567 4154 617 4204 llic
650 4107 766 4206 Cetdrtim
786 4157 817 4204 de
834 4155 972 4218 Athenagia
990 4107 1157 4218 muuupeap:

108 4221 205 4283 aliquid
232 4237 263 4269 ex
287 4237 358 4270 sensu
385 4223 550 4284 atpplendum
573 4224 618 4268 est.
653 4219 715 4268 viros
732 4221 816 4268 domos
835 4219 968 4277 dubitatur,
982 4234 1045 4280 quae
1061 4219 1158 4280 quibus·

109 4289 200 4336 Castra
220 4284 324 4334 militem
347 4285 464 4344 ditavere,
482 4284 522 4346 qui
543 4283 568 4332 iu
590 4283 619 4330 tis
652 4285 709 4332 dam
731 4283 830 4341 Laride,
847 4283 959 4356 ⁸Strotltio
975 4285 1073 4356 Aytono
1092 4283 1158 4330 haud

110 4343 201 4410 reperii
213 4365 261 4397 non
274 4350 347 4398 modo
359 4349 410 4398 cius
421 4349 542 4398 exercitus
553 4363 619 4409 opes,
653 4348 736 4410 procul
750 4347 822 4396 Ibero
834 4351 888 4406 utu,
899 4344 971 4394 hodie
982 4347 1148 4421 emenardctur.
