2874 4772
339 183 437 249 LIB.
457 182 570 248 XXV.
602 181 713 249 CAP.
730 189 781 250 38.
1020 189 1082 254 275

55 315 214 469 Ξιέξευξῗεεε
228 321 295 398 rati,
306 321 514 408 contemptim
528 343 634 386 rursus
649 334 682 385 et
696 321 805 386 sedato
819 320 919 408 gradu
934 322 968 388 in
982 337 1084 388 casua
1091 337 1126 452 p
1138 339 1167 453 g
1183 354 1238 454 {pp

91 489 150 554 Par
167 492 240 580 negl
290 493 359 558 ntia
379 494 415 558 in
435 493 543 558 castris
564 493 778 560 custodiendis
796 495 865 560 fuit.
911 495 1007 574 Nam,
1022 497 1082 562 etsi

51 516 354 666 propinquuslbeostis
373 594 449 659 erat,
465 594 571 646 tamen
590 581 740 669 reliquias
761 605 835 646 eum
857 605 923 648 esse
944 584 1079 649 duorum

51 665 237 730 exercituum
258 679 332 731 ante
346 689 463 755 paucos
484 668 553 733 dies
575 666 751 734 deletorum
771 671 979 735 succurrebat.
1026 670 1079 737 Ob
1089 677 1197 756 Marcius

50 748 105 813 hoc
117 773 213 838 quum
228 755 334 818 omnia
347 754 493 841 neglecta
506 754 592 842 apud
602 754 707 820 hostes
721 769 834 832 essent,
847 755 1016 842 exploratis
1030 757 1077 835 iis,
1087 749 1173 792 statuo
1183 759 1226 807 ⁰¹²·

50 833 181 902 Marcius
209 839 250 904 ad
278 840 454 918 consilium,
479 841 582 928 prima
606 841 710 928 specie
740 843 941 907 temerarium
969 844 1078 931 magis,
1088 824 1229 922 ppgnnarpoe

48 945 136 1008 quam
154 925 266 1003 audax,
282 927 423 992 animum
444 927 569 1004 adiecit,
585 940 621 992 ut
638 926 721 992 ultro
742 941 843 993 castra
861 929 1001 994 bostium
1022 937 1157 1018 op-tium·

48 1025 210 1096 pugnaret:
233 1013 355 1078 facilius
372 1036 439 1079 esse
454 1027 550 1092 ratus,
566 1015 661 1080 unius
676 1013 883 1081 Hasdrubalis
902 1017 1078 1105 expugnari

47 1110 147 1175 castra,
161 1121 267 1186 quam,
282 1100 309 1166 si
322 1123 356 1165 se
370 1123 477 1166 rursus
490 1114 554 1166 tres
573 1101 730 1166 exercitus
744 1124 780 1166 ac
796 1115 859 1168 tres
872 1101 970 1168 duces
983 1105 1079 1168 iunx-

29 1181 144 1262 7issent,
154 1207 212 1250 sua
225 1186 373 1251 defendi:
396 1187 490 1252 simul
504 1199 568 1266 aut,
578 1187 604 1252 si
618 1188 815 1254 successisset
828 1190 958 1276 coeptis,
970 1213 1079 1277 recep-

47 1281 143 1335 turum
162 1295 195 1337 se
210 1273 340 1338 afflictas
359 1297 425 1338 res:
449 1287 513 1352 aut,
529 1275 554 1338 si
569 1273 678 1362 pulsus
698 1287 789 1352 esset,
805 1287 912 1340 tamen
932 1277 1014 1342 ultro
1029 1278 1079 1342 in-

45 1355 165 1423 ferendo
189 1382 286 1437 arma,
312 1374 530 1448 contemptum
552 1361 601 1426 sui
630 1361 841 1448 dempturum.
888 1361 941 1428 Ne
971 1377 1077 1430 tamen
1134 1368 1184 1429 38.

26 1444 140 1510 ssubita
152 1468 201 1511 res
216 1462 249 1513 et
263 1461 437 1512 nocturnus
450 1461 551 1513 terror
564 1448 659 1512 etiam
675 1471 739 1513 non
754 1471 828 1514 suae
843 1448 986 1515 fortunae
1001 1473 1078 1516 con·

44 1529 140 1596 silium
154 1535 361 1620 perturbaret,
378 1533 584 1620 alloquendos
598 1535 873 1622 adhortandosque
888 1536 947 1600 sibi
962 1537 1078 1602 milites

44 1629 130 1696 ratus,
146 1620 299 1686 concione
321 1620 473 1686 advocata
486 1621 531 1686 ita
550 1621 712 1687 dissentit:
739 1621 820 1687 ‘Vel
839 1645 911 1688 mea
927 1646 1003 1711 erga
1018 1624 1147 1688 im-Eius
1156 1636 1233 1712 oratio

46 1709 215 1790 ‘peratores
238 1721 360 1772 nostros
384 1708 471 1773 vivos
496 1720 698 1794 mortuosque
722 1709 831 1796 pietas,
857 1708 907 1774 vel
930 1703 1225 1797 ΡηιεεςοῐιεθᾶΠΠῙΜι

45 1793 198 1858 ‘omnium
222 1807 374 1871 nostrum,
390 1795 514 1872 milites,
530 1794 656 1860 fortuna
669 1794 766 1860 fidem
783 1796 883 1860 cuivis
896 1796 999 1862 facere
1020 1819 1078 1884 po-

24 1883 127 1956 9‘test‚
142 1880 223 1944 mihi
242 1880 302 1945 hoc
316 1881 361 1945 im
403 1881 496 1958 rium,
511 1894 548 1946 ut
565 1881 706 1969 amplum
719 1881 838 1947 iudicio
852 1895 964 1961 vestro,
979 1883 1025 1948 ita
1043 1906 1077 1948 re

44 1964 125 2051 ‘ipsa
144 1990 239 2055 grave
262 1990 298 2033 ac
320 1989 355 2032 so
380 1968 489 2032 'citum
511 1989 587 2033 esse.
635 1967 711 2043 Quo
735 1969 821 2032 enim
843 1981 994 2055 tempore,
1016 1971 1078 2034 nisi

43 2057 159 2119 ‘metus
172 2076 349 2119 maerorem
360 2054 619 2154 obstupefaceret,
630 2054 685 2118 vix
694 2053 740 2119 ita
752 2075 881 2140 compos
892 2056 956 2120 mei
966 2077 1077 2132 essem,

44 2144 96 2203 ‘ut
108 2139 215 2228 aliqua
228 2140 338 2206 solatia
351 2141 493 2206 invemre
508 2162 544 2205 ae
582 2139 722 2205 oanimo
735 2162 860 2227 possem
868 2165 878 2216 ;
900 2163 997 2229 cogor
1008 2165 1078 2207 ves·

44 2231 137 2290 ‘trum
150 2226 295 2292 omnium
309 2227 422 2304 ricem,
438 2227 524 2314 quod
538 2163 759 2292 (pfficiffimum
773 2226 808 2290 in
823 2226 912 2292 luctu
925 2240 983 2305 est,
996 2251 1078 2293 unus

44 2314 242 2380 ‘consuleret
265 2327 299 2379 et
312 2337 353 2379 ne
370 2327 437 2379 tum
452 2313 593 2414 quidem,
608 2313 674 2413 ubi,
690 2335 828 2400 quonam
843 2313 938 2380 modo
958 2315 1014 2380 has
1028 2337 1077 2379 re-

44 2397 168 2487 ‘liquias
201 2400 337 2466 duomm
366 2413 562 2466 exercituum
591 2415 710 2487 patruae
739 2421 921 2466 conservare
950 2402 1076 2488 possim,

43 2487 262 2574 ‘cogitandum
272 2502 329 2565 est,
341 2501 480 2552 avertere
492 2487 634 2552 animum
648 2486 687 2552 ab
698 2486 823 2552 assiduo
834 2509 974 2552 maerore
989 2487 1074 2553 libet.

44 2571 185 2640 ‘Praesto
201 2589 250 2640 est
266 2575 352 2639 enim
372 2575 485 2640 acerba
505 2575 666 2652 memoria,
682 2587 714 2640 et
736 2571 898 2661 Scipiones
918 2597 969 2639 me
984 2576 1076 2641 ambo

42 2657 124 2726 ‘dies
135 2674 308 2748 noctesque
320 2661 403 2726 curis
412 2661 640 2747 insomniisque
651 2661 780 2749 agitant,
789 2674 823 2726 et
832 2661 974 2727 excitant
983 2684 1075 2750 saepe

24 2753 182 2826 1‘somno;
207 2770 273 2812 neu
289 2769 333 2825 se,
348 2770 413 2812 neu
430 2747 564 2812 invictos
577 2770 635 2836 per
654 2760 726 2812 octo
745 2769 844 2812 annos
865 2747 900 2812 in
919 2746 969 2812 his
987 2749 1077 2814 terris

42 2833 172 2900 ‘milites
207 2857 291 2912 suos,
326 2835 555 2900 commilitones
590 2847 717 2911 vestros,
750 2855 814 2898 neu
849 2834 1076 2920 rempublicam

42 2921 158 3020 ‘patiar
170 2920 316 2998 inultam,
332 2933 365 2986 et
378 2943 467 2987 suam
481 2919 680 3007 disciplinam
694 2941 813 3006 suaque
828 2919 973 2985 instituta
986 2922 1076 3008 sequi

42 3007 186 3073 ‘rubeum
210 3020 252 3085 et,
267 3019 304 3072 ut
317 3007 458 3095 imperiis
470 3008 613 3072 vivorum
628 3029 723 3072 nemo
734 3004 933 3071 obedientior
946 3029 997 3072 me
1011 3029 1076 3072 uno

42 3092 160 3174 ‘fuerit
177 3093 223 3158 ita
242 3107 314 3182 post
328 3107 461 3160 mortem
475 3115 573 3171 susm,
589 3091 678 3192 quod
692 3114 818 3179 quaque
838 3092 872 3156 in
892 3115 926 3158 rs
941 3091 1076 3158 ficturos

22 3179 126 3246 2‘illos
147 3181 244 3246 fuisse
266 3181 404 3245 maxime
426 3201 581 3256 censeam,
604 3178 638 3242 rd
662 3178 817 3266 optimum
840 3178 965 3245 ducere„
1009 3178 1077 3244 Vos

43 3273 184 3368 ‘quoque
201 3268 307 3344 velim,
322 3267 447 3345 milites,
462 3287 528 3330 non
549 3265 694 3330 lamentis
707 3264 905 3352 lacrimisque
926 3277 1076 3353 tanquam

43 3359 229 3420 ‘exsunctos
246 3354 403 3442 prosequi,
418 3353 545 3442 (vivunt
558 3352 729 3439 vigentque
748 3351 831 3418 fama
850 3373 955 3416 rerum
974 3364 1076 3439 gesta-

42 3440 142 3528 ‘ruml
155 3441 223 3518 sed,
239 3441 490 3528 quotiescunque
509 3450 653 3504 occurret
667 3439 818 3506 memoria
838 3437 974 3516 illorum,
989 3439 1076 3503 velut

43 3527 86 3590 ‘si
107 3529 308 3594 adhortantes
327 3528 516 3615 signumque
538 3525 650 3591 dantes
664 3524 795 3592 videatis
813 3547 877 3602 eos,
892 3525 937 3590 ita
953 3525 1077 3675 proelia

43 3613 148 3680 ‘inire
194 3613 266 3680 Nec
281 3614 343 3679 elia
355 3614 496 3702 profecto
515 3613 646 3700 specics,
661 3611 808 3678 hesterno
824 3610 991 3677 dieocn1s
1010 3613 1078 3676 ani·

73 3831 87 3882 7
103 3823 265 3886 Receptarum
275 3840 301 3873 se
312 3824 416 3886 afflictos
426 3824 477 3883 m]
497 3823 544 3871 Rs-
577 3821 698 3871 rideretur
709 3821 814 3872 afflictae
828 3826 887 3870 tuno
903 3835 933 3870 ac
946 3823 1025 3885 'prope
1038 3824 1078 3872 de·

36 3885 160 3943 lecturam
182 3887 276 3936 Duker.
294 3893 319 3936 et
342 3887 467 3936 Drakenb.
489 3901 544 3948 pro·
576 3891 687 3949 speratae
698 3887 866 3936 Romanorum
876 3887 994 3936 fortunae.
1010 3889 1058 3938 Cr„

44 3949 108 4009 bant,
123 3952 165 4000 ted
180 3952 276 4001 Erneet.
297 3959 452 4014 recepturum
462 3949 544 3998 defen·
640 3952 757 4013 Ampium
772 3953 861 4000 muto
877 3955 966 4012 oestro]
994 3952 1078 4001 Hono

42 4013 86 4070 dit,
99 4019 127 4061 ut
138 4017 202 4076 quod
218 4018 290 4066 retro
305 4016 402 4079 afflictis
417 4013 494 4076 magis
509 4029 544 4062 re·
576 3965 710 4074 adeunti
721 4015 774 4076 quis
784 4015 846 4064 illud
856 4020 952 4077 spectat
962 4023 1078 4078 tanquam

42 4077 167 4137 spondeat.
577 4079 687 4126 delatum
699 4079 811 4141 suffragio
822 4086 907 4129 restro.
925 4081 1004 4130 Cnev.

74 4140 89 4188 8
106 4143 189 4192 uttam
207 4159 258 4192 nan
277 4159 338 4193 suaa
352 4145 473 4205 fortunae
491 4157 545 4190 core-
612 4143 693 4191 rPsr
713 4149 763 4191 octo
783 4145 874 4202 annm]
904 4144 959 4191 lmo
977 4149 1080 4205 septem.

41 4205 124 4253 silium
139 4209 308 4268 penurboret]
338 4205 545 4270 Inpedimentum
579 4205 637 4255 Vid.
648 4221 713 4267 supr.
726 4205 764 4267 36.

41 4273 66 4314 st
88 4272 294 4330 perturbationem
320 4271 416 4320 afferret
436 4269 546 4327 coneilio,
610 4271 673 4318 ald
689 4271 804 4331 optim
819 4271 919 4330 duom]
940 4269 1034 4330 Supple
1050 4286 1081 4318 ex

40 4332 105 4392 quod
124 4336 304 4398 perseipsum
320 4349 405 4398 perum
419 4333 547 4384 convenire
578 4333 788 4396 praecedentium,
796 4335 888 4383 utem.
905 4333 985 4382 Casu.
1063 4359 1067 4366 ·
