<?xml version="1.0" encoding="UTF-8"?>
<!DOCTYPE html PUBLIC "-//W3C//DTD XHTML 1.0 Transitional//EN"
    "http://www.w3.org/TR/xhtml1/DTD/xhtml1-transitional.dtd">
<html xmlns="http://www.w3.org/1999/xhtml" xml:lang="en" lang="en">
 <head>
  <title>
</title>
<meta http-equiv="Content-Type" content="text/html;charset=utf-8" />
  <meta name='ocr-system' content='tesseract 3.04.00' />
  <meta name='ocr-capabilities' content='ocr_page ocr_carea ocr_par ocr_line ocrx_word'/>
</head>
<body>
  <div class='ocr_page' id='page_1' title='image "./tliviipatavinih00kreygoog_0462.png"; bbox 0 0 2878 4772; ppageno 0'>
   <div class='ocr_carea' id='block_1_1' title="bbox 320 235 1147 322">
    <p class='ocr_par' dir='ltr' id='par_1_1' title="bbox 320 235 1147 322">
     <span class='ocr_line' id='line_1_1' title="bbox 320 235 1147 322; baseline 0.007 -21"><span class='ocrx_word' id='word_1_1' title='bbox 320 235 417 302; x_wconf 88' lang='lat' dir='ltr'><strong>LIB.</strong></span> <span class='ocrx_word' id='word_1_2' title='bbox 433 235 608 303; x_wconf 75' lang='lat' dir='ltr'>‘XXVIIL</span> <span class='ocrx_word' id='word_1_3' title='bbox 641 235 753 303; x_wconf 89' lang='lat' dir='ltr'><strong>CAP.</strong></span> <span class='ocrx_word' id='word_1_4' title='bbox 775 243 828 304; x_wconf 83' lang='grc'><strong>44.</strong></span> <span class='ocrx_word' id='word_1_5' title='bbox 1036 245 1098 307; x_wconf 82' lang='lat'><strong>451</strong></span> <span class='ocrx_word' id='word_1_6' title='bbox 1143 313 1147 322; x_wconf 61' lang='grc'><em>,</em></span> 
     </span>
    </p>
   </div>
   <div class='ocr_carea' id='block_1_2' title="bbox 26 371 1260 2013">
    <p class='ocr_par' dir='ltr' id='par_1_2' title="bbox 50 371 1260 647">
     <span class='ocr_line' id='line_1_2' title="bbox 51 371 1259 475; baseline 0.004 -39"><span class='ocrx_word' id='word_1_7' title='bbox 51 377 142 458; x_wconf 89' lang='lat' dir='ltr'><strong>‘post</strong></span> <span class='ocrx_word' id='word_1_8' title='bbox 155 371 335 460; x_wconf 88' lang='lat' dir='ltr'><strong>perdomita</strong></span> <span class='ocrx_word' id='word_1_9' title='bbox 348 374 457 439; x_wconf 88' lang='lat' dir='ltr'><strong>omnia</strong></span> <span class='ocrx_word' id='word_1_10' title='bbox 470 397 571 461; x_wconf 91' lang='lat' dir='ltr'><strong>usque</strong></span> <span class='ocrx_word' id='word_1_11' title='bbox 589 374 632 439; x_wconf 87' lang='lat' dir='ltr'><strong>ad</strong></span> <span class='ocrx_word' id='word_1_12' title='bbox 647 373 825 453; x_wconf 79' lang='lat' dir='ltr'><strong>Oceanum,</strong></span> <span class='ocrx_word' id='word_1_13' title='bbox 841 385 889 440; x_wconf 91' lang='lat' dir='ltr'><strong>tot</strong></span> <span class='ocrx_word' id='word_1_14' title='bbox 902 373 1038 475; x_wconf 73' lang='lat' dir='ltr'><strong>regulos,</strong></span> <span class='ocrx_word' id='word_1_15' title='bbox 1054 387 1101 441; x_wconf 89' lang='lat' dir='ltr'><strong>tot</strong></span> <span class='ocrx_word' id='word_1_16' title='bbox 1110 387 1146 440; x_wconf 85' lang='lat' dir='ltr'><strong>U.</strong></span> <span class='ocrx_word' id='word_1_17' title='bbox 1157 389 1187 440; x_wconf 81' lang='lat' dir='ltr'><strong>e.</strong></span> <span class='ocrx_word' id='word_1_18' title='bbox 1203 402 1259 452; x_wconf 79' lang='lat'><strong>54⁷·</strong></span> 
     </span>
     <span class='ocr_line' id='line_1_3' title="bbox 50 454 1260 561; baseline 0.006 -40"><span class='ocrx_word' id='word_1_19' title='bbox 50 462 180 522; x_wconf 87' lang='lat' dir='ltr'><strong>‘saevas</strong></span> <span class='ocrx_word' id='word_1_20' title='bbox 193 471 315 546; x_wconf 79' lang='lat' dir='ltr'>gentes,</span> <span class='ocrx_word' id='word_1_21' title='bbox 331 473 402 547; x_wconf 89' lang='lat' dir='ltr'><strong>post</strong></span> <span class='ocrx_word' id='word_1_22' title='bbox 422 474 581 561; x_wconf 77' lang='lat' dir='ltr'><strong>receptam</strong></span> <span class='ocrx_word' id='word_1_23' title='bbox 596 473 695 526; x_wconf 86' lang='lat' dir='ltr'><strong>totam</strong></span> <span class='ocrx_word' id='word_1_24' title='bbox 720 459 921 548; x_wconf 74' lang='lat' dir='ltr'><strong>Hispaniam,</strong></span> <span class='ocrx_word' id='word_1_25' title='bbox 936 475 982 527; x_wconf 77' lang='lat' dir='ltr'><strong>lta</strong></span> <span class='ocrx_word' id='word_1_26' title='bbox 996 474 1033 527; x_wconf 92' lang='lat' dir='ltr'><strong>ut</strong></span> <span class='ocrx_word' id='word_1_27' title='bbox 1046 455 1141 528; x_wconf 55' lang='grc' dir='ltr'><strong>νει-Α*</strong></span> <span class='ocrx_word' id='word_1_28' title='bbox 1157 454 1189 505; x_wconf 80' lang='lat'><strong>⁰·</strong></span> <span class='ocrx_word' id='word_1_29' title='bbox 1203 469 1260 518; x_wconf 79' lang='lat'><strong>²⁰⁵·</strong></span> 
     </span>
     <span class='ocr_line' id='line_1_4' title="bbox 52 543 1099 647; baseline 0.007 -40"><span class='ocrx_word' id='word_1_30' title='bbox 52 543 343 632; x_wconf 79' lang='lat' dir='ltr'><strong>‘stigiumnullum</strong></span> <span class='ocrx_word' id='word_1_31' title='bbox 358 545 433 612; x_wconf 92' lang='lat' dir='ltr'><strong>belli</strong></span> <span class='ocrx_word' id='word_1_32' title='bbox 447 547 606 647; x_wconf 86' lang='lat' dir='ltr'><strong>rehquum</strong></span> <span class='ocrx_word' id='word_1_33' title='bbox 620 547 671 624; x_wconf 92' lang='lat' dir='ltr'><strong>sit,</strong></span> <span class='ocrx_word' id='word_1_34' title='bbox 683 547 804 613; x_wconf 85' lang='lat' dir='ltr'><strong>elevare</strong></span> <span class='ocrx_word' id='word_1_35' title='bbox 819 569 905 613; x_wconf 91' lang='lat' dir='ltr'><strong>meas</strong></span> <span class='ocrx_word' id='word_1_36' title='bbox 919 570 969 612; x_wconf 87' lang='lat' dir='ltr'><strong>res</strong></span> <span class='ocrx_word' id='word_1_37' title='bbox 983 561 1099 636; x_wconf 83' lang='lat' dir='ltr'><strong>gestas:</strong></span> 
     </span>
    </p>

    <p class='ocr_par' dir='ltr' id='par_1_3' title="bbox 50 631 1101 798">
     <span class='ocr_line' id='line_1_5' title="bbox 51 631 1101 735; baseline 0.004 -41"><span class='ocrx_word' id='word_1_38' title='bbox 51 635 145 710; x_wconf 91' lang='lat' dir='ltr'><strong>‘tam‚</strong></span> <span class='ocrx_word' id='word_1_39' title='bbox 161 631 301 710; x_wconf 85' lang='lat' dir='ltr'><strong>hercule,</strong></span> <span class='ocrx_word' id='word_1_40' title='bbox 320 654 427 719; x_wconf 91' lang='lat' dir='ltr'><strong>quam,</strong></span> <span class='ocrx_word' id='word_1_41' title='bbox 449 633 475 698; x_wconf 89' lang='lat' dir='ltr'><strong>si</strong></span> <span class='ocrx_word' id='word_1_42' title='bbox 494 645 596 698; x_wconf 87' lang='lat' dir='ltr'><strong>vrctor</strong></span> <span class='ocrx_word' id='word_1_43' title='bbox 614 656 656 698; x_wconf 86' lang='lat' dir='ltr'><strong>ex</strong></span> <span class='ocrx_word' id='word_1_44' title='bbox 675 633 786 698; x_wconf 87' lang='lat' dir='ltr'><strong>Africa</strong></span> <span class='ocrx_word' id='word_1_45' title='bbox 804 633 964 712; x_wconf 86' lang='lat' dir='ltr'><strong>redierim,</strong></span> <span class='ocrx_word' id='word_1_46' title='bbox 980 658 1019 700; x_wconf 91' lang='lat' dir='ltr'><strong>ea</strong></span> <span class='ocrx_word' id='word_1_47' title='bbox 1032 636 1101 735; x_wconf 91' lang='lat' dir='ltr'><strong>ipsa</strong></span> 
     </span>
     <span class='ocr_line' id='line_1_6' title="bbox 50 716 1101 798; baseline 0.006 -17"><span class='ocrx_word' id='word_1_48' title='bbox 50 716 205 794; x_wconf 60' lang='lat' dir='ltr'><strong>‘elevare</strong></span> <span class='ocrx_word' id='word_1_49' title='bbox 258 741 318 783; x_wconf 90' lang='lat' dir='ltr'><strong>uae</strong></span> <span class='ocrx_word' id='word_1_50' title='bbox 347 741 443 795; x_wconf 93' lang='lat' dir='ltr'><strong>nunc,</strong></span> <span class='ocrx_word' id='word_1_51' title='bbox 474 718 634 784; x_wconf 88' lang='lat' dir='ltr'><strong>retinendi</strong></span> <span class='ocrx_word' id='word_1_52' title='bbox 663 719 727 784; x_wconf 91' lang='lat' dir='ltr'><strong>mei</strong></span> <span class='ocrx_word' id='word_1_53' title='bbox 755 741 859 798; x_wconf 87' lang='lat' dir='ltr'><strong>causa,</strong></span> <span class='ocrx_word' id='word_1_54' title='bbox 884 733 920 785; x_wconf 90' lang='lat' dir='ltr'><strong>ut</strong></span> <span class='ocrx_word' id='word_1_55' title='bbox 949 721 1101 787; x_wconf 85' lang='lat' dir='ltr'><strong>terribrlia</strong></span> 
     </span>
    </p>

    <p class='ocr_par' dir='ltr' id='par_1_4' title="bbox 49 740 1099 893">
     <span class='ocr_line' id='line_1_7' title="bbox 49 740 1099 893; baseline 0.006 -25"><span class='ocrx_word' id='word_1_56' title='bbox 49 802 184 868; x_wconf 85' lang='lat' dir='ltr'><strong>‘eadem</strong></span> <span class='ocrx_word' id='word_1_57' title='bbox 199 740 376 883; x_wconf 78' lang='lat' dir='ltr'><strong>videantur,</strong></span> <span class='ocrx_word' id='word_1_58' title='bbox 391 804 495 870; x_wconf 87' lang='lat' dir='ltr'><strong>verbis</strong></span> <span class='ocrx_word' id='word_1_59' title='bbox 514 805 719 870; x_wconf 90' lang='lat' dir='ltr'><strong>extolluntur.</strong></span> <span class='ocrx_word' id='word_1_60' title='bbox 765 804 873 893; x_wconf 72' lang='lat' dir='ltr'><strong>Negat</strong></span> <span class='ocrx_word' id='word_1_61' title='bbox 892 805 1016 872; x_wconf 86' lang='lat' dir='ltr'><strong>aditum</strong></span> <span class='ocrx_word' id='word_1_62' title='bbox 1030 830 1099 874; x_wconf 88' lang='lat' dir='ltr'><strong>esse</strong></span> 
     </span>
    </p>

    <p class='ocr_par' dir='ltr' id='par_1_5' title="bbox 49 889 1099 980">
     <span class='ocr_line' id='line_1_8' title="bbox 49 889 1099 980; baseline 0.006 -27"><span class='ocrx_word' id='word_1_63' title='bbox 49 890 104 954; x_wconf 90' lang='lat' dir='ltr'><strong>‘in</strong></span> <span class='ocrx_word' id='word_1_64' title='bbox 114 889 265 968; x_wconf 84' lang='lat' dir='ltr'><strong>Aliicam,</strong></span> <span class='ocrx_word' id='word_1_65' title='bbox 278 904 375 978; x_wconf 81' lang='lat' dir='ltr'><strong>negat</strong></span> <span class='ocrx_word' id='word_1_66' title='bbox 384 891 465 956; x_wconf 87' lang='lat' dir='ltr'><strong>ullos</strong></span> <span class='ocrx_word' id='word_1_67' title='bbox 476 903 584 979; x_wconf 85' lang='lat' dir='ltr'><strong>patere</strong></span> <span class='ocrx_word' id='word_1_68' title='bbox 596 904 715 978; x_wconf 90' lang='lat' dir='ltr'><strong>portus.</strong></span> <span class='ocrx_word' id='word_1_69' title='bbox 761 890 810 958; x_wconf 91' lang='lat' dir='ltr'><strong>M.</strong></span> <span class='ocrx_word' id='word_1_70' title='bbox 821 891 959 958; x_wconf 87' lang='lat' dir='ltr'><strong>Atilium</strong></span> <span class='ocrx_word' id='word_1_71' title='bbox 970 905 1099 980; x_wconf 85' lang='lat' dir='ltr'><strong>captum</strong></span> 
     </span>
    </p>

    <p class='ocr_par' dir='ltr' id='par_1_6' title="bbox 48 975 1099 1064">
     <span class='ocr_line' id='line_1_9' title="bbox 48 975 1099 1064; baseline 0.004 -25"><span class='ocrx_word' id='word_1_72' title='bbox 48 976 104 1039; x_wconf 88' lang='lat' dir='ltr'><strong>‘in</strong></span> <span class='ocrx_word' id='word_1_73' title='bbox 114 975 476 1054; x_wconf 82' lang='lat' dir='ltr'><strong>Aliicacommemorat3</strong></span> <span class='ocrx_word' id='word_1_74' title='bbox 500 989 652 1064; x_wconf 89' lang='lat' dir='ltr'><strong>tanquam</strong></span> <span class='ocrx_word' id='word_1_75' title='bbox 667 976 715 1043; x_wconf 91' lang='lat' dir='ltr'><strong>M.</strong></span> <span class='ocrx_word' id='word_1_76' title='bbox 728 977 847 1043; x_wconf 81' lang='lat' dir='ltr'><strong>Atilius</strong></span> <span class='ocrx_word' id='word_1_77' title='bbox 880 978 961 1044; x_wconf 92' lang='lat' dir='ltr'><strong>rimo</strong></span> <span class='ocrx_word' id='word_1_78' title='bbox 972 1001 1099 1044; x_wconf 86' lang='lat' dir='ltr'><strong>accessu</strong></span> 
     </span>
    </p>

    <p class='ocr_par' dir='ltr' id='par_1_7' title="bbox 48 1061 1099 1152">
     <span class='ocr_line' id='line_1_10' title="bbox 48 1061 1099 1152; baseline 0.004 -26"><span class='ocrx_word' id='word_1_79' title='bbox 48 1061 111 1126; x_wconf 90' lang='lat' dir='ltr'><strong>‘ad</strong></span> <span class='ocrx_word' id='word_1_80' title='bbox 126 1061 266 1128; x_wconf 83' lang='lat' dir='ltr'><strong>Africam</strong></span> <span class='ocrx_word' id='word_1_81' title='bbox 283 1062 472 1128; x_wconf 85' lang='lat' dir='ltr'><strong>offenderit:</strong></span> <span class='ocrx_word' id='word_1_82' title='bbox 496 1087 602 1150; x_wconf 91' lang='lat' dir='ltr'><strong>neque</strong></span> <span class='ocrx_word' id='word_1_83' title='bbox 620 1064 838 1142; x_wconf 82' lang='lat' dir='ltr'><strong>recordatur,&#39;</strong></span> <span class='ocrx_word' id='word_1_84' title='bbox 864 1087 876 1128; x_wconf 90' lang='lat'>1</span> <span class='ocrx_word' id='word_1_85' title='bbox 893 1065 953 1152; x_wconf 92' lang='lat' dir='ltr'><strong>ipsi</strong></span> <span class='ocrx_word' id='word_1_86' title='bbox 969 1079 1035 1130; x_wconf 86' lang='lat' dir='ltr'><strong>tam</strong></span> <span class='ocrx_word' id='word_1_87' title='bbox 1048 1065 1099 1131; x_wconf 86' lang='lat' dir='ltr'><strong>in·</strong></span> 
     </span>
    </p>

    <p class='ocr_par' dir='ltr' id='par_1_8' title="bbox 48 1147 1099 1338">
     <span class='ocr_line' id='line_1_11' title="bbox 48 1147 1099 1237; baseline 0.005 -26"><span class='ocrx_word' id='word_1_88' title='bbox 48 1147 156 1213; x_wconf 83' lang='lat' dir='ltr'><strong>‘felici</strong></span> <span class='ocrx_word' id='word_1_89' title='bbox 181 1149 363 1236; x_wconf 85' lang='lat' dir='ltr'><strong>imperatori</strong></span> <span class='ocrx_word' id='word_1_90' title='bbox 386 1150 524 1237; x_wconf 85' lang='lat' dir='ltr'><strong>patuisse</strong></span> <span class='ocrx_word' id='word_1_91' title='bbox 554 1163 661 1215; x_wconf 88' lang='lat' dir='ltr'><strong>tamen</strong></span> <span class='ocrx_word' id='word_1_92' title='bbox 685 1163 796 1237; x_wconf 88' lang='lat' dir='ltr'><strong>portus</strong></span> <span class='ocrx_word' id='word_1_93' title='bbox 822 1149 962 1229; x_wconf 85' lang='lat' dir='ltr'><strong>Africae,</strong></span> <span class='ocrx_word' id='word_1_94' title='bbox 986 1166 1020 1216; x_wconf 90' lang='lat' dir='ltr'><strong>et</strong></span> <span class='ocrx_word' id='word_1_95' title='bbox 1048 1173 1099 1216; x_wconf 88' lang='lat' dir='ltr'><strong>res</strong></span> 
     </span>
     <span class='ocr_line' id='line_1_12' title="bbox 48 1234 1099 1338; baseline 0.005 -41"><span class='ocrx_word' id='word_1_96' title='bbox 48 1234 213 1321; x_wconf 83' lang='lat' dir='ltr'><strong>‘egregias</strong></span> <span class='ocrx_word' id='word_1_97' title='bbox 226 1237 331 1323; x_wconf 88' lang='lat' dir='ltr'><strong>primo</strong></span> <span class='ocrx_word' id='word_1_98' title='bbox 346 1259 431 1301; x_wconf 89' lang='lat' dir='ltr'><strong>anno</strong></span> <span class='ocrx_word' id='word_1_99' title='bbox 450 1235 591 1336; x_wconf 69' lang='lat' dir='ltr'><strong>gessisse,</strong></span> <span class='ocrx_word' id='word_1_100' title='bbox 607 1249 650 1314; x_wconf 84' lang='lat' dir='ltr'><strong>et,</strong></span> <span class='ocrx_word' id='word_1_101' title='bbox 665 1249 822 1323; x_wconf 91' lang='lat' dir='ltr'><strong>quantum</strong></span> <span class='ocrx_word' id='word_1_102' title='bbox 836 1237 878 1301; x_wconf 87' lang='lat' dir='ltr'><strong>ad</strong></span> <span class='ocrx_word' id='word_1_103' title='bbox 895 1236 1099 1338; x_wconf 65' lang='lat' dir='ltr'><strong>Carthagini-</strong></span> 
     </span>
    </p>

    <p class='ocr_par' dir='ltr' id='par_1_9' title="bbox 48 1320 1097 1410">
     <span class='ocr_line' id='line_1_13' title="bbox 48 1320 1097 1410; baseline 0.005 -26"><span class='ocrx_word' id='word_1_104' title='bbox 48 1325 160 1386; x_wconf 86' lang='lat' dir='ltr'><strong>‘enses</strong></span> <span class='ocrx_word' id='word_1_105' title='bbox 186 1320 283 1386; x_wconf 87' lang='lat' dir='ltr'><strong>duces</strong></span> <span class='ocrx_word' id='word_1_106' title='bbox 308 1322 433 1399; x_wconf 83' lang='lat' dir='ltr'><strong>attinet,</strong></span> <span class='ocrx_word' id='word_1_107' title='bbox 458 1323 613 1387; x_wconf 89' lang='lat' dir='ltr'><strong>rnvictum</strong></span> <span class='ocrx_word' id='word_1_108' title='bbox 634 1322 676 1388; x_wconf 91' lang='lat' dir='ltr'><strong>ad</strong></span> <span class='ocrx_word' id='word_1_109' title='bbox 702 1322 850 1388; x_wconf 87' lang='lat' dir='ltr'><strong>ultimum</strong></span> <span class='ocrx_word' id='word_1_110' title='bbox 880 1345 1097 1410; x_wconf 80' lang='lat' dir='ltr'><strong>permansisse.</strong></span> 
     </span>
    </p>

    <p class='ocr_par' dir='ltr' id='par_1_10' title="bbox 26 1403 1100 1583">
     <span class='ocr_line' id='line_1_14' title="bbox 48 1403 1098 1496; baseline 0.005 -26"><span class='ocrx_word' id='word_1_111' title='bbox 48 1403 166 1471; x_wconf 90' lang='lat' dir='ltr'><strong>‘Nihil</strong></span> <span class='ocrx_word' id='word_1_112' title='bbox 187 1407 285 1494; x_wconf 78' lang='lat' dir='ltr'><strong>igitur</strong></span> <span class='ocrx_word' id='word_1_113' title='bbox 306 1430 358 1473; x_wconf 88' lang='lat' dir='ltr'><strong>me</strong></span> <span class='ocrx_word' id='word_1_114' title='bbox 380 1409 441 1473; x_wconf 85' lang='lat' dir='ltr'><strong>isto</strong></span> <span class='ocrx_word' id='word_1_115' title='bbox 463 1420 500 1473; x_wconf 90' lang='lat' dir='ltr'><strong>tu</strong></span> <span class='ocrx_word' id='word_1_116' title='bbox 521 1408 676 1496; x_wconf 63' lang='lat' dir='ltr'><strong>exemplo,</strong></span> <span class='ocrx_word' id='word_1_117' title='bbox 688 1410 852 1474; x_wconf 85' lang='lat' dir='ltr'><strong>terrueris:</strong></span> <span class='ocrx_word' id='word_1_118' title='bbox 877 1409 904 1474; x_wconf 87' lang='lat' dir='ltr'><strong>si</strong></span> <span class='ocrx_word' id='word_1_119' title='bbox 923 1410 984 1475; x_wconf 92' lang='lat' dir='ltr'><strong>hoc</strong></span> <span class='ocrx_word' id='word_1_120' title='bbox 1004 1409 1098 1488; x_wconf 90' lang='lat' dir='ltr'><strong>bello,</strong></span> 
     </span>
     <span class='ocr_line' id='line_1_15' title="bbox 26 1493 1100 1583; baseline 0.005 -27"><span class='ocrx_word' id='word_1_121' title='bbox 26 1498 138 1557; x_wconf 86' lang='lat' dir='ltr'><strong>1‘non</strong></span> <span class='ocrx_word' id='word_1_122' title='bbox 151 1493 265 1580; x_wconf 79' lang='lat' dir='ltr'><strong>priore,</strong></span> <span class='ocrx_word' id='word_1_123' title='bbox 281 1495 308 1558; x_wconf 91' lang='lat' dir='ltr'><strong>si</strong></span> <span class='ocrx_word' id='word_1_124' title='bbox 323 1516 435 1581; x_wconf 88' lang='lat' dir='ltr'><strong>nuper,</strong></span> <span class='ocrx_word' id='word_1_125' title='bbox 450 1507 483 1559; x_wconf 90' lang='lat' dir='ltr'><strong>et</strong></span> <span class='ocrx_word' id='word_1_126' title='bbox 497 1516 564 1559; x_wconf 90' lang='lat' dir='ltr'><strong>non</strong></span> <span class='ocrx_word' id='word_1_127' title='bbox 583 1495 675 1560; x_wconf 87' lang='lat' dir='ltr'><strong>annis</strong></span> <span class='ocrx_word' id='word_1_128' title='bbox 691 1509 767 1560; x_wconf 90' lang='lat' dir='ltr'><strong>ante</strong></span> <span class='ocrx_word' id='word_1_129' title='bbox 782 1495 1024 1583; x_wconf 79' lang='lat' dir='ltr'><strong>quinquaginta,</strong></span> <span class='ocrx_word' id='word_1_130' title='bbox 1039 1497 1100 1561; x_wconf 87' lang='lat' dir='ltr'><strong>ista</strong></span> 
     </span>
    </p>

    <p class='ocr_par' dir='ltr' id='par_1_11' title="bbox 47 1579 1099 1669">
     <span class='ocr_line' id='line_1_16' title="bbox 47 1579 1099 1669; baseline 0.003 -25"><span class='ocrx_word' id='word_1_131' title='bbox 47 1579 175 1645; x_wconf 87' lang='lat' dir='ltr'><strong>‘clades</strong></span> <span class='ocrx_word' id='word_1_132' title='bbox 196 1593 328 1667; x_wconf 88' lang='lat' dir='ltr'><strong>accepta</strong></span> <span class='ocrx_word' id='word_1_133' title='bbox 348 1581 439 1659; x_wconf 80' lang='lat' dir='ltr'><strong>foret,</strong></span> <span class='ocrx_word' id='word_1_134' title='bbox 462 1580 519 1667; x_wconf 91' lang='lat' dir='ltr'><strong>qui</strong></span> <span class='ocrx_word' id='word_1_135' title='bbox 536 1604 596 1668; x_wconf 80' lang='lat' dir='ltr'><strong>ego</strong></span> <span class='ocrx_word' id='word_1_136' title='bbox 614 1581 720 1645; x_wconf 89' lang='lat' dir='ltr'><strong>minus</strong></span> <span class='ocrx_word' id='word_1_137' title='bbox 740 1581 776 1646; x_wconf 92' lang='lat' dir='ltr'><strong>in</strong></span> <span class='ocrx_word' id='word_1_138' title='bbox 798 1581 951 1660; x_wconf 79' lang='lat' dir='ltr'><strong>Afiicam,</strong></span> <span class='ocrx_word' id='word_1_139' title='bbox 970 1580 1099 1669; x_wconf 81' lang='lat' dir='ltr'><strong>Regulo</strong></span> 
     </span>
    </p>

    <p class='ocr_par' dir='ltr' id='par_1_12' title="bbox 48 1665 1099 1754">
     <span class='ocr_line' id='line_1_17' title="bbox 48 1665 1099 1754; baseline 0.002 -24"><span class='ocrx_word' id='word_1_140' title='bbox 48 1671 59 1702; x_wconf 91' lang='lat'>‘</span> <span class='ocrx_word' id='word_1_141' title='bbox 67 1677 171 1752; x_wconf 88' lang='lat' dir='ltr'><strong>capto,</strong></span> <span class='ocrx_word' id='word_1_142' title='bbox 206 1689 290 1744; x_wconf 92' lang='lat' dir='ltr'><strong>uam,</strong></span> <span class='ocrx_word' id='word_1_143' title='bbox 305 1665 506 1754; x_wconf 86' lang='lat' dir='ltr'><strong>Scipionibus</strong></span> <span class='ocrx_word' id='word_1_144' title='bbox 517 1667 637 1744; x_wconf 89' lang='lat' dir='ltr'><strong>occisis,</strong></span> <span class='ocrx_word' id='word_1_145' title='bbox 647 1666 682 1732; x_wconf 91' lang='lat' dir='ltr'><strong>in</strong></span> <span class='ocrx_word' id='word_1_146' title='bbox 698 1666 888 1754; x_wconf 74' lang='lat' dir='ltr'><strong>Hispaniam</strong></span> <span class='ocrx_word' id='word_1_147' title='bbox 903 1668 1099 1733; x_wconf 85' lang='lat' dir='ltr'><strong>traiicerem?</strong></span> 
     </span>
    </p>

    <p class='ocr_par' dir='ltr' id='par_1_13' title="bbox 47 1751 1098 1841">
     <span class='ocr_line' id='line_1_18' title="bbox 47 1751 1098 1841; baseline 0.004 -25"><span class='ocrx_word' id='word_1_148' title='bbox 47 1758 58 1788; x_wconf 89' lang='lat'>‘</span> <span class='ocrx_word' id='word_1_149' title='bbox 68 1751 142 1816; x_wconf 90' lang='lat' dir='ltr'><strong>Nec</strong></span> <span class='ocrx_word' id='word_1_150' title='bbox 170 1753 202 1818; x_wconf 87' lang='lat' dir='ltr'><strong>fc</strong></span> <span class='ocrx_word' id='word_1_151' title='bbox 216 1753 294 1819; x_wconf 86' lang='lat' dir='ltr'><strong>&#39;cius</strong></span> <span class='ocrx_word' id='word_1_152' title='bbox 323 1751 547 1840; x_wconf 87' lang='lat' dir='ltr'><strong>Xanthippum</strong></span> <span class='ocrx_word' id='word_1_153' title='bbox 577 1752 868 1819; x_wconf 91' lang='lat' dir='ltr'><strong>Lacedaemonium</strong></span> <span class='ocrx_word' id='word_1_154' title='bbox 900 1753 1098 1841; x_wconf 80' lang='lat' dir='ltr'><strong>Carthagini,</strong></span> 
     </span>
    </p>

    <p class='ocr_par' dir='ltr' id='par_1_14' title="bbox 48 1839 1097 1927">
     <span class='ocr_line' id='line_1_19' title="bbox 48 1839 1097 1927; baseline 0.001 -24"><span class='ocrx_word' id='word_1_155' title='bbox 48 1844 167 1925; x_wconf 90' lang='lat' dir='ltr'><strong>‘quam</strong></span> <span class='ocrx_word' id='word_1_156' title='bbox 182 1861 234 1904; x_wconf 90' lang='lat' dir='ltr'><strong>me</strong></span> <span class='ocrx_word' id='word_1_157' title='bbox 249 1839 368 1927; x_wconf 86' lang='lat' dir='ltr'><strong>patriae</strong></span> <span class='ocrx_word' id='word_1_158' title='bbox 387 1860 476 1903; x_wconf 88' lang='lat' dir='ltr'><strong>meae</strong></span> <span class='ocrx_word' id='word_1_159' title='bbox 491 1840 627 1905; x_wconf 80' lang='lat' dir='ltr'><strong>sinerem</strong></span> <span class='ocrx_word' id='word_1_160' title='bbox 642 1851 753 1904; x_wconf 91' lang='lat' dir='ltr'><strong>natum</strong></span> <span class='ocrx_word' id='word_1_161' title='bbox 768 1862 854 1906; x_wconf 83' lang='lat' dir='ltr'><strong>esse:</strong></span> <span class='ocrx_word' id='word_1_162' title='bbox 878 1854 1097 1926; x_wconf 84' lang='lat' dir='ltr'><strong>cresceretque</strong></span> 
     </span>
    </p>

    <p class='ocr_par' dir='ltr' id='par_1_15' title="bbox 47 1923 1100 2013">
     <span class='ocr_line' id='line_1_20' title="bbox 47 1923 1100 2013; baseline 0.001 -24"><span class='ocrx_word' id='word_1_163' title='bbox 47 1923 151 1989; x_wconf 88' lang='lat' dir='ltr'><strong>‘mihi</strong></span> <span class='ocrx_word' id='word_1_164' title='bbox 165 1947 207 1990; x_wconf 89' lang='lat' dir='ltr'><strong>ex</strong></span> <span class='ocrx_word' id='word_1_165' title='bbox 221 1948 261 1990; x_wconf 92' lang='lat' dir='ltr'><strong>eo</strong></span> <span class='ocrx_word' id='word_1_166' title='bbox 275 1925 345 2013; x_wconf 87' lang='lat' dir='ltr'><strong>ipso</strong></span> <span class='ocrx_word' id='word_1_167' title='bbox 364 1924 492 2002; x_wconf 86' lang='lat' dir='ltr'><strong>fiducia,</strong></span> <span class='ocrx_word' id='word_1_168' title='bbox 508 1924 596 2012; x_wconf 92' lang='lat' dir='ltr'><strong>quod</strong></span> <span class='ocrx_word' id='word_1_169' title='bbox 682 1925 707 1990; x_wconf 84' lang='lat' dir='ltr'><strong>‘t</strong></span> <span class='ocrx_word' id='word_1_170' title='bbox 720 1925 756 1990; x_wconf 91' lang='lat' dir='ltr'><strong>in</strong></span> <span class='ocrx_word' id='word_1_171' title='bbox 775 1924 914 1990; x_wconf 90' lang='lat' dir='ltr'><strong>hominis</strong></span> <span class='ocrx_word' id='word_1_172' title='bbox 928 1926 1022 1990; x_wconf 87' lang='lat' dir='ltr'><strong>unius</strong></span> <span class='ocrx_word' id='word_1_173' title='bbox 1036 1926 1100 1990; x_wconf 84' lang='lat' dir='ltr'><strong>vir-</strong></span> 
     </span>
    </p>
   </div>
   <div class='ocr_carea' id='block_1_3' title="bbox 22 2010 1100 2420">
    <p class='ocr_par' dir='ltr' id='par_1_16' title="bbox 22 2010 1100 2420">
     <span class='ocr_line' id='line_1_21' title="bbox 47 2010 1100 2078; baseline 0 -2"><span class='ocrx_word' id='word_1_174' title='bbox 47 2017 138 2076; x_wconf 87' lang='lat' dir='ltr'><strong>‘tute</strong></span> <span class='ocrx_word' id='word_1_175' title='bbox 160 2024 283 2077; x_wconf 88' lang='lat' dir='ltr'><strong>tantum</strong></span> <span class='ocrx_word' id='word_1_176' title='bbox 303 2012 458 2078; x_wconf 86' lang='lat' dir='ltr'><strong>momenti</strong></span> <span class='ocrx_word' id='word_1_177' title='bbox 472 2033 549 2076; x_wconf 88' lang='lat' dir='ltr'><strong>esse.</strong></span> <span class='ocrx_word' id='word_1_178' title='bbox 629 2011 757 2076; x_wconf 87' lang='lat' dir='ltr'><strong>tetiam</strong></span> <span class='ocrx_word' id='word_1_179' title='bbox 776 2010 991 2076; x_wconf 78' lang='lat' dir='ltr'><strong>Athenienses</strong></span> <span class='ocrx_word' id='word_1_180' title='bbox 1009 2011 1100 2076; x_wconf 86' lang='lat' dir='ltr'><strong>audi·</strong></span> 
     </span>
     <span class='ocr_line' id='line_1_22' title="bbox 47 2095 1099 2175; baseline -0.001 -12"><span class='ocrx_word' id='word_1_181' title='bbox 47 2097 148 2163; x_wconf 89' lang='lat' dir='ltr'><strong>‘endi</strong></span> <span class='ocrx_word' id='word_1_182' title='bbox 170 2111 255 2175; x_wconf 86' lang='lat' dir='ltr'><strong>sunt,</strong></span> <span class='ocrx_word' id='word_1_183' title='bbox 270 2110 389 2164; x_wconf 90' lang='lat' dir='ltr'><strong>temere</strong></span> <span class='ocrx_word' id='word_1_184' title='bbox 412 2099 448 2162; x_wconf 91' lang='lat' dir='ltr'><strong>in</strong></span> <span class='ocrx_word' id='word_1_185' title='bbox 472 2097 621 2174; x_wconf 87' lang='lat' dir='ltr'><strong>Siciliam,</strong></span> <span class='ocrx_word' id='word_1_186' title='bbox 638 2097 753 2162; x_wconf 90' lang='lat' dir='ltr'><strong>omisso</strong></span> <span class='ocrx_word' id='word_1_187' title='bbox 774 2096 862 2161; x_wconf 90' lang='lat' dir='ltr'><strong>domi</strong></span> <span class='ocrx_word' id='word_1_188' title='bbox 880 2095 975 2175; x_wconf 91' lang='lat' dir='ltr'><strong>bello,</strong></span> <span class='ocrx_word' id='word_1_189' title='bbox 998 2109 1099 2162; x_wconf 87' lang='lat' dir='ltr'><strong>traus-</strong></span> 
     </span>
     <span class='ocr_line' id='line_1_23' title="bbox 46 2182 1100 2272; baseline -0.001 -23"><span class='ocrx_word' id='word_1_190' title='bbox 46 2185 175 2272; x_wconf 80' lang='lat' dir='ltr'><strong>‘gressi</strong></span> <span class='ocrx_word' id='word_1_191' title='bbox 223 2184 293 2250; x_wconf 94' lang='lat' dir='ltr'><strong>Cur</strong></span> <span class='ocrx_word' id='word_1_192' title='bbox 312 2207 397 2272; x_wconf 80' lang='lat' dir='ltr'><strong>ergo,</strong></span> <span class='ocrx_word' id='word_1_193' title='bbox 413 2183 565 2271; x_wconf 88' lang='lat' dir='ltr'><strong>quoniam</strong></span> <span class='ocrx_word' id='word_1_194' title='bbox 587 2182 726 2249; x_wconf 87' lang='lat' dir='ltr'><strong>Graecas</strong></span> <span class='ocrx_word' id='word_1_195' title='bbox 739 2182 860 2248; x_wconf 83' lang='lat' dir='ltr'><strong>fabulas</strong></span> <span class='ocrx_word' id='word_1_196' title='bbox 880 2205 1025 2248; x_wconf 79' lang='lat' dir='ltr'><strong>coenare</strong></span> <span class='ocrx_word' id='word_1_197' title='bbox 1044 2205 1100 2248; x_wconf 84' lang='lat' dir='ltr'><strong>va-</strong></span> 
     </span>
     <span class='ocr_line' id='line_1_24' title="bbox 22 2267 1098 2420; baseline 0.007 -94"><span class='ocrx_word' id='word_1_198' title='bbox 22 2277 130 2347; x_wconf 78' lang='lat' dir='ltr'><strong>s‘cat,</strong></span> <span class='ocrx_word' id='word_1_199' title='bbox 149 2293 215 2337; x_wconf 90' lang='lat' dir='ltr'><strong>non</strong></span> <span class='ocrx_word' id='word_1_200' title='bbox 239 2271 270 2335; x_wconf 90' lang='lat' dir='ltr'>A</span> <span class='ocrx_word' id='word_1_201' title='bbox 293 2270 452 2336; x_wconf 85' lang='lat' dir='ltr'><strong>athoclem</strong></span> <span class='ocrx_word' id='word_1_202' title='bbox 516 2269 588 2347; x_wconf 90' lang='lat' dir='ltr'><strong>tius,</strong></span> <span class='ocrx_word' id='word_1_203' title='bbox 606 2267 837 2357; x_wconf 83' lang='lat' dir='ltr'><strong>Syracusanum</strong></span> <span class='ocrx_word' id='word_1_204' title='bbox 857 2291 975 2370; x_wconf 79' lang='lat' dir='ltr'><strong>regem,</strong></span> <span class='ocrx_word' id='word_1_205' title='bbox 996 2291 1098 2420; x_wconf 66' lang='lat' dir='ltr'><strong>‹ppum</strong></span> 
     </span>
    </p>
   </div>
   <div class='ocr_carea' id='block_1_4' title="bbox 46 2355 1256 3909">
    <p class='ocr_par' dir='ltr' id='par_1_17' title="bbox 46 2355 1256 3909">
     <span class='ocr_line' id='line_1_25' title="bbox 48 2355 1098 2433; baseline -0.002 -11"><span class='ocrx_word' id='word_1_206' title='bbox 48 2355 129 2421; x_wconf 91' lang='lat' dir='ltr'><strong>‘diu</strong></span> <span class='ocrx_word' id='word_1_207' title='bbox 151 2355 258 2422; x_wconf 88' lang='lat' dir='ltr'><strong>Sicilia</strong></span> <span class='ocrx_word' id='word_1_208' title='bbox 309 2357 403 2422; x_wconf 90' lang='lat' dir='ltr'><strong>unico</strong></span> <span class='ocrx_word' id='word_1_209' title='bbox 422 2356 507 2421; x_wconf 92' lang='lat' dir='ltr'><strong>belo</strong></span> <span class='ocrx_word' id='word_1_210' title='bbox 529 2368 684 2433; x_wconf 86' lang='lat' dir='ltr'><strong>ureretur,</strong></span> <span class='ocrx_word' id='word_1_211' title='bbox 704 2368 734 2420; x_wconf 88' lang='lat' dir='ltr'><strong>tr</strong></span> <span class='ocrx_word' id='word_1_212' title='bbox 846 2378 932 2420; x_wconf 90' lang='lat' dir='ltr'><strong>saum</strong></span> <span class='ocrx_word' id='word_1_213' title='bbox 953 2377 989 2420; x_wconf 87' lang='lat' dir='ltr'><strong>rn</strong></span> <span class='ocrx_word' id='word_1_214' title='bbox 1038 2377 1098 2420; x_wconf 90' lang='lat' dir='ltr'><strong>auc</strong></span> 
     </span>
     <span class='ocr_line' id='line_1_26' title="bbox 48 2441 1256 2530; baseline -0.002 -22"><span class='ocrx_word' id='word_1_215' title='bbox 48 2442 205 2508; x_wconf 89' lang='lat' dir='ltr'><strong>‘eandem</strong></span> <span class='ocrx_word' id='word_1_216' title='bbox 216 2443 367 2521; x_wconf 85' lang='lat' dir='ltr'><strong>Africam,</strong></span> <span class='ocrx_word' id='word_1_217' title='bbox 380 2442 527 2508; x_wconf 83' lang='lat' dir='ltr'><strong>avertisse</strong></span> <span class='ocrx_word' id='word_1_218' title='bbox 543 2441 775 2519; x_wconf 85' lang='lat' dir='ltr'><strong>cobellum,un</strong></span> <span class='ocrx_word' id='word_1_219' title='bbox 799 2455 971 2521; x_wconf 83' lang='lat' dir='ltr'><strong>evenerat,</strong></span> <span class='ocrx_word' id='word_1_220' title='bbox 981 2441 1098 2508; x_wconf 81' lang='lat' dir='ltr'><strong>refers?</strong></span> <span class='ocrx_word' id='word_1_221' title='bbox 1251 2517 1256 2530; x_wconf 95' lang='lat'>.</span> 
     </span>
     <span class='ocr_line' id='line_1_27' title="bbox 48 2527 1207 2617; baseline -0.003 -23"><span class='ocrx_word' id='word_1_222' title='bbox 48 2528 139 2594; x_wconf 89' lang='lat' dir='ltr'><strong>‘Sed</strong></span> <span class='ocrx_word' id='word_1_223' title='bbox 153 2529 243 2616; x_wconf 85' lang='lat' dir='ltr'><strong>quid,</strong></span> <span class='ocrx_word' id='word_1_224' title='bbox 258 2528 343 2594; x_wconf 89' lang='lat' dir='ltr'><strong>ultro</strong></span> <span class='ocrx_word' id='word_1_225' title='bbox 358 2543 479 2595; x_wconf 87' lang='lat' dir='ltr'><strong>metum</strong></span> <span class='ocrx_word' id='word_1_226' title='bbox 489 2527 604 2594; x_wconf 82' lang='lat' dir='ltr'><strong>inferre</strong></span> <span class='ocrx_word' id='word_1_227' title='bbox 619 2528 713 2606; x_wconf 88' lang='lat' dir='ltr'><strong>hosti,</strong></span> <span class='ocrx_word' id='word_1_228' title='bbox 728 2541 762 2593; x_wconf 91' lang='lat' dir='ltr'><strong>et</strong></span> <span class='ocrx_word' id='word_1_229' title='bbox 775 2529 815 2594; x_wconf 89' lang='lat' dir='ltr'><strong>ab</strong></span> <span class='ocrx_word' id='word_1_230' title='bbox 830 2551 863 2594; x_wconf 87' lang='lat' dir='ltr'><strong>se</strong></span> <span class='ocrx_word' id='word_1_231' title='bbox 878 2541 1000 2594; x_wconf 92' lang='lat' dir='ltr'><strong>remoto</strong></span> <span class='ocrx_word' id='word_1_232' title='bbox 1014 2529 1098 2617; x_wconf 90' lang='lat' dir='ltr'><strong>peri·</strong></span> <span class='ocrx_word' id='word_1_233' title='bbox 1198 2573 1207 2591; x_wconf 87' lang='lat'><strong>.</strong></span> 
     </span>
     <span class='ocr_line' id='line_1_28' title="bbox 47 2614 1100 2717; baseline 0.001 -37"><span class='ocrx_word' id='word_1_234' title='bbox 47 2615 255 2717; x_wconf 79' lang='lat' dir='ltr'><strong>‘euloalium</strong></span> <span class='ocrx_word' id='word_1_235' title='bbox 268 2616 304 2680; x_wconf 92' lang='lat' dir='ltr'><strong>in</strong></span> <span class='ocrx_word' id='word_1_236' title='bbox 318 2615 488 2716; x_wconf 79' lang='lat' dir='ltr'><strong>discrimen</strong></span> <span class='ocrx_word' id='word_1_237' title='bbox 505 2615 674 2694; x_wconf 87' lang='lat' dir='ltr'><strong>adducere,</strong></span> <span class='ocrx_word' id='word_1_238' title='bbox 690 2614 784 2702; x_wconf 89' lang='lat' dir='ltr'><strong>quale</strong></span> <span class='ocrx_word' id='word_1_239' title='bbox 804 2615 1029 2717; x_wconf 63' lang='lat' dir='ltr'><strong>sityeteribus</strong></span> <span class='ocrx_word' id='word_1_240' title='bbox 1042 2638 1100 2716; x_wconf 72' lang='lat' dir='ltr'><strong>ea·</strong></span> 
     </span>
     <span class='ocr_line' id='line_1_29' title="bbox 47 2701 1099 2867; baseline 0.001 -15"><span class='ocrx_word' id='word_1_241' title='bbox 47 2701 1099 2867; x_wconf 51' lang='lat' dir='ltr'><strong>joemmffigeppppupnggeopuffitfflppoestegg</strong></span> 
     </span>
     <span class='ocr_line' id='line_1_30' title="bbox 47 2811 1100 2975; baseline -0.001 -35"><span class='ocrx_word' id='word_1_242' title='bbox 47 2811 216 2940; x_wconf 72' lang='lat' dir='ltr'><strong>‘hlhltum</strong></span> <span class='ocrx_word' id='word_1_243' title='bbox 236 2874 378 2952; x_wconf 85' lang='lat' dir='ltr'><strong>interest,</strong></span> <span class='ocrx_word' id='word_1_244' title='bbox 426 2875 514 2939; x_wconf 88' lang='lat' dir='ltr'><strong>&#39;enos</strong></span> <span class='ocrx_word' id='word_1_245' title='bbox 533 2811 686 2975; x_wconf 67' lang='lat' dir='ltr'><strong>pophldre</strong></span> <span class='ocrx_word' id='word_1_246' title='bbox 708 2874 799 2954; x_wconf 87' lang='lat' dir='ltr'><strong>fines,</strong></span> <span class='ocrx_word' id='word_1_247' title='bbox 814 2897 856 2940; x_wconf 86' lang='lat' dir='ltr'><strong>an</strong></span> <span class='ocrx_word' id='word_1_248' title='bbox 877 2889 948 2940; x_wconf 88' lang='lat' dir='ltr'><strong>tuos</strong></span> <span class='ocrx_word' id='word_1_249' title='bbox 966 2812 1027 2954; x_wconf 75' lang='lat' dir='ltr'><strong>pull,</strong></span> <span class='ocrx_word' id='word_1_250' title='bbox 1043 2898 1100 2939; x_wconf 85' lang='lat' dir='ltr'><strong>ex·</strong></span> 
     </span>
     <span class='ocr_line' id='line_1_31' title="bbox 46 2959 1099 3061; baseline -0.002 -35"><span class='ocrx_word' id='word_1_251' title='bbox 46 2960 185 3039; x_wconf 71' lang='lat' dir='ltr'><strong>‘scindi</strong></span> <span class='ocrx_word' id='word_1_252' title='bbox 198 2960 316 3026; x_wconf 81' lang='lat' dir='ltr'><strong>rideas.</strong></span> <span class='ocrx_word' id='word_1_253' title='bbox 361 2961 440 3027; x_wconf 91' lang='lat' dir='ltr'><strong>Plus</strong></span> <span class='ocrx_word' id='word_1_254' title='bbox 454 2960 552 3026; x_wconf 74' lang='lat' dir='ltr'><strong>animi</strong></span> <span class='ocrx_word' id='word_1_255' title='bbox 567 2974 615 3061; x_wconf 75' lang='lat' dir='ltr'><strong>est</strong></span> <span class='ocrx_word' id='word_1_256' title='bbox 629 2959 779 3026; x_wconf 89' lang='lat' dir='ltr'><strong>inferenti</strong></span> <span class='ocrx_word' id='word_1_257' title='bbox 798 2960 986 3047; x_wconf 89' lang='lat' dir='ltr'><strong>periculum,</strong></span> <span class='ocrx_word' id='word_1_258' title='bbox 1002 2983 1099 3051; x_wconf 83' lang='lat' dir='ltr'><strong>quam</strong></span> 
     </span>
     <span class='ocr_line' id='line_1_32' title="bbox 46 3046 1101 3220; baseline -0.004 -21"><span class='ocrx_word' id='word_1_259' title='bbox 46 3046 775 3220; x_wconf 56' lang='lat' dir='ltr'><strong>Iffltlffh‘hlllhlllssslttt</strong></span> <span class='ocrx_word' id='word_1_260' title='bbox 792 3067 900 3201; x_wconf 59' lang='lat' dir='ltr'><strong>“llll</strong></span> <span class='ocrx_word' id='word_1_261' title='bbox 917 3058 1101 3196; x_wconf 51' lang='lat' dir='ltr'><strong>{hetti</strong></span> 
     </span>
     <span class='ocr_line' id='line_1_33' title="bbox 47 3153 1101 3296; baseline -0.004 -10"><span class='ocrx_word' id='word_1_262' title='bbox 47 3220 142 3285; x_wconf 82' lang='lat' dir='ltr'><strong>‘cisa</strong></span> <span class='ocrx_word' id='word_1_263' title='bbox 188 3219 267 3286; x_wconf 92' lang='lat' dir='ltr'><strong>Non</strong></span> <span class='ocrx_word' id='word_1_264' title='bbox 352 3233 476 3284; x_wconf 73' lang='lat' dir='ltr'><strong>raserat</strong></span> <span class='ocrx_word' id='word_1_265' title='bbox 505 3154 678 3283; x_wconf 66' lang='lat' dir='ltr'><strong>Hlinnlball</strong></span> <span class='ocrx_word' id='word_1_266' title='bbox 698 3153 838 3296; x_wconf 62' lang='lat' dir='ltr'><strong>soraglret</strong></span> <span class='ocrx_word' id='word_1_267' title='bbox 868 3229 916 3284; x_wconf 92' lang='lat' dir='ltr'><strong>tot</strong></span> <span class='ocrx_word' id='word_1_268' title='bbox 944 3217 980 3282; x_wconf 88' lang='lat' dir='ltr'><strong>in</strong></span> <span class='ocrx_word' id='word_1_269' title='bbox 1007 3153 1101 3283; x_wconf 74' lang='lat' dir='ltr'><strong>Italia</strong></span> 
     </span>
     <span class='ocr_line' id='line_1_34' title="bbox 47 3302 1100 3406; baseline -0.004 -35"><span class='ocrx_word' id='word_1_270' title='bbox 47 3305 181 3394; x_wconf 88' lang='lat' dir='ltr'><strong>‘populi</strong></span> <span class='ocrx_word' id='word_1_271' title='bbox 195 3305 237 3370; x_wconf 88' lang='lat' dir='ltr'><strong>ad</strong></span> <span class='ocrx_word' id='word_1_272' title='bbox 250 3328 284 3370; x_wconf 87' lang='lat' dir='ltr'><strong>se</strong></span> <span class='ocrx_word' id='word_1_273' title='bbox 327 3306 488 3406; x_wconf 76' lang='lat' dir='ltr'><strong>elicerent,</strong></span> <span class='ocrx_word' id='word_1_274' title='bbox 504 3317 585 3405; x_wconf 77' lang='lat' dir='ltr'><strong>quot</strong></span> <span class='ocrx_word' id='word_1_275' title='bbox 598 3303 878 3405; x_wconf 31' lang='lat' dir='ltr'><strong>defecerunt-post</strong></span> <span class='ocrx_word' id='word_1_276' title='bbox 895 3302 1100 3405; x_wconf 72' lang='lat' dir='ltr'><strong>Cannensem</strong></span> 
     </span>
     <span class='ocr_line' id='line_1_35' title="bbox 47 3388 1101 3577; baseline -0.002 -35"><span class='ocrx_word' id='word_1_277' title='bbox 47 3388 1101 3577; x_wconf 52' lang='lat' dir='ltr'><strong>3lllmillllwsmllirlemlllllldloiia?{illidii</strong></span> 
     </span>
     <span class='ocr_line' id='line_1_36' title="bbox 47 3561 1099 3652; baseline -0.002 -24"><span class='ocrx_word' id='word_1_278' title='bbox 47 3564 214 3652; x_wconf 86' lang='lat' dir='ltr'><strong>‘superbis</strong></span> <span class='ocrx_word' id='word_1_279' title='bbox 235 3563 398 3630; x_wconf 77' lang='lat' dir='ltr'><strong>dominis?</strong></span> <span class='ocrx_word' id='word_1_280' title='bbox 428 3563 484 3628; x_wconf 90' lang='lat' dir='ltr'><strong>Ad</strong></span> <span class='ocrx_word' id='word_1_281' title='bbox 505 3562 567 3627; x_wconf 90' lang='lat' dir='ltr'><strong>hoc</strong></span> <span class='ocrx_word' id='word_1_282' title='bbox 589 3583 657 3638; x_wconf 90' lang='lat' dir='ltr'><strong>uos,</strong></span> <span class='ocrx_word' id='word_1_283' title='bbox 680 3561 776 3628; x_wconf 89' lang='lat' dir='ltr'><strong>etiam</strong></span> <span class='ocrx_word' id='word_1_284' title='bbox 798 3561 915 3626; x_wconf 81' lang='lat' dir='ltr'><strong>desem</strong></span> <span class='ocrx_word' id='word_1_285' title='bbox 936 3562 975 3626; x_wconf 90' lang='lat' dir='ltr'><strong>ab</strong></span> <span class='ocrx_word' id='word_1_286' title='bbox 997 3561 1099 3639; x_wconf 90' lang='lat' dir='ltr'><strong>sociis,</strong></span> 
     </span>
     <span class='ocr_line' id='line_1_37' title="bbox 46 3646 1100 3728; baseline -0.003 -14"><span class='ocrx_word' id='word_1_287' title='bbox 46 3649 190 3714; x_wconf 84' lang='lat' dir='ltr'><strong>‘viribus</strong></span> <span class='ocrx_word' id='word_1_288' title='bbox 203 3650 328 3728; x_wconf 89' lang='lat' dir='ltr'><strong>nostris,</strong></span> <span class='ocrx_word' id='word_1_289' title='bbox 344 3649 444 3716; x_wconf 91' lang='lat' dir='ltr'><strong>milite</strong></span> <span class='ocrx_word' id='word_1_290' title='bbox 469 3649 627 3727; x_wconf 89' lang='lat' dir='ltr'><strong>Romano,</strong></span> <span class='ocrx_word' id='word_1_291' title='bbox 643 3647 796 3712; x_wconf 87' lang='lat' dir='ltr'><strong>stetimus.</strong></span> <span class='ocrx_word' id='word_1_292' title='bbox 843 3646 944 3712; x_wconf 87' lang='lat' dir='ltr'><strong>Carth</strong></span> <span class='ocrx_word' id='word_1_293' title='bbox 985 3647 992 3662; x_wconf 87' lang='lat'>&#39;</span> <span class='ocrx_word' id='word_1_294' title='bbox 1019 3647 1100 3711; x_wconf 88' lang='lat' dir='ltr'><strong>iensi</strong></span> 
     </span>
     <span class='ocr_line' id='line_1_38' title="bbox 46 3729 1099 3820; baseline -0.002 -20"><span class='ocrx_word' id='word_1_295' title='bbox 46 3729 151 3802; x_wconf 87' lang='lat' dir='ltr'><strong>‘nillil</strong></span> <span class='ocrx_word' id='word_1_296' title='bbox 172 3735 272 3801; x_wconf 85' lang='lat' dir='ltr'><strong>civilis</strong></span> <span class='ocrx_word' id='word_1_297' title='bbox 293 3736 415 3801; x_wconf 91' lang='lat' dir='ltr'><strong>roboris</strong></span> <span class='ocrx_word' id='word_1_298' title='bbox 434 3747 501 3802; x_wconf 83' lang='lat' dir='ltr'><strong>est:</strong></span> <span class='ocrx_word' id='word_1_299' title='bbox 525 3732 671 3799; x_wconf 86' lang='lat' dir='ltr'><strong>mercede</strong></span> <span class='ocrx_word' id='word_1_300' title='bbox 689 3745 815 3820; x_wconf 88' lang='lat' dir='ltr'><strong>paratos</strong></span> <span class='ocrx_word' id='word_1_301' title='bbox 833 3732 950 3798; x_wconf 89' lang='lat' dir='ltr'><strong>milites</strong></span> <span class='ocrx_word' id='word_1_302' title='bbox 994 3733 1099 3811; x_wconf 87' lang='lat' dir='ltr'><strong>abent,</strong></span> 
     </span>
     <span class='ocr_line' id='line_1_39' title="bbox 46 3818 1098 3909; baseline -0.002 -23"><span class='ocrx_word' id='word_1_303' title='bbox 46 3819 169 3888; x_wconf 87' lang='lat' dir='ltr'><strong>‘Afros</strong></span> <span class='ocrx_word' id='word_1_304' title='bbox 199 3821 433 3909; x_wconf 83' lang='lat' dir='ltr'><strong>Numidasque,</strong></span> <span class='ocrx_word' id='word_1_305' title='bbox 463 3821 620 3886; x_wconf 85' lang='lat' dir='ltr'><strong>levissima</strong></span> <span class='ocrx_word' id='word_1_306' title='bbox 648 3819 725 3884; x_wconf 88' lang='lat' dir='ltr'><strong>fidei</strong></span> <span class='ocrx_word' id='word_1_307' title='bbox 755 3818 926 3886; x_wconf 88' lang='lat' dir='ltr'><strong>mutandae</strong></span> <span class='ocrx_word' id='word_1_308' title='bbox 961 3819 1098 3906; x_wconf 80' lang='lat' dir='ltr'><strong>ingenia.</strong></span> 
     </span>
    </p>
   </div>
   <div class='ocr_carea' id='block_1_5' title="bbox 46 4058 1102 4521">
    <p class='ocr_par' dir='ltr' id='par_1_18' title="bbox 46 4058 1102 4521">
     <span class='ocr_line' id='line_1_40' title="bbox 86 4058 1101 4123; baseline 0 -17"><span class='ocrx_word' id='word_1_309' title='bbox 86 4059 174 4108; x_wconf 80' lang='lat' dir='ltr'><strong>rNoo</strong></span> <span class='ocrx_word' id='word_1_310' title='bbox 194 4060 270 4108; x_wconf 79' lang='lat' dir='ltr'><strong>anais</strong></span> <span class='ocrx_word' id='word_1_311' title='bbox 290 4065 348 4110; x_wconf 77' lang='lat' dir='ltr'><strong>ants</strong></span> <span class='ocrx_word' id='word_1_312' title='bbox 363 4058 557 4123; x_wconf 66' lang='lat' dir='ltr'><strong>qssinqrsapints]</strong></span> <span class='ocrx_word' id='word_1_313' title='bbox 624 4058 1101 4120; x_wconf 56' lang='lat' dir='ltr'><strong>capadociam-..maanes-</strong></span> 
     </span>
     <span class='ocr_line' id='line_1_41' title="bbox 48 4121 1102 4186; baseline -0.009 -12"><span class='ocrx_word' id='word_1_314' title='bbox 48 4124 98 4174; x_wconf 85' lang='lat' dir='ltr'><strong>Ita</strong></span> <span class='ocrx_word' id='word_1_315' title='bbox 105 4121 245 4172; x_wconf 76' lang='lat' dir='ltr'><strong>Perizonius</strong></span> <span class='ocrx_word' id='word_1_316' title='bbox 253 4136 297 4184; x_wconf 89' lang='lat' dir='ltr'><strong>pro</strong></span> <span class='ocrx_word' id='word_1_317' title='bbox 309 4123 374 4186; x_wconf 80' lang='lat' dir='ltr'><strong>vrslg.</strong></span> <span class='ocrx_word' id='word_1_318' title='bbox 385 4123 560 4186; x_wconf 66' lang='lat' dir='ltr'><strong>quadruplata.</strong></span> <span class='ocrx_word' id='word_1_319' title='bbox 590 4124 658 4183; x_wconf 70' lang='lat' dir='ltr'><strong>osas]</strong></span> <span class='ocrx_word' id='word_1_320' title='bbox 677 4121 735 4171; x_wconf 89' lang='lat' dir='ltr'><strong>Hoc</strong></span> <span class='ocrx_word' id='word_1_321' title='bbox 746 4121 902 4171; x_wconf 79' lang='lat' dir='ltr'><strong>felicissimas</strong></span> <span class='ocrx_word' id='word_1_322' title='bbox 915 4121 1035 4171; x_wconf 81' lang='lat' dir='ltr'><strong>audacias</strong></span> <span class='ocrx_word' id='word_1_323' title='bbox 1045 4133 1102 4166; x_wconf 86' lang='lat' dir='ltr'><strong>con-</strong></span> 
     </span>
     <span class='ocr_line' id='line_1_42' title="bbox 46 4180 1102 4260; baseline -0.007 -22"><span class='ocrx_word' id='word_1_324' title='bbox 46 4187 169 4238; x_wconf 66' lang='lat' dir='ltr'><strong>cocenim</strong></span> <span class='ocrx_word' id='word_1_325' title='bbox 186 4192 287 4249; x_wconf 83' lang='lat' dir='ltr'><strong>captum</strong></span> <span class='ocrx_word' id='word_1_326' title='bbox 304 4201 345 4237; x_wconf 86' lang='lat' dir='ltr'><strong>an.</strong></span> <span class='ocrx_word' id='word_1_327' title='bbox 363 4186 397 4237; x_wconf 89' lang='lat' dir='ltr'><strong>U.</strong></span> <span class='ocrx_word' id='word_1_328' title='bbox 408 4185 438 4235; x_wconf 81' lang='lat'><strong>0.</strong></span> <span class='ocrx_word' id='word_1_329' title='bbox 450 4185 506 4260; x_wconf 84' lang='lat'><strong>498.</strong></span> <span class='ocrx_word' id='word_1_330' title='bbox 521 4184 560 4234; x_wconf 88' lang='grc' dir='ltr'><strong>Μ.</strong></span> <span class='ocrx_word' id='word_1_331' title='bbox 592 4184 675 4234; x_wconf 87' lang='lat' dir='ltr'><strong>silium</strong></span> <span class='ocrx_word' id='word_1_332' title='bbox 702 4186 799 4248; x_wconf 84' lang='lat' dir='ltr'><strong>plenius</strong></span> <span class='ocrx_word' id='word_1_333' title='bbox 825 4190 965 4236; x_wconf 86' lang='lat' dir='ltr'><strong>enarratum</strong></span> <span class='ocrx_word' id='word_1_334' title='bbox 997 4180 1102 4243; x_wconf 79' lang='lat' dir='ltr'><strong>reperias</strong></span> 
     </span>
     <span class='ocr_line' id='line_1_43' title="bbox 48 4245 1101 4310; baseline -0.008 -10"><span class='ocrx_word' id='word_1_335' title='bbox 48 4248 158 4300; x_wconf 79' lang='lat' dir='ltr'><strong>Atilium</strong></span> <span class='ocrx_word' id='word_1_336' title='bbox 169 4249 244 4299; x_wconf 71' lang='lat' dir='ltr'><strong>frume</strong></span> <span class='ocrx_word' id='word_1_337' title='bbox 254 4250 356 4300; x_wconf 86' lang='lat' dir='ltr'><strong>tradunt</strong></span> <span class='ocrx_word' id='word_1_338' title='bbox 365 4249 484 4307; x_wconf 76' lang='lat' dir='ltr'><strong>historiar,</strong></span> <span class='ocrx_word' id='word_1_339' title='bbox 495 4247 561 4296; x_wconf 83' lang='lat' dir='ltr'><strong>unde</strong></span> <span class='ocrx_word' id='word_1_340' title='bbox 593 4249 660 4310; x_wconf 80' lang='lat' dir='ltr'><strong>apud</strong></span> <span class='ocrx_word' id='word_1_341' title='bbox 678 4249 766 4301; x_wconf 83' lang='lat' dir='ltr'><strong>lustin.</strong></span> <span class='ocrx_word' id='word_1_342' title='bbox 780 4249 840 4300; x_wconf 84' lang='lat' dir='ltr'><strong>xxii.</strong></span> <span class='ocrx_word' id='word_1_343' title='bbox 858 4254 883 4298; x_wconf 87' lang='lat' dir='ltr'><strong>et</strong></span> <span class='ocrx_word' id='word_1_344' title='bbox 899 4245 1019 4310; x_wconf 81' lang='lat' dir='ltr'><strong>imprimis</strong></span> <span class='ocrx_word' id='word_1_345' title='bbox 1034 4245 1101 4308; x_wconf 86' lang='lat' dir='ltr'><strong>apud</strong></span> 
     </span>
     <span class='ocr_line' id='line_1_44' title="bbox 46 4310 848 4378; baseline 0.004 -15"><span class='ocrx_word' id='word_1_346' title='bbox 46 4314 218 4378; x_wconf 67' lang='lat' dir='ltr'><strong>quadruplata</strong></span> <span class='ocrx_word' id='word_1_347' title='bbox 248 4312 351 4364; x_wconf 81' lang='lat' dir='ltr'><strong>minima</strong></span> <span class='ocrx_word' id='word_1_348' title='bbox 379 4312 560 4366; x_wconf 84' lang='lat' dir='ltr'><strong>admittendum</strong></span> <span class='ocrx_word' id='word_1_349' title='bbox 594 4310 696 4362; x_wconf 79' lang='lat' dir='ltr'><strong>Diodes.</strong></span> <span class='ocrx_word' id='word_1_350' title='bbox 707 4327 750 4364; x_wconf 86' lang='lat' dir='ltr'><strong>xx.</strong></span> <span class='ocrx_word' id='word_1_351' title='bbox 766 4314 848 4366; x_wconf 80' lang='lat' dir='ltr'><strong>cass.</strong></span> 
     </span>
     <span class='ocr_line' id='line_1_45' title="bbox 48 4376 201 4439; baseline 0.02 -12"><span class='ocrx_word' id='word_1_352' title='bbox 48 4376 201 4439; x_wconf 66' lang='lat' dir='ltr'><strong>mliqutt.</strong></span> 
     </span>
     <span class='ocr_line' id='line_1_46' title="bbox 836 4441 928 4521; baseline 0.022 -21"><span class='ocrx_word' id='word_1_353' title='bbox 836 4456 858 4500; x_wconf 90' lang='lat' dir='ltr'><strong>o</strong></span> <span class='ocrx_word' id='word_1_354' title='bbox 871 4459 894 4521; x_wconf 83' lang='lat' dir='ltr'>g</span> <span class='ocrx_word' id='word_1_355' title='bbox 908 4441 928 4502; x_wconf 80' lang='lat'>2</span> 
     </span>
    </p>
   </div>
   <div class='ocr_carea' id='block_1_6' title="bbox 0 0 1444 4772">
    <p class='ocr_par' dir='ltr' id='par_1_19' title="bbox 0 0 1444 4772">
     <span class='ocr_line' id='line_1_47' title="bbox 0 0 1444 4772; baseline 0 0"><span class='ocrx_word' id='word_1_356' title='bbox 0 0 1444 4772; x_wconf 95' lang='lat' dir='ltr'><strong> </strong></span> 
     </span>
    </p>
   </div>
  </div>
 </body>
</html>
