2874 4772
346 211 409 277 ast
648 257 652 266 -
728 209 841 277 ΤΙΤΙ
869 207 1006 277 LIVII

191 347 460 420 1J.c.·541.‘datus
482 361 574 426 esset,
596 345 684 414 brevi
710 347 850 413 effecisse
875 347 1043 434 disciplina
1067 361 1162 434 atque
1189 346 1338 434 imperio,
1358 363 1394 412 ut

189 422 221 472 A.
236 424 267 475 ⁰·
282 435 338 471 ²¹¹·
347 444 357 474 ⁶
366 455 461 500 nemo
475 457 585 500 eorum
599 435 724 536 generis
738 457 776 499 ae
793 435 955 523 sanguinis
969 433 1018 499 sui
1033 456 1154 498 memor
1166 433 1203 498 in
1215 434 1289 498 acie
1303 451 1394 510 emt,

347 521 523 608 ‘praesidio
536 521 637 600 sooirs,
652 520 795 586 hostibus
809 521 921 587 terrori
935 533 1054 586 essent:
1080 519 1211 597 Cumas,
1224 519 1395 586 Beneven-

346 616 445 685 ‘tum,
457 607 596 696 aliasque
611 609 705 674 urbes
715 629 769 673 eos
779 608 868 674 velut
881 607 1052 673 efaucibus
1067 605 1261 672 Hanmbalis

346 694 487 782 ‘populo
503 694 649 761 Romano
664 694 845 760 restituisse.
892 694 956 759 Cn.
968 693 1115 759 Fulvium
1132 693 1315 768 Quiritium
1361 719 1394 758 o-

346 789 531 846 ‘manorum
546 781 731 860 exercitum,
747 781 878 846 honeste
895 782 1029 868 genitos,
1044 780 1216 846 liberaliter
1231 781 1393 856 educatos,

347 867 530 933 ‘servilibus
544 869 628 934 vitiis
647 867 811 933 imbuisse:
835 891 911 956 ergo
931 867 1081 945 effecisse,
1097 881 1134 932 ut
1151 867 1278 934 feroces
1297 883 1333 933 et
1348 869 1395 932 iu·

347 954 467 1041 ‘quieti
483 955 567 1020 inter
585 955 719 1033 socios,'
742 955 816 1020 navi
835 967 868 1019 et
885 954 1029 1020 imbelles
1047 953 1132 1018 inter
1150 953 1262 1019 hostes
1280 971 1393 1031 essent,

347 1050 429 1106 ‘neo
443 1041 598 1130 impetum
613 1043 710 1107 modo
757 1063 921 1119 senorum,
936 1040 994 1106 sed
1012 1063 1054 1105 ne
1073 1039 1249 1105 clamorem
1263 1042 1413 1142 quiden,

286 1153 290 1162 *
346 1128 522 1194 ‘sustinere
543 1141 680 1217 possent.
726 1127 807 1206 Nec,
830 1126 969 1206 heruule,
987 1129 1103 1192 mirum
1120 1149 1199 1205 eme,
1218 1127 1344 1193 milites
1363 1129 1413 1193 ins

347 1213 435 1280 ‘acie
449 1237 515 1280 non
529 1216 661 1292 stetisse,
673 1237 772 1302 quum
787 1215 909 1301 primus
918 1215 1061 1280 omnium
1072 1213 1249 1301 imperator
1261 1214 1393 1303 fingeret

347 1299 475 1389 ‘Magis
495 1302 602 1366 mirari
623 1323 668 1378 se,
688 1299 811 1388 aliquos
827 1314 946 1366 stantes
962 1301 1121 1378 cecidisse,
1142 1315 1177 1365 et
1196 1323 1267 1367 non
1286 1325 1396 1367 omnes

346 1388 499 1453 ‘comites
512 1387 574 1454 Cn.
586 1387 688 1452 Fulvii
699 1388 794 1453 firisse
805 1387 928 1476 pavoris
938 1409 976 1452 ao
985 1387 1088 1474 fugae
1135 1385 1176 1452 C.
1188 1387 1396 1466 Flaminium,

346 1473 406 1540 ‘L
419 1474 577 1553 Paullum,
593 1474 631 1540 L.
645 1474 854 1553 Postumium,
872 1474 934 1540 Cu.
948 1497 984 1538 ac
998 1474 1036 1538 P.
1049 1474 1215 1562 Scipiones
1229 1475 1350 1541 eadere
1363 1478 1395 1540 in

346 1560 434 1626 ‘acie
448 1560 605 1640 maluisse,
617 1584 714 1649 quam
728 1561 872 1627 deserere
883 1562 1112 1626 circumventos
1122 1562 1309 1627 exereitus:
1335 1563 1393 1629 Cn.

344 1646 515 1711 ‘Fulvium
559 1671 634 1749 rope
657 1671 759 1713 unum
780 1649 929 1714 nuntium
951 1646 1048 1712 deleti
1070 1648 1232 1714 exereitus
1257 1648 1395 1716 Romam

345 1733 489 1798 ‘redisse
535 1671 670 1800 lacinus
688 1734 856 1822 indignum
877 1757 954 1812 esse,
976 1734 1181 1799 Cannensem
1204 1737 1394 1814 exereitum,

343 1828 356 1858 ‘
387 1819 451 1885 uod
465 1843 507 1885 ex
521 1821 588 1887 acie
602 1821 728 1908 firgerit,
737 1822 772 1884 in
789 1821 928 1886 Siciliam
939 1820 980 1886 de
1022 1833 1149 1898 rtatum,
1160 1843 1205 1886 ne
1241 1823 1312 1888 rius
1322 1824 1394 1888 inde

339 1845 552 1985 ‘iimittatun
568 1930 664 1996 quam
683 1908 782 1973 hostis
796 1930 838 1973 ex
857 1907 951 1973 Italia
993 1907 1149 1984 eeesserit,
1164 1922 1201 1972 et
1215 1844 1291 1974 boe
1310 1911 1394 1976 idem

344 1992 400 2058 ‘in
431 1993 493 2059 Cn.
510 1994 613 2059 Fulvii
640 1994 817 2082 legionibus
845 2016 949 2082 nuper
975 1994 1157 2059 decretum:
1191 1995 1259 2060 Cn.
1284 1995 1394 2062 Fulvio

344 2081 472 2168 ‘fugam
487 2103 529 2146 ex
546 2081 675 2168 proelio,
691 2081 789 2168 ipsius
809 2081 985 2146 temeritate
1006 2081 1182 2158 commisso,
1197 2083 1393 2170 impunitam

342 2176 450 2233 ‘esser
481 2181 515 2234 et
537 2190 611 2233 eum
637 2168 672 2232 in
692 2191 793 2255 ganea
814 2168 991 2256 lustrisque,
1014 2168 1070 2232 ubi
1092 2168 1260 2233 iuventam
1283 2172 1394 2258 egerit,

343 2263 561 2321 ‘senectutem
576 2267 736 2320 acturum:
760 2253 884 2332 milites,
901 2255 957 2341 qui
971 2253 1053 2318 nihil
1071 2254 1158 2319 aliud
1175 2259 1393 2342 peccaverint,

343 2353 458 2427 ‘quam
473 2341 561 2429 quod
579 2341 776 2428 imperatoris
790 2341 907 2406 similes
921 2341 1048 2418 fuerint,
1063 2340 1221 2429 relegatos
1237 2365 1349 2444 prope
1363 2346 1393 2408 in

342 2427 519 2506 ‘exsilium
545 2429 787 2512 ignominiosam
815 2429 883 2515 pati
908 2427 1062 2492 militiam.
1108 2427 1206 2493 Adeo
1235 2452 1285 2494 rm

343 2512 541 2579 ‘libertatem
556 2515 679 2580 Romae
693 2514 753 2579 diti
768 2537 804 2580 ac
818 2516 961 2602 pauperi,
975 2514 1129 2580 honorato
1140 2527 1240 2602 atque
1256 2454 1394 2584 inlisit?

344 2607 431 2663 ‘rato
454 2600 541 2664 esse?
585 2600 673 2666 Reus
696 2602 736 2666 ab
759 2623 792 2666 se
815 2601 941 2689 culpam
965 2602 999 2665 in
1024 2600 1139 2666 milites
1161 2603 1392 2670 transferebat:

344 2684 431 2750 ‘Eos
444 2686 591 2751 ferociter
608 2710 748 2788 pugnam
768 2701 934 2775 poscentes
953 2687 1122 2789 productos
1141 2688 1175 2752 in
1193 2689 1314 2770 aciem,
1330 2715 1393 2757 non

343 2780 356 2812 ‘
364 2794 414 2849 eo,
429 2795 494 2860 quo
507 2773 674 2852 voluerint,
689 2775 766 2862 quia
781 2797 886 2840 serum
901 2774 966 2840 dier
982 2775 1087 2852 firerit,
1102 2775 1160 2839 sed
1175 2789 1311 2862 postero
1332 2779 1392 2856 die,

343 2867 398 2924 ‘et
417 2871 557 2947 tempore
578 2873 611 2925 et
630 2859 701 2926 loco
720 2883 823 2949 aequo
842 2862 1020 2939 instnrctos,
1040 2883 1096 2926 seu
1113 2861 1232 2926 famam
1249 2885 1314 2930 seu
1331 2867 1392 2930 vim

342 2945 499 3011 ‘hostium
520 2969 586 3012 non
608 2949 799 3014 sustinuisse.
847 2948 958 3023 Quum
976 2949 1074 3016 effirse
1096 2971 1207 3013 omnes
1228 2949 1391 3039 fugerent,

341 3042 393 3098 ‘se
409 3055 537 3121 quoque
551 3035 644 3101 turba
662 3033 820 3112 ablatum3
843 3049 881 3100 ut
893 3033 1071 3100 Varronem
1087 3033 1256 3102 Cannensi
1274 3061 1390 3126 pugna,
1433 3091 1434 3104 ,

341 3129 398 3184 ‘ut
412 3120 528 3186 multos
541 3121 619 3187 elios
633 3123 846 3208 imperatores
894 3121 961 3197 Qui
976 3134 1084 3186 autem
1099 3121 1203 3186 solum
1217 3145 1255 3188 se
1271 3141 1392 3192 metan-

339 3215 426 3272 ‘tem
462 3206 588 3273 rodesse
602 3207 804 3296 reipublicae,
816 3208 878 3272 nisi
891 3209 919 3272 si
933 3229 1017 3274 mors
1027 3231 1084 3274 sua
1092 3207 1237 3274 remedio
1253 3213 1392 3300 publicis

340 3229 500 3358 ‘cladibus
514 3294 621 3360 futura
634 3307 725 3372 esset,
736 3295 899 3382 potuisse?
922 3293 998 3360 Non
1012 3317 1046 3360 se
1061 3294 1168 3382 inopia
1177 3315 1388 3375 commeans,

332 3389 424 3444 =‘non
443 3380 478 3444 in
499 3380 568 3446 loca
586 3381 698 3482 iniqua
717 3383 843 3447 incaute
863 3380 1047 3459 deductum,
1061 3404 1126 3447 non
1146 3382 1282 3468 agmine
1302 3388 1389 3452 inex·
1432 3453 1433 3466 p

339 3465 482 3553 ‘plorato
496 3481 626 3533 euntem
646 3468 768 3532 lusidiis
781 3468 1041 3534 circumventum.
1086 3466 1130 3534 Vi
1144 3483 1269 3556 aperta,
1287 3473 1386 3550 armis,

340 3553 425 3618 ‘acie
436 3554 569 3619 victumz
593 3577 653 3621 neo
664 3575 793 3620 suorum
807 3555 938 3633 animos,
951 3577 1011 3620 neo
1023 3554 1170 3633 hostium,
1182 3555 1218 3619 in
1229 3572 1385 3644 potestate

340 3640 515 3706 ‘habuisse
563 3641 663 3706 Suum
678 3642 795 3728 cuique
809 3642 973 3729 ingenium
987 3641 1150 3707 audaciam
1164 3655 1221 3707 aut
1235 3665 1385 3732 pavorem
1431 3687 1432 3690 =

340 3727 481 3793 ‘faeere’
509 3726 567 3793 Bis
577 3741 626 3794 est
635 3743 807 3808 accusatus,
816 3729 1015 3816 pecuniaque
1026 3728 1231 3816 anquisitum.
1264 3731 1402 3808 Tertius

373 3921 456 3980 7Neo
474 3921 590 3983 hutten
607 3923 687 3984 modo]
714 3919 750 3972 Et
767 3920 844 3985 irnpe-
876 3927 1012 3984 postremas
1033 3937 1104 3972 voees
1125 3921 1231 3972 Bekker.
1255 3924 1338 3986 delet,
1361 3935 1384 3973 ut

339 3987 392 4030 tum
410 3983 548 4032 Poenorum
566 3998 616 4034 non
635 3985 709 4034 modo
727 3985 844 4035 sustinere
876 4001 940 4048 quae
954 3985 979 4036 ln
991 3988 1054 4050 plur.
1067 3987 1136 4036 oodd.
1147 4001 1195 4036 non
1207 3995 1329 4040 exuent:
1346 3989 1384 4038 red

337 4061 388 4094 non
400 4053 505 4108 possent.
535 4047 684 4112 Plerumque
694 4049 778 4099 Lirim
789 4055 845 4113 post
876 4065 962 4100 vocem
977 4051 1094 4114 aliquam,
1111 4067 1133 4101 e.
1148 4067 1170 4116 g.
1184 4053 1298 4114 maim,
1316 4069 1383 4117 qaam

338 4111 384 4186 bas
399 4125 474 4186 'voces
492 4127 548 4186 non·
558 4113 625 4162 modo
640 4113 771 4176 supprimit
785 4131 844 4174 non,
876 4121 933 4163 ante
948 4117 1037 4166 milites
1051 4115 1147 4178 reponit
1158 4113 1283 4178 Gronov„
1294 4120 1383 4168 seda

339 4176 381 4222 ubi
397 4189 422 4222 tn
439 4181 549 4236 sequenti
562 4178 672 4224 membro
683 4177 801 4239 reperitur
810 4193 843 4228 no
867 4178 920 4226 vrari
933 4180 1006 4241 plane
1017 4179 1100 4241 liquet

371 4365 755 4427 sustentamentum
773 4367 842 4417 Duas
874 4369 925 4419 slva
946 4321 1078 4435 iirqtilrsrs
1118 4371 1171 4421 llio
1188 4371 1220 4420 tle
1241 4325 1383 4425 mai
