2874 4772
328 253 424 321 LIB.
446 251 591 318 XXVII.
624 251 734 319 CAP.
752 260 781 320 8.
1009 261 1072 323 349

21 391 127 457 Italia
140 391 292 457 ambobus
311 391 472 478 provincia
485 390 628 467 decreta3
650 390 831 477 regionibus
851 401 957 456 tamen
976 393 1074 480 parti·
1082 407 1117 459 U.
1129 407 1159 458 c.
1175 420 1230 470 543·

22 493 102 543 tum
117 479 303 566 imperium:
328 477 442 542 Fabius
453 477 495 542 ad
505 476 690 554 Tarentum,
704 476 832 542 Fulvius
843 478 877 541 in
889 477 1026 543 Lucanis
1037 501 1073 542 ac
1082 473 1113 522 A.
1125 473 1233 585 {2509-

23 565 170 630 Bruttiis
191 587 258 630 rem
280 577 411 652 gereret.
457 563 505 629 M.
524 562 660 628 Claudio
676 585 750 650 pror
809 576 878 628 tum
899 564 933 628 in
955 537 1162 656 annumgsqff
1172 551 1232 648 1¹5}ss

22 653 75 716 im
121 651 212 716 rium.
257 649 420 716 Praetores
440 650 541 716 sortiti
580 585 814 715 roviuciaaogC.
832 650 987 715 Hostilius
1007 651 1075 716 Tu·
1084 664 1122 712 vio
1135 663 1183 713 lv.

22 739 48 804 b
90 761 129 803 us
144 739 304 815 urbanam,
320 736 358 801 1.
371 736 524 802 Veturius
543 673 638 802 Philo
698 735 855 823 regrinam
870 760 943 802 cum
960 736 1074 816 Gallis,
1084 729 1230 842 ffinm

25 825 73 890 T.
91 824 263 901 Quinctius
285 822 451 911 Crispinus
475 823 630 910 Capuam
685 823 943 888 Aurunculeius
972 823 1212 905 Sardi-„xmp

24 911 132 977 niam.
178 910 345 977 Exercitus
366 910 411 974 ita
435 933 493 998 per
514 909 690 997 provincias
714 909 815 974 dirui.
861 909 973 976 Fulvio
995 910 1133 976 duaetus

25 999 186 1086 legiones,
225 1019 280 1063 uas
293 998 328 1061 in
345 996 451 1062 Sicilia
466 994 513 1060 M.
527 995 672 1060 Valerius
686 995 845 1060 Laevinus
860 996 1007 1062 haberet:
1034 997 1077 1072 Q

27 1083 147 1162 Fabio,
162 1083 218 1172 qui
240 1107 277 1148 us
296 1083 331 1148 in
351 1083 478 1148 Etnnia
495 1080 533 1147 C.
548 1081 609 1147 Cal
632 1082 742 1146 umius
760 1083 954 1169 praeiirissct,
970 1083 1079 1148 decre-

27 1185 97 1236 tae.
145 1169 311 1235 Exercitus
334 1170 471 1235 urbanus
493 1183 531 1235 ut
552 1170 588 1234 in
648 1169 777 1234 turriam
806 1169 1004 1234 succederetr
1038 1168 1077 1235 C.

31 1256 233 1345 Calpurnius
251 1256 357 1322 eidem
375 1268 533 1344 praeesset
553 1254 732 1343 provinciae
752 1256 904 1320 exercitui
930 1280 989 1321 ue:
1015 1256 1080 1322 Ca·

28 1366 135 1433 pnam
155 1343 401 1430 exercitumque,
440 1365 513 1408 uem
531 1342 572 1418 Q
585 1340 715 1408 Fulvius
733 1280 959 1420 habuissetlr.
975 1342 1064 1419 Quin

5 1431 121 1509 4ctius
144 1429 309 1495 obtineret
355 1428 392 1494 L.
441 1429 561 1494 eturius
585 1429 625 1493 ab
649 1428 688 1493 C.
704 1428 853 1494 Laetorio
878 1443 1079 1530 propraetore

31 1516 233 1604 provinciam
247 1514 495 1603 exercitumque,
510 1516 567 1603 qui
582 1528 650 1579 tum
669 1515 731 1579 iam
748 1515 888 1580 Arimini
908 1528 982 1593 erat,
999 1516 1081 1581 acci·

81 1615 140 1668 ret
184 1601 233 1666 M
250 1600 414 1678 Marcello,
467 1602 559 1666 uibus
588 1601 697 1666 consul
726 1602 807 1667 bene
837 1624 904 1666 rem
933 1615 1079 1690 gesserat,

48 1689 182 1776 egiones
196 1687 351 1754 decretae.
395 1687 444 1752 M
489 1687 585 1752 alerio
599 1709 672 1752 cum
690 1687 728 1752 L.
744 1686 859 1754 Cincio
874 1688 939 1776 (his
952 1712 1080 1776 quoquc

34 1789 89 1842 est
103 1775 190 1840 enim
204 1789 406 1862 prorogatum
425 1775 460 1838 in
477 1773 584 1839 Sicilia
597 1774 780 1861 imperium)
796 1774 975 1841 Cannensis
989 1799 1080 1841 exer-

36 1863 125 1928 citus
138 1861 246 1926 datus:
271 1883 407 1948 eumque
427 1860 571 1949 supplere
586 1883 627 1926 ex
642 1860 802 1938 militibus,
818 1862 874 1949 qui
894 1884 935 1926 ex
949 1861 1082 1951 legioni·

35 1951 103 2015 bus
119 1946 179 2013 Cn.
193 1946 297 2012 Fulvii
308 1959 515 2035 superessent,
527 1946 610 2012 iussi.
658 1945 862 2034 Conquisitos
872 1970 927 2012 eos
937 1948 1082 2014 consules
1173 2015 1176 2020 ,

36 2037 77 2101 in
94 2033 232 2100 Siciliam
247 2035 416 2099 miseruut:
440 2032 611 2120 additaque
626 2033 737 2098 eadem
752 2034 882 2099 militiae
897 2034 1081 2120 ignominia,

9 2121 102 2199 ssub
126 2143 190 2221 qua
214 2119 398 2186 Cannenses
421 2119 607 2196 militabant,
628 2119 750 2268 puique
776 2141 817 2184 ex
840 2121 991 2207 praetoris
1018 2119 1080 2187 Cn.

37 2207 147 2276 Fulvii
164 2207 315 2284 exercitu,
336 2207 377 2272 ob
397 2206 507 2271 similis
527 2205 607 2270 iram
642 2227 731 2293 utrae,
749 2206 835 2270 mimi
854 2229 893 2270 eo
911 2208 951 2271 ab
971 2221 1083 2274 senatu

36 2296 176 2362 fueraut.
231 2291 270 2359 C.
287 2291 506 2358 Aurunculeio
535 2291 665 2357 eaedem
694 2293 728 2356 in
760 2291 905 2358 Sardinia
932 2292 1081 2382 legiones,

37 2380 159 2470 quibus
180 2379 217 2446 P.
234 2379 375 2444 Manlius
394 2377 495 2444 Vulso
514 2401 584 2444 eam
605 2379 798 2478 provinciam
821 2379 1008 2459 obtinuerat,
1027 2381 1084 2446 de·

9 2481 157 2542 scretae.
202 2467 240 2532 P.
255 2465 405 2554 Sulpicio,
421 2466 532 2531 eadem
552 2465 677 2552 legione
697 2466 873 2554 eademque
893 2466 990 2531 classe
1010 2465 1084 2533 Ma-

38 2553 209 2622 cedoniam
229 2553 371 2619 obtinere
385 2553 478 2629 iusso,
493 2574 551 2639 pro
627 2565 694 2617 tum
715 2553 749 2617 in
768 2575 887 2617 annum
905 2554 948 2617 im
990 2555 1081 2620 rium.

39 2641 193 2728 Triginta
207 2641 450 2740 quinqueremes
463 2661 505 2703 ex
522 2637 555 2702 Si
575 2639 582 2652 '
596 2639 628 2704 ia
645 2639 819 2704 Tarentum
837 2639 879 2703 ad
896 2640 936 2715 Q
948 2577 1083 2706 Peabium

40 2726 208 2793 consulem
223 2727 306 2790 mitti
321 2726 439 2791 iussae:
463 2739 567 2790 cetera
581 2725 677 2790 classe
692 2726 876 2814 praedatum
891 2726 926 2789 in
941 2727 1084 2792 Africam

41 2827 101 2880 aut
121 2814 132 2877 i
192 2835 224 2876 m
242 2811 290 2877 M.
303 2811 468 2878 Valerium
491 2811 666 2876 Laevinum
688 2813 849 2890 traiicere3
873 2826 927 2877 aut
948 2815 1083 2892 mittere,

41 2923 104 2966 seu
163 2897 345 2976 .Cincium,
371 2921 428 2964 scu
456 2898 504 2964 M.
517 2898 680 2963 Valerium
707 2898 896 2964 Messallam.
942 2898 1014 2964 Nec
1042 2900 1083 2964 de

43 2985 204 3073 Hispania
216 2985 386 3072 quicquam
401 2997 566 3061 mutatum,
581 2985 642 3048 nisi
656 2985 744 3070 quod
756 2985 867 3048 nonin
881 3007 1000 3049 annum
1017 2984 1084 3050 sci-

41 3073 136 3163 pioni
157 3071 337 3158 Silanoquc,
353 3070 410 3136 sed
422 3071 524 3135 donec
543 3071 678 3135 revocati
699 3070 739 3135 ab
755 3082 868 3135 senatu
884 3069 996 3147 forent,
1012 3093 1086 3158 pro-

42 3171 190 3246 rogatum
211 3158 379 3246 imperium
400 3169 456 3222 est.
502 3155 552 3220 Ita
568 3156 747 3244 provinciae
769 3155 1029 3243 exercituumque
1050 3157 1085 3222 in

43 3268 122 3313 eum
137 3268 255 3310 annum
270 3245 384 3332 partita
397 3242 536 3329 imperia.

90 3331 180 3398 Inter
207 3331 361 3397 maiorum
388 3351 494 3394 rerum
522 3350 610 3393 curas
632 3327 760 3394 comitia
782 3328 912 3393 maximi
936 3329 1084 3409 curionis,
1151 3335 1181 3396 8.

45 3439 148 3508 quum
163 3417 316 3484 inlocum
333 3415 381 3482 M
395 3414 527 3480 Aemilii
546 3413 688 3480 sacerdos
708 3428 874 3493 crearetur,
889 3428 980 3480 retus
999 3417 1086 3481 exci-

45 3518 196 3573 taverunt
208 3517 368 3570 certamen
376 3527 386 3581 3
409 3501 547 3590 patriciis
561 3502 750 3589 negantibus
765 3500 804 3566 C.
818 3501 955 3567 Mamilii
970 3502 1084 3582 Vituli,
1094 3523 1124 3572 c.
1133 3522 1222 3572 utami-

46 3592 107 3681 qui
125 3614 207 3656 unus
226 3613 266 3657 ex
285 3589 377 3680 plebe
393 3590 533 3692 petebat,
551 3588 728 3654 habendam
746 3588 902 3653 rationem
919 3611 996 3667 esse,
1012 3587 1243 3700 quia¹i¹¹³1f¹lb¹2lut

46 3701 145 3746 nemo
159 3691 233 3744 ante
247 3677 403 3756 eum,nis1
417 3700 459 3744 ex
474 3675 629 3753 Patribus,
645 3675 679 3741 id
693 3673 902 3742 sacerdotium
916 3674 1084 3742 habuisset
1093 3665 1215 3764 fflissu,

1094 3793 1169 3830 Curio.

83 3913 99 3957 4
114 3897 142 3946 t.
159 3896 272 3946 Vetusius
281 3897 311 3945 ob
322 3895 350 3946 0.
360 3896 484 3955 melodo]
502 3895 551 3943 Pro
614 3891 631 3943 6
646 3894 677 3944 P.
689 3895 809 3956 Stslpicio]
839 3895 922 3952 Quam
938 3911 1003 3958 supr.
1019 3898 1085 3948 xxvi.

49 3963 80 4011 L.
96 3961 217 4020 Vettii-isis,
233 3961 299 4022 quod
317 3959 417 4023 Pighius
436 3958 552 4020 tepeant,
584 3957 622 4008 aa.
637 3957 771 4008 exercitum
785 3973 882 4008 omnem
898 3967 994 4022 praeter
1009 3961 1087 4011 socios

48 4023 147 4074 codices
162 4025 189 4074 0.
200 4025 320 4074 Hostilius
335 4038 394 4086 prae
410 4037 436 4072 sa
453 4023 550 4071 serum:
583 4021 705 4072 dimittere
721 4023 812 4072 iussum
827 4023 901 4074 inisse
916 4025 1087 4075 arrimsdvsrtit

49 4089 94 4138 sed
112 4087 192 4151 Pighii
209 4087 348 4137 coniectura
364 4086 401 4148 iis,
417 4101 480 4148 quae
497 4085 552 4135 inu.
586 4085 693 4148 Pighius.
726 4087 802 4148 Hinc,
812 4102 896 4150 quum,
906 4096 1032 4152 prorogato
1043 4089 1086 4138 im·

54 4167 91 4202 ro.
103 4157 128 4200 et
138 4165 176 4202 ss.
192 4157 364 4211 memorantur,
376 4151 500 4214 praeclare
515 4150 553 4198 lir-
584 4149 660 4263 m,
673 4149 728 4201 inlr.
740 4166 779 4211 ss,
795 4153 864 4200 nulls
880 4153 889 4201 l
921 4153 980 4201 'onis
995 4153 1088 4200 mantio

50 4221 140 4266 maun.
670 4215 710 4275 sit,
729 4216 768 4264 rel
791 4213 888 4264 Livium
927 4215 1087 4264 allucinatum

89 4291 104 4341 5
122 4280 249 4330 Praetoris
259 4279 304 4330 on.
314 4279 412 4340 Fsdaii]
440 4277 555 4327 Triennio
586 4293 646 4338 esse,
657 4279 697 4327 vei
706 4277 816 4328 librarios
826 4293 938 4342 pesam
949 4277 1089 4327 Perizonius

51 4349 111 4392 ante
122 4343 185 4392 circa
194 4344 352 4393 Herdoneam
367 4345 400 4392 sb
414 4342 555 4392 Hannibale
587 4341 697 4390 coniecit.

53 4405 120 4456 victi.
137 4409 168 4458 ci.
178 4423 244 4471 supr.
255 4423 311 4456 xxv.
324 4423 361 4456 ar.
