2966 4778
359 189 420 249 114
745 181 858 250 ΤΙΤΙ
888 183 1025 249 LIVII

202 327 236 378 tJ.
248 326 278 376 ⁰·
293 321 474 388 53⁶·‘ferme
492 343 559 386 esse
581 321 863 408 incompositorum
886 321 1212 406 inordinatorumque.
1258 316 1414 382 Poenum

203 393 231 440 ⁸⁶
249 391 278 441 ⁰·
294 388 487 472 ²¹⁶·‘sedere
508 406 550 471 ad
574 407 713 485 Cannas,
731 409 766 471 in
784 409 982 495 captivorum
1001 407 1111 495 pretiis
1130 403 1314 492 praedaque
1338 404 1415 479 alia,

359 502 438 558 ‘nec
452 493 579 558 victoris
597 493 713 571 animo,
729 517 789 560 uec
807 496 915 582 magui
932 494 1022 560 ducis
1040 515 1138 569 more,
1154 490 1442 556 nundinantem’s

359 579 445 644 Tum
474 579 612 666 privatae
638 603 767 667 quoque
796 604 854 668 per
876 581 987 647 domos
1012 580 1119 644 clades
1141 578 1289 664 vulgatae
1315 591 1414 640 sunt:

201 673 343 750 cerertsm·
359 664 503 752 adeoque
523 679 621 730 totam
641 668 752 731 urbem
772 667 913 754 opplevit
932 667 1045 744 luctus,
1061 679 1097 730 ut
1117 686 1242 729 sacmm
1261 663 1416 727 anniver-

201 745 351 852 affl*
359 751 476 816 sarium
504 751 631 817 Cereris
654 753 869 818 intermissum
891 755 950 829 sit3
981 753 1057 840 quia
1078 773 1138 816 nec
1164 749 1354 837 lugentibus
1379 748 1416 813 id

303 839 310 853 '
358 838 460 904 facere
483 851 532 902 est
550 840 605 915 fas,
626 861 686 904 nec
706 838 772 903 ulla
793 840 827 904 iu
848 839 904 904 illa
923 851 1108 926 tempestate
1131 851 1276 900 matrona
1297 857 1417 921 expers

358 925 464 990 luctus
480 925 591 990 fuerat
637 924 760 1012 ltaque,
777 949 817 990 ne
838 926 881 991 ob
900 924 1035 991 eandem
1052 945 1179 989 causam
1200 921 1262 985 alia
1280 943 1327 1007 qu
1372 945 1415 985 ue

359 1033 447 1076 sacra
480 1011 607 1097 publica
636 1024 691 1075 aut
723 1011 845 1099 privata
873 1011 1104 1086 desererentur,
1135 1021 1369 1074 senatusconsu
1382 1021 1416 1072 to

359 1097 473 1162 diebus
493 1098 623 1184 triginta
640 1096 744 1162 luctus
763 1111 812 1162 est
833 1098 950 1162 finitus.
998 1097 1152 1162 Ceterum
1173 1116 1284 1180 quum,
1302 1093 1417 1158 sedato

360 1183 446 1247 urbis
461 1183 610 1262 tumultu,
626 1185 763 1248 revocati
777 1185 811 1248 in
826 1185 946 1250 curiam
967 1183 1079 1248 Patres
1095 1195 1210 1257 essent,
1227 1180 1309 1244 aliae
1325 1181 1417 1243 insu-

360 1291 467 1418 pppex
486 1267 594 1418 δίοἱΙΙίἰιι
603 1269 711 1370 literae
723 1269 923 1420 alllataelsunt
937 1270 978 1334 ab
993 1270 1031 1334 T.
1046 1267 1185 1369 Otacilio
1196 1281 1417 1354 propraetore,

416 1377 434 1418 e
480 1377 534 1418 um
587 1377 812 1420 1eron1scasse
863 1378 957 1421 unica
970 1369 1103 1420 vastari:
1128 1375 1180 1417 cut
1219 1375 1299 1416 uum
1319 1375 1340 1416 o
1384 1376 1417 1416 m

363 1378 562 1528 ‘impildmnti
582 1441 662 1506 ferre
678 1441 783 1519 vellet,
798 1443 981 1507 nuntiatum
995 1442 1055 1506 sibi
1075 1463 1154 1516 esse,
1171 1377 1265 1502 aldam
1280 1375 1417 1503 claddeem

363 1527 424 1591 ‘ad
446 1527 585 1614 Aegates
601 1527 717 1592 insulas
732 1541 824 1606 stare,
840 1541 981 1616 paratum
996 1529 1265 1611 instructamque3
1289 1539 1339 1601 ut,
1360 1525 1417 1590 ubi

362 1623 414 1678 ‘se
423 1635 548 1678 versum
560 1613 601 1677 ad
613 1613 763 1678 tuendam
778 1614 1005 1702 Syracusanam
1017 1635 1102 1678 oram
1115 1610 1217 1676 Poeni
1229 1611 1416 1689 sensioeent,

363 1698 571 1786 ‘Lilybaeum
594 1700 755 1787 extemplo
769 1701 1028 1787 provinciamque
1044 1699 1136 1763 aliam
1153 1697 1338 1761 Romanam
1361 1721 1436 1784 εις-ι

363 1794 374 1824 ‘
421 1785 600 1850 ederentur.
646 1785 759 1872 Itaque
785 1786 881 1852 classe
904 1809 984 1874 opus
1006 1808 1084 1862 esse,
1107 1785 1133 1848 si
1155 1805 1264 1870 regem
1291 1785 1418 1848 socium

364 1807 588 1958 ‘filciliamque
604 1872 686 1936 tueri
700 1871 839 1938 vellent!

296 2007 304 2024 .
407 1957 524 2023 Litaris
546 1958 683 2024 consulis
707 1982 766 2046 pro
788 1961 981 2047 rectorisque
1007 1959 1108 2036 lectis,
1134 1973 1341 2035 censuerunt,
1367 1957 1437 2022 Mt

366 2044 549 2122 Claudium,
566 2046 622 2132 qui
637 2045 728 2110 classi
801 2047 923 2112 Ostiam
939 2048 1035 2111 stanti
1046 2057 1215 2133 praeesset,
1234 2043 1418 2108 Canusium

362 2131 402 2196 ad
415 2132 592 2196 exereitum
608 2131 809 2209 mittendum,
821 2133 1087 2218 scribendumque
1103 2130 1235 2208 consuli,
1251 2143 1300 2207 ut,
1314 2153 1418 2217 quum

362 2219 500 2305 praetori
532 2216 707 2282 exereitum
743 2216 932 2295 tradidisset,
962 2219 1065 2317 primo
1094 2239 1222 2316 quoque
1258 2229 1417 2304 tempore,

363 2317 518 2390 quantum
580 2327 596 2367 r
614 2303 818 2368 commodum
835 2303 1027 2390 reipublicae
1047 2303 1117 2367 fien
1137 2313 1251 2389 pomet,
1276 2301 1417 2366 Romam

205 2403 320 2452 vestales
362 2391 492 2455 veniret.
570 2390 657 2454 erriti
679 2391 775 2453 etiam
798 2413 835 2454 su
878 2413 893 2453 r
916 2402 1016 2454 tantas
1038 2388 1153 2465 clades,
1176 2409 1276 2474 quum
1300 2390 1418 2452 ceteris

203 2467 353 2529 nuptian-
385 2474 524 2561 rodigiis,
541 2487 610 2538 tum
625 2474 714 2561 quod
735 2475 818 2540 duae
866 2475 979 2540 estales
993 2497 1032 2540 eo
1052 2497 1148 2551 anno,
1165 2473 1297 2559 Opimia
1317 2487 1417 2561 atque

203 2537 295 2593 pensa
363 2497 519 2638 l'loronia,
535 2561 636 2647 stupri
656 2573 846 2648 compertae,
860 2573 895 2626 et
912 2560 1010 2626 altera
1028 2562 1088 2625 sub
1104 2574 1195 2636 terra,
1211 2571 1247 2622 ut
1267 2581 1341 2624 mos
1358 2575 1416 2636 est,

362 2647 404 2711 ad
418 2659 542 2733 portam
560 2645 719 2711 Collinam
737 2659 850 2712 necata
863 2647 977 2723 fuerat,
992 2646 1091 2712 altera
1104 2646 1231 2710 sibimet
1245 2645 1318 2732 ipsa
1333 2669 1418 2710 mor·

364 2747 429 2796 tem
443 2731 645 2796 consciverat.
692 2731 730 2796 L.
749 2732 917 2810 Cantilius,
932 2732 1217 2820 scribapontificis,
1234 2753 1317 2818 qnos
1330 2751 1437 2798 nunes
1471 2759 1472 2804 ς

364 2819 501 2883 minores
527 2818 695 2905 pontifices
720 2818 890 2905 appellant,
913 2820 970 2906 qui
995 2841 1070 2883 cum
1093 2817 1242 2883 Floronia
1267 2829 1417 2906 stuprum

362 2906 490 2982 fecerat,
500 2928 520 2969 a
533 2903 683 2991 pontifice
696 2904 835 2968 maximo
844 2927 883 2969 eo
899 2927 1000 2991 usque
1011 2904 1107 2991 virgis
1116 2905 1151 2967 in
1162 2904 1293 2969 comitio
1305 2927 1417 2970 caesus

361 3003 439 3068 erat,
461 3005 498 3056 ut
519 2990 603 3054 iuter
623 2991 753 3055 verbera
774 3011 815 3054 ex
853 2991 956 3055 iraret.
1003 2990 1076 3054 Hoc
1098 2989 1186 3054 nefus
1208 3013 1310 3075 quum
1333 2992 1418 3055 inter

364 3090 420 3154 tot,
443 3089 480 3141 ut
502 3077 549 3154 fit,
571 3075 677 3141 clades
705 3077 739 3140 in
765 3013 947 3164 prddigium
971 3098 1095 3140 versum
1120 3088 1212 3153 esset,
1241 3075 1416 3142 decemviri

364 3161 460 3228 libros
482 3163 570 3227 adire
591 3161 667 3228 iussi
689 3175 771 3227 suut
818 3161 862 3226 Et
885 3161 927 3237 Q,
939 3162 1055 3227 Fabius
1076 3161 1185 3226 Pictor
1206 3161 1358 3249 Delphos
1378 3163 1416 3227 ad

364 3247 526 3314 oraculum
541 3249 653 3314 missus
669 3265 717 3313 est
731 3247 933 3326 sciscitatum,
944 3249 1059 3336 quibus
1074 3248 1220 3335 precibus
1235 3248 1434 3336 suppliciis-⁴

363 3425 443 3475 millia
458 3426 508 3474 iam
526 3425 627 3476 canusii
645 3431 723 3484 erant,
738 3430 870 3487 autequam
903 3429 983 3483 enmt,
990 3423 1081 3475 Stroth.
1091 3429 1116 3480 et
1125 3423 1250 3487 Kreyssig.
1259 3424 1413 3476 inserendam

364 3491 479 3539 Varroeo
490 3505 546 3540 cum
555 3495 670 3551 quattuor
676 3489 785 3538 millibus
797 3489 870 3538 venit.
903 3489 1050 3538 maluerunt.

364 3553 449 3603 Grott.
936 3553 1340 3616 3Scrllopontlfict'aquoaaunc]
1354 3553 1413 3602 Scri-

394 3617 628 3682 9Nunds'aantem]
654 3615 728 3663 Hanc
743 3614 871 3676 elegantis·
904 3615 1214 3678 bapontificmexeontm
1223 3615 1360 3665 scribamm
1373 3633 1414 3666 nu-
1469 3654 1470 3671 ,

362 3682 450 3730 simam
469 3680 599 3728 lectionem
619 3678 682 3727 aruit
700 3677 808 3727 Gronov.
826 3693 871 3740 pro
903 3693 980 3738 mero,
996 3693 1058 3740 quos
1076 3695 1142 3728 nunc
1162 3682 1268 3730 minem
1284 3683 1414 3742 penufius

363 3745 428 3806 vulg.
438 3745 601 3792 samum
613 3743 644 3791 cs.
660 3741 734 3790 Ennii
745 3742 816 3789 locus
830 3757 870 3802 ap.
904 3743 1038 3804 appellant.
1063 3743 1126 3790 Aliis
1136 3742 1212 3804 map's
1222 3744 1314 3804 placet,
1324 3746 1414 3793 refene

362 3807 473 3857 creos.
482 3807 498 3855 i.
509 3821 545 3855 ιι.
554 3805 872 3867 ιὶιιιιιψσωιιροιιαπιη
905 3821 990 3854 vocem
1004 3823 1072 3869 quos,
1087 3821 1136 3855 non
1150 3808 1183 3855 ad
1196 3808 1309 3866 sorim
1322 3810 1370 3856 aad
1384 3809 1414 3856 ad

363 3871 450 3918 haum
460 3872 503 3920 aad
513 3870 688 3930 dalimnanus.
899 3872 1055 3932 pontificma:
1072 3871 1151 3918 scriba
1164 3869 1295 3932 pontificis,
1306 3872 1351 3932 qui
1363 3872 1413 3933 qui

398 3946 408 3980 1
427 3933 632 3995 Pandosiamque
645 3931 732 3990 dmm]
755 3946 789 3981 sc.
801 3930 869 3979 Reli·
902 3933 958 3980 dem
970 3933 1081 3994 pontifex
1092 3939 1155 3982 esset
1166 3948 1289 3982 exeamus
1301 3949 1414 3990 numero,

364 4011 448 4058 quam,
458 4001 486 4042 ut
497 4011 562 4057 supr.
577 4009 613 4044 ιι.
626 4001 651 4042 et
661 3993 712 4043 xxi.
725 3991 764 4055 56.
903 4011 964 4056 quos
979 4012 1044 4045 nunc
1059 3997 1165 4046 minores
1181 3997 1310 4059 pontifices
1325 4001 1413 4062 appel-
1468 3995 1469 4004 ’

397 4071 411 4108 ι
430 4060 596 4118 Camenam
631 4057 706 4106 Hunc
728 4071 822 4116 vocem,
842 4064 870 4106 ut
903 4059 963 4110 lant.
980 4061 1060 4109 Cast.
1094 4061 1210 4110 Ceterum
1222 4067 1271 4108 tras
1282 4063 1413 4122 pontifices
1468 4041 1469 4101 l

364 4138 428 4185 quae
446 4123 478 4171 ab
495 4122 608 4170 omnibus
625 4121 681 4174 edd.
701 4127 726 4170 et
748 4121 871 4183 plerisque
903 4123 1008 4172 minuma
1035 4129 1209 4174 commemorat
1230 4125 1283 4174 Cic.
1306 4125 1339 4173 de
1362 4127 1411 4174 Ha-

365 4187 436 4236 codd.
447 4184 546 4248 optimis
556 4184 629 4244 absit,
638 4183 834 4234 omittuntCrev.
845 4189 871 4232 st
903 4187 1097 4248 ruspRespons.
1104 4187 1128 4236 6.
1143 4187 1287 4237 cfiNiebhr.
1298 4189 1347 4238 lu.
1361 4201 1412 4250 775.
1467 4243 1468 4252 ἵ

366 4249 524 4298 sostenes
534 4263 612 4308 quum
622 4249 672 4296 tale
683 4247 742 4308 quid
752 4253 818 4296 certe
829 4249 869 4296 de
935 4267 950 4308 4
966 4251 1159 4313 Supplleiiaque]
1179 4251 1253 4300 Hanc
1270 4266 1357 4300 vocem
1370 4269 1412 4315 pm
1467 4269 1468 4302 ι

366 4312 490 4372 uideretur,
505 4317 533 4360 ut
549 4310 662 4374 Sigonius
677 4311 769 4373 aliique
784 4325 870 4360 monn·
902 4312 1129 4376 supplicationibus,
1140 4329 1171 4363 ex
1186 4315 1285 4366 sanun
1301 4315 1411 4380 Catilu
1467 4303 1468 4362 l
