2878 4772
301 260 397 326 LIB.
422 261 568 327 XXVII
602 261 714 330 CAP.
739 269 790 328 32.
1009 263 1074 330 379

25 393 147 481 Neque
173 395 259 458 euim
284 398 393 461 omnia
417 398 543 462 emebat
571 411 627 461 aut
655 397 905 476 eblandiebatur,
929 395 987 462 sed
1007 397 1160 464 eimuo-
1178 417 1235 468 544»

24 482 125 545 etiam
139 481 265 568 flagitiis
279 481 467 548 adhibebat:
486 483 763 572 periculosumque
777 498 812 549 et
825 483 900 550 viris
912 497 948 548 et
961 470 1114 584 paren-³·
1131 469 1161 520 ⁰·
1177 469 1233 518 ²⁰⁸·

25 567 113 667 tibus
127 581 203 644 erat,
219 589 339 632 moram
354 569 557 634 incommoda
570 571 735 636 severitate
758 571 883 635 lrbrdrm
905 591 1010 656 regiae
1027 569 1074 634 fe·

9 675 115 718 tense.
152 653 220 718 Uni
234 654 329 718 etiam
344 655 481 743 principi
495 657 699 722 Achaeorum
716 658 816 721 Arato
832 655 923 721 adem
948 669 980 720 ta
993 677 1075 720 uxor

24 739 158 839 nomine
173 739 363 828 Polycratia,
378 764 415 806 ae
429 765 485 829 spe
499 742 657 829 regiarum
673 741 855 830 nuptiarum
871 742 905 806 iu
961 742 1075 808 asedo-

21 847 115 890 nram
129 840 287 913 asportata
299 827 411 892 firerat.

72 911 136 976 Per
151 912 229 978 haec
243 913 363 1000 flagitia
379 913 514 980 sollenni
530 914 728 981 Nemeorum
748 927 886 1003 peraeto,
901 914 995 1002 pauci
1035 935 1074 978 ua
1084 922 1208 971 Adversus

25 997 146 1063 additis
161 999 282 1076 diebus,
299 999 421 1088 Dymas
435 1014 483 1066 est
497 1002 665 1088 profectus,
681 1002 722 1066 ad
736 1001 928 1089 praesidium
945 1000 1029 1064 Aeto
1041 986 1203 1097 gaetplps·

25 1106 110 1185 rum,
126 1086 215 1172 quod
232 1087 272 1150 ab
288 1085 376 1152 Eleis
397 1088 535 1152 accitum
556 1102 786 1176 acceptumque
808 1089 843 1152 in
864 1086 976 1152 urbem
998 1063 1227 1172 eratl'u'gffi.

25 1171 232 1236 eucrendum.
279 1170 308 1237 C
332 1173 450 1238 eliadas
469 1175 583 1262 (penes
605 1198 679 1240 eum
699 1196 822 1239 summa
846 1173 972 1261 imperii
994 1171 1150 1256 eratldem·

26 1257 218 1357 Achaeique
236 1258 277 1322 ad
381 1282 415 1324 as
436 1261 503 1348 regi
523 1283 704 1326 occurrere:
731 1274 764 1325 et
779 1259 931 1325 Eleorum
953 1257 1078 1324 accensi

26 1343 115 1421 odra,
131 1345 219 1430 quod
236 1368 255 1409 a
271 1346 384 1410 ceteris
400 1346 538 1412 Achaeis
552 1347 772 1412 dissentirent:
798 1359 831 1412 et
845 1346 960 1410 infensi
976 1345 1079 1410 Aeto-

26 1429 79 1508 lis,
103 1453 182 1517 quos
205 1430 388 1496 Romanum
411 1454 455 1519 qu
500 1455 540 1498 ue
566 1434 715 1498 adversus
738 1455 772 1498 se
798 1433 931 1498 movisse
956 1430 1078 1495 bellum

27 1516 211 1581 credebant
257 1517 396 1582 Profecti
419 1521 459 1584 ab
513 1521 606 1670 Emis,
621 1520 792 1585 coniuncto
812 1519 954 1584 exercitu
977 1530 1078 1581 trans-

28 1617 110 1667 eunt
125 1603 269 1668 Larisum
288 1626 424 1682 amnem,
441 1606 498 1692 qui
544 1606 630 1670 lenm
651 1606 824 1706 agrumtab
839 1605 987 1693 Dymaeo
1001 1603 1078 1668 diri·

28 1689 99 1752 mit.
145 1688 289 1754 Primum
307 1689 402 1769 diem,
419 1714 484 1778 quo
506 1693 586 1756 fines
607 1692 746 1758 hostium
768 1691 899 1779 ingressi
920 1700 1004 1767 sunt,
1020 1711 1078 1776 po-
1134 1685 1185 1744 32·

28 1775 172 1926 pplando
187 1778 437 1864 absumpserunt
484 1778 616 1844 Postero
630 1778 683 1842 die
704 1779 772 1843 acie
794 1779 948 1842 instructa
966 1775 1007 1841 ad
1025 1797 1078 1839 ur·

74 1883 106 1925 m
131 1876 339 1941 accesserunt,
364 1865 542 1951 praemissis
568 1865 748 1951 equitibus3
774 1865 839 1950 qui,
864 1861 1079 1949 obequitando

28 1947 140 2034 portis,
178 1963 337 2036 romptum
352 1950 393 2014 ad
408 1951 609 2016 excursiones
626 1973 728 2037 genus
742 1949 931 2014 lacesserent
945 1946 1079 2012 Aetolo-

28 2057 113 2098 rum.
220 2036 360 2114 orabant,
384 2035 561 2138 Sulpicium
582 2059 656 2102 cum
678 2035 861 2122 quindecim
883 2034 1016 2098 navibus
1038 2032 1078 2096 ab
1087 2041 1210 2106 Sulpicius

30 2119 202 2208 Naupacto
219 2119 378 2210 Cyllenen
399 2137 566 2199 traiecisse,
582 2135 624 2200 et,
640 2121 791 2208 expositis
806 2121 840 2185 in
855 2133 970 2184 terram
986 2107 1209 2219 quat-fflellffl

29 2221 106 2272 tuor
119 2207 258 2274 millibus
269 2221 470 2286 armatorum,
485 2208 613 2273 silentio
627 2207 793 2284 noctisue
808 2205 949 2292 conspici
964 2225 1078 2292 agmen
1142 2185 1184 2220 ω’

28 2305 148 2382 posset,
163 2295 294 2360 intrasse
310 2294 405 2360 Elim.
444 2293 558 2382 Itaque
573 2293 742 2382 improvisa
755 2315 805 2357 res
819 2292 982 2379 ingentem
998 2289 1079 2354 inie-

28 2380 77 2444 cit
103 2394 264 2459 terrorem,
290 2395 457 2468 postquam
484 2381 568 2446 inter
591 2379 724 2445 Aetolos
750 2379 909 2466 Eleosque
933 2375 1080 2441 Romana

28 2467 123 2552 signa
144 2479 239 2555 atque
262 2489 349 2532 arma
370 2489 555 2555 cognovere.
602 2465 647 2531 Et
663 2467 767 2554 primo
781 2465 922 2552 recipere
936 2485 1010 2528 suos
1023 2474 1144 2526 vo-Rex
1155 2472 1230 2523 vinci-

28 2553 135 2618 luerat
157 2575 234 2618 rex:
257 2552 343 2632 dein,
366 2566 528 2619 contracto
550 2553 613 2618 iam
635 2553 719 2618 inter
742 2551 876 2617 Aetolos
899 2561 933 2615 et
956 2547 1079 2614 Tralles
1087 2544 1134 2588 Μ·

29 2639 231 2726 (Illyriorum
252 2640 287 2705 id
310 2654 358 2705 est
380 2649 497 2728 genus)
510 2639 693 2716 certamine,
709 2661 808 2726 quum
830 2636 935 2724 urgeri
956 2635 1080 2700 videret

28 2748 116 2803 suos,
132 2725 190 2792 eti
262 2748 319 2791 rex
334 2749 407 2792 curn
422 2726 568 2814 equitatu
588 2727 623 2789 in
645 2726 808 2790 cohortem
829 2724 1008 2788 Romanam
1030 2721 1080 2786 in-

10 2813 139 2877 rcurrit
178 2749 345 2898 lileeqans
358 2812 425 2901 pilo
440 2813 588 2878 traiectus
601 2834 701 2899 quum
716 2811 896 2899 prolapsum
912 2832 971 2897 per
984 2821 1081 2896 caput

29 2921 141 2985 regem
157 2899 328 2978 effudisset,
344 2914 435 2965 atrox
456 2921 564 2986 pugna
587 2899 746 2984 utrimque
766 2917 899 2961 accensa
919 2909 976 2971 est,
993 2895 1080 2958 stab

32 2985 189 3050 Romanis
210 2986 331 3072 impetu
355 2987 389 3051 in
413 3007 520 3071 regem
544 2985 637 3060 facto,
656 2999 691 3047 et
712 2980 953 3069 protegentibus
975 2979 1079 3065 regiis·

30 3071 172 3159 Insignis
187 3087 219 3137 et
234 3072 332 3160 ipsius
350 3094 459 3160 pugna
472 3071 542 3148 fuit,
558 3091 659 3157 quum
679 3067 777 3156 pedes
791 3067 875 3130 inter
889 3065 1013 3151 equites
1028 3086 1081 3128 co-

30 3173 123 3224 actus
138 3172 220 3224 esset
237 3160 392 3247 proelium
408 3157 498 3222 inire.
544 3155 642 3232 Dein,
655 3176 755 3241 quum
777 3152 840 3216 iam
858 3152 960 3237 impar
980 3163 1082 3214 certa·

30 3266 109 3309 rnen
125 3257 216 3323 esset,
231 3245 445 3331 caderentque
463 3244 548 3308 circa
566 3264 640 3306 eum
663 3239 766 3316 multi,
783 3251 816 3304 et
829 3235 1081 3315 vulnerarentur,

30 3344 142 3418 raptus
162 3332 201 3396 ab
222 3332 295 3410 suis,
318 3345 413 3432 atque
441 3328 531 3394 alteri
551 3350 635 3415 equo
654 3326 800 3401 iniectus,
823 3323 912 3410 fugit
959 3321 1010 3388 Eo
1029 3322 1081 3388 die

30 3433 136 3482 castra
157 3419 300 3504 quinque
325 3417 424 3482 mrllia
446 3437 595 3504 passuum
619 3415 658 3479 ab
685 3412 762 3476 urbe
790 3409 940 3475 Eleorum
966 3409 1080 3496 posuit.

30 3504 168 3569 Postero
179 3505 220 3568 ad
231 3504 392 3568 castellum
404 3502 448 3589 (P
470 3524 561 3589 rgum
573 3498 703 3582 vocant)
712 3497 817 3598 copias
829 3517 939 3560 omnes
950 3493 1080 3559 eduxit:

31 3611 100 3691 quo
115 3592 285 3678 agrestium
301 3589 429 3654 multitu
464 3609 538 3654 nem
557 3609 631 3650 cum
652 3585 819 3685 peconbus
840 3594 928 3646 metu
950 3579 1083 3667 populu-

31 3693 157 3744 tronum
170 3675 364 3764 compulsam
377 3675 527 3741 audierat
565 3672 646 3738 Eam
657 3669 852 3735 inconditam
864 3668 1083 3752 inermemque

29 3763 274 3829 multitudinem
296 3762 399 3849 primo
421 3761 527 3826 statim
545 3772 663 3824 terrore
684 3755 855 3822 adveniens
870 3776 906 3818 ce
929 3753 972 3816 it:
997 3775 1084 3817 com-

30 3865 285 3938 pensaveratque
301 3872 340 3912 ea
352 3846 480 3948 praeda,
496 3845 584 3934 quod
606 3843 799 3933 ignominiae
815 3840 856 3905 ad
872 3775 957 3904 Elim
973 3861 1084 3928 accep-

30 3953 105 4003 tum
126 3937 238 4003 suerat
284 3933 453 4000 Divrdenti
475 3932 625 4020 praedam
647 3930 850 4017 captivosque
866 3925 1007 4016 (firsrant
1028 3949 1085 3991 au·

70 4160 80 4194 1
99 4146 179 4194 Arato
193 4145 306 4208 adempta
319 4144 394 4203 acor]
425 4139 465 4190 Ex
477 4139 544 4189 Plut
577 4153 653 4202 opera
667 4136 806 4200 respublica
817 4135 971 4185 Achaeorum
986 4131 1086 4182 coaluit

29 4211 59 4260 in
72 4210 243 4258 Aratoversus
259 4207 344 4266 finem,
358 4205 472 4268 colligere
488 4203 546 4252 licet
578 4203 659 4253 em.
1070 4257 1076 4270 ι

28 4276 103 4324 huno
125 4274 238 4331 Aratum,
260 4272 300 4321 eui
326 4285 427 4319 uxorem
453 4266 546 4317 ademit
611 4268 691 4316 τὴν
701 4265 789 4326 eaput]
809 4261 925 4324 Intellige
935 4264 1087 4322 caputaqur,

30 4335 178 4398 Philippus,
196 4336 271 4385 brine
291 4337 395 4386 Aratum
417 4333 547 4390 iuniorem,
579 4345 623 4393 per
633 4329 700 4390 quod
715 4334 741 4377 et
755 4327 865 4376 eitudem
876 4326 968 4375 collum
979 4337 1022 4374 rex
1033 4322 1086 4386 lap-

28 4401 115 4452 filium
137 4400 190 4451 eim
212 4400 291 4463 Arati,
309 4399 379 4450 cuius
400 4397 501 4449 consilio
521 4401 547 4447 st
579 4398 674 4446 suren.
691 4393 772 4444 Cast.
