2888 4768
384 183 446 244 206
714 215 720 222 ·
770 179 882 246 ΤΙΤΙ
909 179 1043 246 LIVIl

256 363 263 376 .
298 363 304 376 .
321 329 375 390 53&
384 316 506 382 occasio
514 315 589 382 data
601 331 667 394 est3
690 331 723 382 et
737 317 781 394 hi,
791 318 947 383 sentinam
961 315 1121 404 quandam
1129 315 1211 380 urbis
1223 314 1381 378 reticulum

227 427 258 442 ··
297 427 303 441 ·
322 407 473 480 vestam,
486 403 690 470 laetabantur.
737 404 890 470 Ceterum
901 405 1084 469 levaverunt
1097 401 1382 488 modoinpraescutia

385 489 471 554 velut
485 512 524 554 co
562 514 598 556 us
618 513 757 579 aegrum,
773 514 838 578 quo
855 514 930 556 mox
944 491 979 555 in
996 490 1168 578 graviorem
1182 489 1313 552 morbum
1324 487 1382 550 reci-

228 593 365 657 Hippos*
384 574 481 641 deret.
523 513 743 677 lllippocratee
771 577 857 642 enirn
886 577 1021 642 finitima
1046 575 1224 664 provinciae
1252 574 1381 638 Romanae

226 663 263 732 ta
275 659 368 721 provin·
382 662 486 748 primo
504 662 627 730 firrtivrs
646 664 883 730 excursionibus
897 677 1016 728 vastare
1034 663 1155 750 coepit:
1179 661 1296 737 deinde,
1309 683 1381 746 quun

226 723 424 836 fflmud
447 749 581 815 urendos
602 751 758 816 sociorum
779 773 870 836 agros
889 750 1016 814 missum
1039 750 1078 815 ab
1101 748 1206 836 Appio
1226 745 1381 847 praesidium

383 847 474 911 esset,
486 837 632 902 omnibus
646 837 744 924 copiis
758 838 912 924 impetum
927 837 961 901 in
975 836 1150 923 oppositam
1165 847 1319 899 stationem
1331 855 1382 896 cun

382 921 480 987 caede
500 922 670 988 multorum
684 923 768 988 fecit.
815 922 907 998 Quae
922 947 1022 1010 quum
1043 935 1148 987 essent
1167 921 1303 985 nuntiata
1321 917 1383 982 llar-

382 1007 473 1086 cello‚
496 1008 615 1096 legatos
637 1009 797 1097 extemplo
823 1008 991 1096 Syracusas
1019 1009 1113 1084 misit,
1136 1009 1192 1094 qui
1212 1007 1292 1094 pacis
1313 1006 1383 1068 fideu

382 1107 507 1182 ruptam
522 1118 589 1160 esse
600 1096 760 1162 dicerent:
784 1118 843 1160 nce
858 1095 933 1161 belli
944 1095 1121 1160 defuturam
1132 1117 1269 1180 unquam
1280 1113 1382 1164 musam

382 1180 443 1246 uisi
466 1180 677 1269 Hippocrates
698 1196 793 1282 atque
816 1180 845 1245 E
868 1182 975 1270 icydes
996 1205 1061 1247 non
1076 1182 1115 1246 ab
1135 1180 1291 1280 Syracusis
1307 1178 1383 1248 modo,

228 1272 352 1348 1³1³?ssde
382 1266 439 1330 sed
464 1279 531 1332 tota
554 1269 663 1356 procul
691 1267 807 1346 Sicilia,
833 1205 1059 1355 allegarentur.
1105 1265 1273 1354 Epicydes,
1294 1288 1329 1330 ne
1348 1279 1384 1326 rut

227 1341 315 1449 {25⁸4}
326 1353 351 1386 ¹¹¹
383 1375 456 1418 rcus
469 1355 608 1420 criminis
623 1355 759 1420 absentis
772 1356 875 1420 fratris
889 1377 1035 1442 praesens
1050 1367 1140 1430 esset,
1155 1369 1213 1418 aut
1227 1353 1335 1417 deeset
1346 1373 1384 1436 pro

226 1417 359 1526 prodendi-⁸
383 1452 543 1525 partesue
558 1441 748 1508 concitando
767 1442 859 1518 bello,
897 1441 1032 1506 rolectus
1051 1441 1164 1526 etipse
1186 1440 1221 1503 in
1236 1438 1383 1503 leonum

227 1535 274 1578 tur.
383 1526 459 1612 quia
472 1527 546 1592 satis
564 1551 618 1592 cos
632 1528 780 1593 adversus
793 1549 862 1679 pop
891 1551 946 1592 um
967 1528 1146 1592 Romanum
1166 1528 1329 1591 concitatos
1339 1547 1385 1587 cer·

780 1637 799 1679 a

382 1612 488 1689 nebat,
505 1626 645 1680 avertere
667 1614 763 1680 etiam
861 1615 1000 1701 yracusis
1019 1613 1130 1712 coepit.
1177 1612 1281 1677 ‘Nam
1298 1611 1334 1676 its
1350 1631 1385 1672 eu

383 1705 513 1784 ‘pacem
529 1700 684 1800 pepigisse
704 1723 777 1766 cum
798 1700 1221 1787 Romanis,ut‚qu1cunque
1238 1721 1279 1788 po
1326 1695 1385 1760 isub

381 1784 528 1872 ‘regibus
542 1785 683 1864 ftrumnt,
698 1800 732 1852 et
745 1809 819 1852 suae
835 1787 964 1851 ditionis
978 1798 1100 1862 essent3
1124 1809 1183 1850 nec
1197 1787 1262 1851 iam
1297 1786 1385 1849 bcrtate

382 1877 568 1936 ‘contentos
590 1895 667 1951 esse,
682 1873 744 1937 nisi
765 1874 861 1939 etiam
883 1886 1016 2024 requm
1037 1895 1073 1936 ac
1095 1871 1305 1938 dominentur.
1342 1869 1386 1933 lle

383 1958 614 2024 ‘nuntiandum
640 1960 736 2046 igitur
760 1960 798 2024 iis
824 1981 901 2036 esse,
977 1959 1103 2024 ontinos
1128 1981 1258 2058 quoque
1281 1977 1385 2044 aequun

382 2050 527 2110 ‘censere
542 2045 656 2110 liberos
670 2068 756 2122 esse3
779 2045 830 2111 vel
844 2046 932 2132 quod
946 2046 979 2110 in
997 2044 1063 2110 solo
1077 2045 1164 2110 urbis
1177 2069 1254 2112 suae
1269 2059 1386 2133 tyranntss

382 2129 561 2208 ‘ceciderit
570 2131 620 2197 vel
635 2132 723 2232 quod
737 2132 781 2198 ibi
792 2132 929 2219 primum
940 2131 1169 2198 conclamatum
1180 2133 1223 2198 ad
1232 2132 1386 2200 liberaum

381 2217 580 2304 ‘relictisque
592 2219 686 2306 reglis
695 2219 827 2284 ducibus
838 2218 1005 2305 Syracusas
1013 2219 1054 2282 sit
1065 2241 1262 2284 concursum.
1304 2217 1386 2302 Inque

383 2310 458 2368 ‘aut
469 2304 674 2370 eximendum
688 2305 722 2370 id
733 2305 774 2369 de
788 2304 914 2370 foedere
930 2327 1007 2382 esse,
1018 2317 1073 2369 aut
1086 2306 1188 2392 legem
1203 2329 1275 2370 cam
1285 2303 1399 2369 foederis

226 2400 338 2450 Lanuui
383 2396 470 2454 ‘nou
488 2391 723 2477 accipiendam?
766 2390 870 2456 Facile
894 2391 1089 2456 multitudini
1110 2414 1308 2479 persuasum:
1329 2391 1387 2474 lega

224 2465 369 2567 alienantur·
382 2475 484 2562 tisque
501 2475 776 2564 Syracusanorum,
792 2476 879 2542 etde
894 2477 991 2542 caedo
1005 2478 1147 2542 stationis
1162 2478 1388 2562 Romanaeque

223 2529 359 2642 ἕξω
380 2561 530 2639 rentibus,
541 2575 574 2627 et
582 2561 651 2650 Hip
745 2577 811 2628 tem
825 2575 919 2651 atque
932 2563 1108 2666 Epicydem
1123 2565 1208 2630 abire
1223 2565 1387 2631 seulmru

379 2668 436 2712 seu
447 2671 512 2748 quo
526 2647 588 2714 alio
601 2585 924 2728 maliilfldummodo
937 2649 1043 2716 Sicilia
1056 2650 1215 2729 cederent,
1227 2650 1387 2720 iubentibus

379 2731 524 2798 ferociter
548 2755 732 2821 responsum
755 2749 819 2802 est:
844 2736 979 2824 ‘Neque
1002 2737 1165 2802 maudame
1190 2761 1258 2820 sese
1285 2738 1388 2825 Syracu·
1412 2803 1413 2810 ,

381 2818 493 2898 ‘sauia
517 2832 554 2885 ut
578 2842 689 2908 pacem
713 2845 772 2911 pro
796 2845 830 2888 se
855 2845 928 2889 eum
953 2823 1105 2888 Romanis
1130 2823 1287 2890 facerent:
1312 2841 1388 2908 nequ
1412 2819 1413 2869 l

380 2907 500 2972 ‘teneri
520 2906 630 2974 alienis
644 2907 840 2974 foederibua’
884 2909 975 2975 Haec
989 2909 1031 2976 ad
1051 2910 1212 2976 Romanos
1231 2905 1387 2999 Syractsaui

379 2991 571 3072 detulerunt,
595 2995 780 3073 abnuentes,
807 2995 1002 3062 ‘Isontinos
1024 2997 1060 3060 in
1081 3019 1138 3061 sua
1160 3010 1314 3084 potestate
1335 3013 1386 3060 est·

380 3077 514 3166 ‘Itaque
535 3081 570 3146 in
680 3103 788 3147 secum
809 3082 936 3148 foedere
961 3081 1079 3147 bellum
1102 3083 1264 3150 Romame
1285 3079 1398 3149 cumiit1

381 3171 550 3252 ‘gesturos
631 3191 712 3256 eque
726 3191 793 3233 sese
808 3167 971 3235 delirturos
985 3171 1015 3234 ei
1032 3169 1133 3247 bello;
1157 3171 1202 3236 ita
1215 3183 1252 3235 ut
1266 3172 1299 3234 in
1312 3181 1398 3257 potes-2

380 3259 391 3288 ‘
399 3263 496 3318 tatem
512 3253 631 3320 redacti
641 3277 715 3320 suae
729 3277 835 3320 rursus
845 3254 975 3320 ditionis
988 3268 1102 3333 essent,
1111 3256 1193 3321 sicut
1203 3278 1267 3344 par
1281 3273 1388 3322 conten·

380 3337 495 3403 ‘isset'
1249 3347 1251 3352 ’

270 3427 321 3488 30.
423 3422 593 3490 Marcellus
615 3449 688 3491 cum
711 3427 799 3492 omni
824 3428 965 3493 exercitu
987 3427 1144 3515 profectus
1172 3429 1205 3492 iu
1231 3429 1386 3496 leontina

222 3508 488 3662 statutt
503 3533 639 3664 rut
653 3513 1398 3667 utenti

222 3637 342 3764 mtto
377 3684 478 3748 fectae
511 3685 663 3762 stationis,
694 3699 730 3750 ut
757 3686 860 3774 primo
893 3687 1015 3774 impetu
1045 3688 1154 3754 urbem
1188 3625 1395 3778 θιρέιιοὲιηιτευῑΙ

410 3917 711 3990 pdepemsamsoederis]
728 3921 882 3972 Foedualtac
913 3925 1163 3986 penetrauerat

378 3979 517 4029 coudruone
526 3981 610 4030 ictum.
627 3981 711 4032 Dora.
946 4002 960 4036 r
977 3991 1018 4037 Ito
1029 3991 1068 4050 ut]
1088 3989 1127 4038 Ea
1137 3991 1190 4054 lega
1201 3997 1235 4040 ut
1252 3991 1329 4040 Onus.

418 4057 425 4092 ι
447 4045 545 4105 ruem
561 4061 641 4094 amm
653 4047 765 4106 swero]
796 4047 837 4096 lu
855 4056 882 4098 ut
945 4065 960 4112 3
976 4054 1015 4100 ao
1031 4055 1071 4102 tra
1082 4090 1088 4102 .
1100 4089 1107 4102 .
1119 4091 1125 4102 .
1137 4057 1276 4117 amaseae
1291 4047 1385 4104 maaet

377 4109 463 4158 foedus
479 4122 561 4156 secum
579 4109 698 4170 integnrm
716 4111 882 4172 intactumque
914 4131 946 4164 sc
958 4117 997 4165 Ob
1011 4116 1162 4166 interfectam
1177 4121 1310 4168 stationem.
1338 4117 1386 4162 l'rit

379 4177 484 4220 maneat
509 4171 568 4219 Non
580 4171 711 4220 credituros
722 4174 883 4235 Syracusanos
915 4179 1002 4239 positio
1023 4182 1053 4229 ud
1076 4197 1149 4244 saepe
1175 4197 1270 4231 causam
1298 4181 1382 4230 continet

379 4234 471 4293 foedus,
482 4235 547 4296 quod
559 4235 665 4284 Romam
677 4251 758 4285 secum
770 4237 883 4296 habeant,
915 4257 980 4303 supr.
993 4260 1013 4293 v.
1026 4257 1048 4306 5.
1066 4245 1096 4294 vi.
1108 4260 1129 4294 a.
1147 4246 1201 4296 infr.
1211 4247 1283 4296 xxvii.
1295 4261 1329 4308 3α

380 4297 445 4345 ballo
456 4299 571 4346 adversus
578 4299 711 4348 Leontinos
720 4303 824 4361 gerendo
832 4303 882 4350 ulle
