<?xml version="1.0" encoding="UTF-8"?>
<!DOCTYPE html PUBLIC "-//W3C//DTD XHTML 1.0 Transitional//EN"
    "http://www.w3.org/TR/xhtml1/DTD/xhtml1-transitional.dtd">
<html xmlns="http://www.w3.org/1999/xhtml" xml:lang="en" lang="en">
 <head>
  <title>
</title>
<meta http-equiv="Content-Type" content="text/html;charset=utf-8" />
  <meta name='ocr-system' content='tesseract 3.04.00' />
  <meta name='ocr-capabilities' content='ocr_page ocr_carea ocr_par ocr_line ocrx_word'/>
</head>
<body>
  <div class='ocr_page' id='page_1' title='image "./tliviipatavinih00kreygoog_0041.png"; bbox 0 0 3002 4798; ppageno 0'>
   <div class='ocr_carea' id='block_1_1' title="bbox 357 179 1023 246">
    <p class='ocr_par' dir='ltr' id='par_1_1' title="bbox 357 179 1023 246">
     <span class='ocr_line' id='line_1_1' title="bbox 357 179 1023 246; baseline 0.002 -3"><span class='ocrx_word' id='word_1_1' title='bbox 357 183 400 244; x_wconf 83' lang='lat'><strong>30</strong></span> <span class='ocrx_word' id='word_1_2' title='bbox 748 179 861 245; x_wconf 86' lang='lat' dir='ltr'>TITI</span> <span class='ocrx_word' id='word_1_3' title='bbox 889 179 1023 246; x_wconf 86' lang='lat' dir='ltr'><strong>LIVll</strong></span> 
     </span>
    </p>
   </div>
   <div class='ocr_carea' id='block_1_2' title="bbox 191 314 1483 3750">
    <p class='ocr_par' dir='ltr' id='par_1_2' title="bbox 191 314 1483 3750">
     <span class='ocr_line' id='line_1_2' title="bbox 193 314 1406 401; baseline 0.004 -28"><span class='ocrx_word' id='word_1_4' title='bbox 193 323 336 388; x_wconf 75' lang='lat' dir='ltr'><strong>11.c.534.</strong></span> <span class='ocrx_word' id='word_1_5' title='bbox 357 314 443 379; x_wconf 91' lang='lat' dir='ltr'><strong>Tum</strong></span> <span class='ocrx_word' id='word_1_6' title='bbox 459 335 533 378; x_wconf 87' lang='lat' dir='ltr'><strong>vero</strong></span> <span class='ocrx_word' id='word_1_7' title='bbox 556 314 649 378; x_wconf 81' lang='lat' dir='ltr'><strong>simul</strong></span> <span class='ocrx_word' id='word_1_8' title='bbox 664 315 704 379; x_wconf 94' lang='lat' dir='ltr'><strong>ab</strong></span> <span class='ocrx_word' id='word_1_9' title='bbox 726 315 878 392; x_wconf 79' lang='lat' dir='ltr'>hostibus,</span> <span class='ocrx_word' id='word_1_10' title='bbox 895 315 988 380; x_wconf 90' lang='lat' dir='ltr'><strong>simul</strong></span> <span class='ocrx_word' id='word_1_11' title='bbox 1008 317 1048 380; x_wconf 88' lang='lat' dir='ltr'><strong>ab</strong></span> <span class='ocrx_word' id='word_1_12' title='bbox 1070 315 1239 401; x_wconf 80' lang='lat' dir='ltr'><strong>iniquitate</strong></span> <span class='ocrx_word' id='word_1_13' title='bbox 1265 315 1406 380; x_wconf 86' lang='lat' dir='ltr'><strong>loconrm</strong></span> 
     </span>
     <span class='ocr_line' id='line_1_3' title="bbox 191 389 1407 489; baseline 0.002 -25"><span class='ocrx_word' id='word_1_14' title='bbox 191 389 223 438; x_wconf 77' lang='lat' dir='ltr'><strong>A.</strong></span> <span class='ocrx_word' id='word_1_15' title='bbox 240 390 269 439; x_wconf 83' lang='lat'><strong>⁰·</strong></span> <span class='ocrx_word' id='word_1_16' title='bbox 282 393 337 441; x_wconf 74' lang='lat'><strong>²¹⁸·</strong></span> <span class='ocrx_word' id='word_1_17' title='bbox 357 398 459 464; x_wconf 87' lang='lat' dir='ltr'><strong>Poeni</strong></span> <span class='ocrx_word' id='word_1_18' title='bbox 484 401 767 488; x_wconf 79' lang='lat' dir='ltr'><strong>oppugnabantur;</strong></span> <span class='ocrx_word' id='word_1_19' title='bbox 804 401 939 489; x_wconf 91' lang='lat' dir='ltr'><strong>plusque</strong></span> <span class='ocrx_word' id='word_1_20' title='bbox 967 403 1052 466; x_wconf 90' lang='lat' dir='ltr'><strong>inter</strong></span> <span class='ocrx_word' id='word_1_21' title='bbox 1074 402 1167 488; x_wconf 91' lang='lat' dir='ltr'><strong>ipsos,</strong></span> <span class='ocrx_word' id='word_1_22' title='bbox 1190 401 1250 467; x_wconf 83' lang='lat' dir='ltr'><strong>sibi</strong></span> <span class='ocrx_word' id='word_1_23' title='bbox 1277 424 1407 488; x_wconf 88' lang='lat' dir='ltr'><strong>quoque</strong></span> 
     </span>
     <span class='ocr_line' id='line_1_4' title="bbox 356 484 1406 587; baseline 0 -37"><span class='ocrx_word' id='word_1_24' title='bbox 356 484 519 563; x_wconf 80' lang='lat' dir='ltr'>tendente,</span> <span class='ocrx_word' id='word_1_25' title='bbox 535 499 571 551; x_wconf 92' lang='lat' dir='ltr'><strong>ut</strong></span> <span class='ocrx_word' id='word_1_26' title='bbox 591 487 733 573; x_wconf 87' lang='lat' dir='ltr'><strong>periculo</strong></span> <span class='ocrx_word' id='word_1_27' title='bbox 756 489 844 587; x_wconf 91' lang='lat' dir='ltr'><strong>prius</strong></span> <span class='ocrx_word' id='word_1_28' title='bbox 863 486 1021 564; x_wconf 89' lang='lat' dir='ltr'><strong>evaderet,</strong></span> <span class='ocrx_word' id='word_1_29' title='bbox 1039 509 1136 573; x_wconf 86' lang='lat' dir='ltr'><strong>quam</strong></span> <span class='ocrx_word' id='word_1_30' title='bbox 1156 509 1228 552; x_wconf 92' lang='lat' dir='ltr'><strong>cum</strong></span> <span class='ocrx_word' id='word_1_31' title='bbox 1252 487 1406 563; x_wconf 75' lang='lat' dir='ltr'><strong>hostibus,</strong></span> 
     </span>
     <span class='ocr_line' id='line_1_5' title="bbox 355 571 1406 660; baseline 0.001 -25"><span class='ocrx_word' id='word_1_32' title='bbox 355 571 537 636; x_wconf 82' lang='lat' dir='ltr'><strong>certaminis</strong></span> <span class='ocrx_word' id='word_1_33' title='bbox 556 585 632 637; x_wconf 86' lang='lat' dir='ltr'><strong>erat.</strong></span> <span class='ocrx_word' id='word_1_34' title='bbox 679 571 765 660; x_wconf 87' lang='lat' dir='ltr'><strong>Equi</strong></span> <span class='ocrx_word' id='word_1_35' title='bbox 781 574 918 638; x_wconf 87' lang='lat' dir='ltr'><strong>maxime</strong></span> <span class='ocrx_word' id='word_1_36' title='bbox 937 573 1087 638; x_wconf 81' lang='lat' dir='ltr'><strong>infestum</strong></span> <span class='ocrx_word' id='word_1_37' title='bbox 1108 595 1222 659; x_wconf 77' lang='lat' dir='ltr'><strong>agmen</strong></span> <span class='ocrx_word' id='word_1_38' title='bbox 1236 573 1406 650; x_wconf 78' lang='lat' dir='ltr'><strong>faciebant,</strong></span> 
     </span>
     <span class='ocr_line' id='line_1_6' title="bbox 354 656 1407 759; baseline 0.001 -38"><span class='ocrx_word' id='word_1_39' title='bbox 354 657 458 742; x_wconf 90' lang='lat' dir='ltr'><strong>quiet</strong></span> <span class='ocrx_word' id='word_1_40' title='bbox 471 656 660 723; x_wconf 88' lang='lat' dir='ltr'><strong>clamoribus</strong></span> <span class='ocrx_word' id='word_1_41' title='bbox 675 657 818 736; x_wconf 78' lang='lat' dir='ltr'><strong>dissonis,</strong></span> <span class='ocrx_word' id='word_1_42' title='bbox 834 681 915 759; x_wconf 86' lang='lat' dir='ltr'><strong>quoe</strong></span> <span class='ocrx_word' id='word_1_43' title='bbox 929 681 1060 724; x_wconf 85' lang='lat' dir='ltr'><strong>nemora</strong></span> <span class='ocrx_word' id='word_1_44' title='bbox 1078 659 1174 724; x_wconf 86' lang='lat' dir='ltr'><strong>etiam</strong></span> <span class='ocrx_word' id='word_1_45' title='bbox 1190 681 1407 744; x_wconf 86' lang='lat' dir='ltr'><strong>repercussae-</strong></span> 
     </span>
     <span class='ocr_line' id='line_1_7' title="bbox 355 742 1407 832; baseline 0.002 -26"><span class='ocrx_word' id='word_1_46' title='bbox 355 765 420 829; x_wconf 87' lang='lat' dir='ltr'><strong>que</strong></span> <span class='ocrx_word' id='word_1_47' title='bbox 442 742 539 808; x_wconf 83' lang='lat' dir='ltr'><strong>vallee</strong></span> <span class='ocrx_word' id='word_1_48' title='bbox 560 745 729 832; x_wconf 79' lang='lat' dir='ltr'><strong>augebant,</strong></span> <span class='ocrx_word' id='word_1_49' title='bbox 752 745 853 809; x_wconf 90' lang='lat' dir='ltr'><strong>territr</strong></span> <span class='ocrx_word' id='word_1_50' title='bbox 876 745 1086 831; x_wconf 88' lang='lat' dir='ltr'><strong>trepidabant,</strong></span> <span class='ocrx_word' id='word_1_51' title='bbox 1109 757 1143 808; x_wconf 89' lang='lat' dir='ltr'><strong>et</strong></span> <span class='ocrx_word' id='word_1_52' title='bbox 1163 745 1219 808; x_wconf 94' lang='lat' dir='ltr'><strong>icti</strong></span> <span class='ocrx_word' id='word_1_53' title='bbox 1240 745 1324 808; x_wconf 86' lang='lat' dir='ltr'><strong>forte</strong></span> <span class='ocrx_word' id='word_1_54' title='bbox 1350 759 1407 808; x_wconf 87' lang='lat' dir='ltr'><strong>aut</strong></span> 
     </span>
     <span class='ocr_line' id='line_1_8' title="bbox 356 828 1407 917; baseline 0.001 -25"><span class='ocrx_word' id='word_1_55' title='bbox 356 828 513 894; x_wconf 91' lang='lat' dir='ltr'><strong>vulnerati</strong></span> <span class='ocrx_word' id='word_1_56' title='bbox 527 829 608 896; x_wconf 90' lang='lat' dir='ltr'><strong>adeo</strong></span> <span class='ocrx_word' id='word_1_57' title='bbox 622 832 914 908; x_wconf 86' lang='lat' dir='ltr'><strong>consternabantur,</strong></span> <span class='ocrx_word' id='word_1_58' title='bbox 930 844 967 894; x_wconf 90' lang='lat' dir='ltr'><strong>ut</strong></span> <span class='ocrx_word' id='word_1_59' title='bbox 981 844 1117 916; x_wconf 72' lang='lat' dir='ltr'><strong>stragem</strong></span> <span class='ocrx_word' id='word_1_60' title='bbox 1132 831 1297 917; x_wconf 79' lang='lat' dir='ltr'><strong>ingentem</strong></span> <span class='ocrx_word' id='word_1_61' title='bbox 1311 829 1407 894; x_wconf 86' lang='lat' dir='ltr'><strong>simul</strong></span> 
     </span>
     <span class='ocr_line' id='line_1_9' title="bbox 355 914 1428 1015; baseline 0.001 -36"><span class='ocrx_word' id='word_1_62' title='bbox 355 914 521 980; x_wconf 92' lang='lat' dir='ltr'><strong>hominum</strong></span> <span class='ocrx_word' id='word_1_63' title='bbox 532 939 570 982; x_wconf 90' lang='lat' dir='ltr'><strong>ac</strong></span> <span class='ocrx_word' id='word_1_64' title='bbox 584 916 776 982; x_wconf 88' lang='lat' dir='ltr'><strong>sarcinarum</strong></span> <span class='ocrx_word' id='word_1_65' title='bbox 786 917 889 981; x_wconf 86' lang='lat' dir='ltr'><strong>omnis</strong></span> <span class='ocrx_word' id='word_1_66' title='bbox 902 918 1028 1004; x_wconf 87' lang='lat' dir='ltr'><strong>generis</strong></span> <span class='ocrx_word' id='word_1_67' title='bbox 1042 917 1199 981; x_wconf 89' lang='lat' dir='ltr'><strong>facerent:</strong></span> <span class='ocrx_word' id='word_1_68' title='bbox 1223 915 1428 1015; x_wconf 84' lang='lat' dir='ltr'><strong>multosque6</strong></span> 
     </span>
     <span class='ocr_line' id='line_1_10' title="bbox 355 1001 1427 1090; baseline 0.002 -26"><span class='ocrx_word' id='word_1_69' title='bbox 355 1002 456 1079; x_wconf 83' lang='lat' dir='ltr'><strong>turba,</strong></span> <span class='ocrx_word' id='word_1_70' title='bbox 479 1026 580 1089; x_wconf 93' lang='lat' dir='ltr'><strong>quum</strong></span> <span class='ocrx_word' id='word_1_71' title='bbox 602 1003 790 1090; x_wconf 87' lang='lat' dir='ltr'><strong>praecipites</strong></span> <span class='ocrx_word' id='word_1_72' title='bbox 811 1001 1029 1089; x_wconf 78' lang='lat' dir='ltr'><strong>deruptaeque</strong></span> <span class='ocrx_word' id='word_1_73' title='bbox 1058 1003 1218 1088; x_wconf 86' lang='lat' dir='ltr'><strong>utrimque</strong></span> <span class='ocrx_word' id='word_1_74' title='bbox 1241 1015 1427 1088; x_wconf 80' lang='lat' dir='ltr'><strong>augustiae7</strong></span> 
     </span>
     <span class='ocr_line' id='line_1_11' title="bbox 354 1087 1407 1174; baseline 0.002 -24"><span class='ocrx_word' id='word_1_75' title='bbox 354 1099 470 1164; x_wconf 86' lang='lat' dir='ltr'><strong>essent,</strong></span> <span class='ocrx_word' id='word_1_76' title='bbox 482 1089 517 1152; x_wconf 92' lang='lat' dir='ltr'><strong>iu</strong></span> <span class='ocrx_word' id='word_1_77' title='bbox 531 1089 722 1152; x_wconf 91' lang='lat' dir='ltr'><strong>immensum</strong></span> <span class='ocrx_word' id='word_1_78' title='bbox 737 1087 914 1152; x_wconf 89' lang='lat' dir='ltr'><strong>altitudinis</strong></span> <span class='ocrx_word' id='word_1_79' title='bbox 927 1088 1061 1165; x_wconf 82' lang='lat' dir='ltr'><strong>deiecit3</strong></span> <span class='ocrx_word' id='word_1_80' title='bbox 1085 1087 1240 1174; x_wconf 83' lang='lat' dir='ltr'><strong>quosdam</strong></span> <span class='ocrx_word' id='word_1_81' title='bbox 1256 1101 1290 1151; x_wconf 93' lang='lat' dir='ltr'><strong>et</strong></span> <span class='ocrx_word' id='word_1_82' title='bbox 1303 1109 1407 1152; x_wconf 86' lang='lat' dir='ltr'><strong>arma·</strong></span> 
     </span>
     <span class='ocr_line' id='line_1_12' title="bbox 356 1172 1407 1239; baseline 0.003 -4"><span class='ocrx_word' id='word_1_83' title='bbox 356 1184 421 1236; x_wconf 90' lang='lat' dir='ltr'><strong>tos:</strong></span> <span class='ocrx_word' id='word_1_84' title='bbox 446 1173 503 1237; x_wconf 90' lang='lat' dir='ltr'><strong>sed</strong></span> <span class='ocrx_word' id='word_1_85' title='bbox 523 1173 633 1238; x_wconf 85' lang='lat' dir='ltr'><strong>ruinae</strong></span> <span class='ocrx_word' id='word_1_86' title='bbox 649 1175 806 1238; x_wconf 86' lang='lat' dir='ltr'><strong>maximae</strong></span> <span class='ocrx_word' id='word_1_87' title='bbox 822 1174 918 1239; x_wconf 92' lang='lat' dir='ltr'><strong>modo</strong></span> <span class='ocrx_word' id='word_1_88' title='bbox 939 1175 1082 1238; x_wconf 90' lang='lat' dir='ltr'><strong>iumenta</strong></span> <span class='ocrx_word' id='word_1_89' title='bbox 1095 1195 1169 1238; x_wconf 92' lang='lat' dir='ltr'><strong>cum</strong></span> <span class='ocrx_word' id='word_1_90' title='bbox 1184 1173 1336 1238; x_wconf 85' lang='lat' dir='ltr'><strong>oneribus</strong></span> <span class='ocrx_word' id='word_1_91' title='bbox 1350 1172 1407 1238; x_wconf 89' lang='lat' dir='ltr'><strong>de·</strong></span> 
     </span>
     <span class='ocr_line' id='line_1_13' title="bbox 355 1257 1408 1346; baseline 0.002 -26"><span class='ocrx_word' id='word_1_92' title='bbox 355 1257 570 1324; x_wconf 84' lang='lat' dir='ltr'><strong>volvebantur.</strong></span> <span class='ocrx_word' id='word_1_93' title='bbox 619 1259 712 1334; x_wconf 85' lang='lat' dir='ltr'><strong>Quae</strong></span> <span class='ocrx_word' id='word_1_94' title='bbox 746 1282 930 1346; x_wconf 81' lang='lat' dir='ltr'><strong>quanquam</strong></span> <span class='ocrx_word' id='word_1_95' title='bbox 959 1259 1053 1324; x_wconf 83' lang='lat' dir='ltr'><strong>foeda</strong></span> <span class='ocrx_word' id='word_1_96' title='bbox 1083 1261 1153 1324; x_wconf 87' lang='lat' dir='ltr'><strong>visu</strong></span> <span class='ocrx_word' id='word_1_97' title='bbox 1187 1272 1288 1335; x_wconf 87' lang='lat' dir='ltr'><strong>erant,</strong></span> <span class='ocrx_word' id='word_1_98' title='bbox 1317 1260 1408 1324; x_wconf 87' lang='lat' dir='ltr'><strong>stetit</strong></span> 
     </span>
     <span class='ocr_line' id='line_1_14' title="bbox 354 1344 1405 1431; baseline 0.001 -24"><span class='ocrx_word' id='word_1_99' title='bbox 354 1365 525 1431; x_wconf 88' lang='lat' dir='ltr'><strong>pmumper</strong></span> <span class='ocrx_word' id='word_1_100' title='bbox 540 1357 647 1409; x_wconf 88' lang='lat' dir='ltr'><strong>tamen</strong></span> <span class='ocrx_word' id='word_1_101' title='bbox 663 1344 836 1423; x_wconf 81' lang='lat' dir='ltr'><strong>Hannibal,</strong></span> <span class='ocrx_word' id='word_1_102' title='bbox 851 1367 888 1409; x_wconf 90' lang='lat' dir='ltr'><strong>ac</strong></span> <span class='ocrx_word' id='word_1_103' title='bbox 903 1369 976 1410; x_wconf 87' lang='lat' dir='ltr'><strong>suos</strong></span> <span class='ocrx_word' id='word_1_104' title='bbox 991 1346 1158 1421; x_wconf 86' lang='lat' dir='ltr'><strong>continuit,</strong></span> <span class='ocrx_word' id='word_1_105' title='bbox 1174 1369 1215 1409; x_wconf 89' lang='lat' dir='ltr'><strong>ne</strong></span> <span class='ocrx_word' id='word_1_106' title='bbox 1232 1345 1405 1410; x_wconf 89' lang='lat' dir='ltr'><strong>tumultum</strong></span> 
     </span>
     <span class='ocr_line' id='line_1_15' title="bbox 353 1430 1405 1518; baseline -0.001 -24"><span class='ocrx_word' id='word_1_107' title='bbox 353 1452 391 1494; x_wconf 89' lang='lat' dir='ltr'><strong>ac</strong></span> <span class='ocrx_word' id='word_1_108' title='bbox 418 1430 661 1517; x_wconf 80' lang='lat' dir='ltr'><strong>trepidationem</strong></span> <span class='ocrx_word' id='word_1_109' title='bbox 681 1445 820 1518; x_wconf 82' lang='lat' dir='ltr'><strong>augeret.</strong></span> <span class='ocrx_word' id='word_1_110' title='bbox 867 1432 1006 1507; x_wconf 86' lang='lat' dir='ltr'><strong>Deinde,</strong></span> <span class='ocrx_word' id='word_1_111' title='bbox 1027 1445 1195 1518; x_wconf 89' lang='lat' dir='ltr'><strong>postquam</strong></span> <span class='ocrx_word' id='word_1_112' title='bbox 1214 1431 1405 1518; x_wconf 87' lang='lat' dir='ltr'><strong>interrumpi</strong></span> 
     </span>
     <span class='ocr_line' id='line_1_16' title="bbox 354 1515 1406 1616; baseline 0 -36"><span class='ocrx_word' id='word_1_113' title='bbox 354 1535 469 1602; x_wconf 82' lang='lat' dir='ltr'><strong>agmen</strong></span> <span class='ocrx_word' id='word_1_114' title='bbox 489 1517 579 1593; x_wconf 89' lang='lat' dir='ltr'><strong>vidit,</strong></span> <span class='ocrx_word' id='word_1_115' title='bbox 595 1517 836 1616; x_wconf 88' lang='lat' dir='ltr'><strong>periculumque</strong></span> <span class='ocrx_word' id='word_1_116' title='bbox 860 1539 937 1594; x_wconf 87' lang='lat' dir='ltr'><strong>esse,</strong></span> <span class='ocrx_word' id='word_1_117' title='bbox 953 1541 994 1582; x_wconf 91' lang='lat' dir='ltr'><strong>ne</strong></span> <span class='ocrx_word' id='word_1_118' title='bbox 1015 1529 1148 1581; x_wconf 86' lang='lat' dir='ltr'><strong>exutum</strong></span> <span class='ocrx_word' id='word_1_119' title='bbox 1166 1517 1209 1579; x_wconf 89' lang='lat' dir='ltr'><strong>irn</strong></span> <span class='ocrx_word' id='word_1_120' title='bbox 1234 1515 1406 1606; x_wconf 81' lang='lat' dir='ltr'><strong>adimentis¹</strong></span> 
     </span>
     <span class='ocr_line' id='line_1_17' title="bbox 355 1602 1405 1688; baseline 0.002 -24"><span class='ocrx_word' id='word_1_121' title='bbox 355 1603 530 1666; x_wconf 88' lang='lat' dir='ltr'><strong>exercitum</strong></span> <span class='ocrx_word' id='word_1_122' title='bbox 546 1603 759 1688; x_wconf 89' lang='lat' dir='ltr'><strong>nequicquam</strong></span> <span class='ocrx_word' id='word_1_123' title='bbox 778 1602 971 1667; x_wconf 76' lang='lat' dir='ltr'><strong>incolumem</strong></span> <span class='ocrx_word' id='word_1_124' title='bbox 993 1603 1192 1680; x_wconf 85' lang='lat' dir='ltr'><strong>traduxisset,</strong></span> <span class='ocrx_word' id='word_1_125' title='bbox 1251 1603 1351 1666; x_wconf 88' lang='lat' dir='ltr'><strong>currit</strong></span> <span class='ocrx_word' id='word_1_126' title='bbox 1364 1625 1405 1666; x_wconf 86' lang='lat' dir='ltr'><strong>ex</strong></span> 
     </span>
     <span class='ocr_line' id='line_1_18' title="bbox 354 1687 1406 1774; baseline 0.002 -24"><span class='ocrx_word' id='word_1_127' title='bbox 354 1689 515 1773; x_wconf 89' lang='lat' dir='ltr'><strong>superiore</strong></span> <span class='ocrx_word' id='word_1_128' title='bbox 530 1688 619 1763; x_wconf 90' lang='lat' dir='ltr'><strong>loco;</strong></span> <span class='ocrx_word' id='word_1_129' title='bbox 643 1701 686 1765; x_wconf 81' lang='lat' dir='ltr'><strong>et,</strong></span> <span class='ocrx_word' id='word_1_130' title='bbox 702 1689 802 1774; x_wconf 89' lang='lat' dir='ltr'><strong>quum&#39;</strong></span> <span class='ocrx_word' id='word_1_131' title='bbox 818 1689 861 1751; x_wconf 92' lang='lat' dir='ltr'><strong>im</strong></span> <span class='ocrx_word' id='word_1_132' title='bbox 905 1700 939 1751; x_wconf 94' lang='lat' dir='ltr'><strong>tu</strong></span> <span class='ocrx_word' id='word_1_133' title='bbox 959 1689 1029 1774; x_wconf 89' lang='lat' dir='ltr'><strong>ipso</strong></span> <span class='ocrx_word' id='word_1_134' title='bbox 1043 1687 1176 1752; x_wconf 82' lang='lat' dir='ltr'><strong>fudisset</strong></span> <span class='ocrx_word' id='word_1_135' title='bbox 1189 1687 1324 1764; x_wconf 90' lang='lat' dir='ltr'><strong>hostem,</strong></span> <span class='ocrx_word' id='word_1_136' title='bbox 1340 1689 1406 1752; x_wconf 89' lang='lat' dir='ltr'><strong>suis</strong></span> 
     </span>
     <span class='ocr_line' id='line_1_19' title="bbox 354 1772 1406 1859; baseline 0.002 -23"><span class='ocrx_word' id='word_1_137' title='bbox 354 1795 484 1859; x_wconf 92' lang='lat' dir='ltr'><strong>quoque</strong></span> <span class='ocrx_word' id='word_1_138' title='bbox 507 1772 679 1838; x_wconf 90' lang='lat' dir='ltr'><strong>tumultum</strong></span> <span class='ocrx_word' id='word_1_139' title='bbox 697 1775 795 1838; x_wconf 83' lang='lat' dir='ltr'><strong>auxit</strong></span> <span class='ocrx_word' id='word_1_140' title='bbox 886 1773 949 1837; x_wconf 92' lang='lat' dir='ltr'><strong>dis</strong></span> <span class='ocrx_word' id='word_1_141' title='bbox 971 1773 1125 1838; x_wconf 88' lang='lat' dir='ltr'><strong>tumultus</strong></span> <span class='ocrx_word' id='word_1_142' title='bbox 1140 1787 1304 1838; x_wconf 90' lang='lat' dir='ltr'><strong>momento</strong></span> <span class='ocrx_word' id='word_1_143' title='bbox 1323 1787 1406 1838; x_wconf 90' lang='lat' dir='ltr'><strong>tem·</strong></span> 
     </span>
     <span class='ocr_line' id='line_1_20' title="bbox 353 1859 1405 1945; baseline 0.002 -23"><span class='ocrx_word' id='word_1_144' title='bbox 353 1859 448 1945; x_wconf 88' lang='lat' dir='ltr'><strong>poris,</strong></span> <span class='ocrx_word' id='word_1_145' title='bbox 472 1872 641 1945; x_wconf 87' lang='lat' dir='ltr'><strong>postquem</strong></span> <span class='ocrx_word' id='word_1_146' title='bbox 663 1860 796 1924; x_wconf 88' lang='lat' dir='ltr'><strong>liberata</strong></span> <span class='ocrx_word' id='word_1_147' title='bbox 820 1859 975 1923; x_wconf 81' lang='lat' dir='ltr'><strong>itineres</strong></span> <span class='ocrx_word' id='word_1_148' title='bbox 1013 1883 1033 1923; x_wconf 93' lang='lat' dir='ltr'><strong>a</strong></span> <span class='ocrx_word' id='word_1_149' title='bbox 1055 1872 1278 1924; x_wconf 83' lang='lat' dir='ltr'><strong>montanorum</strong></span> <span class='ocrx_word' id='word_1_150' title='bbox 1302 1875 1405 1936; x_wconf 84' lang='lat' dir='ltr'><strong>erant,</strong></span> 
     </span>
     <span class='ocr_line' id='line_1_21' title="bbox 353 1882 1404 2031; baseline 0.001 -22"><span class='ocrx_word' id='word_1_151' title='bbox 353 1944 498 2009; x_wconf 84' lang='lat' dir='ltr'><strong>sedatur:</strong></span> <span class='ocrx_word' id='word_1_152' title='bbox 531 1967 591 2009; x_wconf 87' lang='lat' dir='ltr'><strong>nec</strong></span> <span class='ocrx_word' id='word_1_153' title='bbox 614 1967 672 2030; x_wconf 92' lang='lat' dir='ltr'><strong>per</strong></span> <span class='ocrx_word' id='word_1_154' title='bbox 698 1945 797 2010; x_wconf 91' lang='lat' dir='ltr'><strong>otium</strong></span> <span class='ocrx_word' id='word_1_155' title='bbox 824 1945 930 2022; x_wconf 92' lang='lat' dir='ltr'><strong>modo,</strong></span> <span class='ocrx_word' id='word_1_156' title='bbox 956 1882 1014 2010; x_wconf 58' lang='lat' dir='ltr'><strong>sil</strong></span> <span class='ocrx_word' id='word_1_157' title='bbox 1061 1967 1137 2031; x_wconf 92' lang='lat' dir='ltr'><strong>rope</strong></span> <span class='ocrx_word' id='word_1_158' title='bbox 1163 1945 1299 2021; x_wconf 90' lang='lat' dir='ltr'><strong>silentio,</strong></span> <span class='ocrx_word' id='word_1_159' title='bbox 1327 1967 1404 2010; x_wconf 84' lang='lat' dir='ltr'><strong>mox</strong></span> 
     </span>
     <span class='ocr_line' id='line_1_22' title="bbox 353 1967 1405 2116; baseline 0 -22"><span class='ocrx_word' id='word_1_160' title='bbox 353 2053 465 2094; x_wconf 86' lang='lat' dir='ltr'><strong>omnes</strong></span> <span class='ocrx_word' id='word_1_161' title='bbox 480 2030 626 2095; x_wconf 87' lang='lat' dir='ltr'><strong>traducti.</strong></span> <span class='ocrx_word' id='word_1_162' title='bbox 675 2029 851 2096; x_wconf 85' lang='lat' dir='ltr'><strong>Castellum</strong></span> <span class='ocrx_word' id='word_1_163' title='bbox 869 2029 954 2107; x_wconf 90' lang='lat' dir='ltr'><strong>inde,</strong></span> <span class='ocrx_word' id='word_1_164' title='bbox 971 1967 1061 2116; x_wconf 71' lang='lat' dir='ltr'><strong>quod</strong></span> <span class='ocrx_word' id='word_1_165' title='bbox 1073 2043 1168 2116; x_wconf 90' lang='lat' dir='ltr'><strong>caput</strong></span> <span class='ocrx_word' id='word_1_166' title='bbox 1182 2031 1250 2096; x_wconf 91' lang='lat' dir='ltr'><strong>eius</strong></span> <span class='ocrx_word' id='word_1_167' title='bbox 1265 2033 1405 2116; x_wconf 82' lang='lat' dir='ltr'><strong>regionis</strong></span> 
     </span>
     <span class='ocr_line' id='line_1_23' title="bbox 351 2115 1483 2205; baseline -0.002 -23"><span class='ocrx_word' id='word_1_168' title='bbox 351 2129 429 2193; x_wconf 86' lang='lat' dir='ltr'><strong>erat,</strong></span> <span class='ocrx_word' id='word_1_169' title='bbox 445 2115 628 2203; x_wconf 88' lang='lat' dir='ltr'><strong>viculosque</strong></span> <span class='ocrx_word' id='word_1_170' title='bbox 651 2117 868 2181; x_wconf 85' lang='lat' dir='ltr'><strong>circumiectos</strong></span> <span class='ocrx_word' id='word_1_171' title='bbox 890 2117 984 2202; x_wconf 89' lang='lat' dir='ltr'><strong>capit,</strong></span> <span class='ocrx_word' id='word_1_172' title='bbox 1001 2129 1034 2180; x_wconf 92' lang='lat' dir='ltr'><strong>et</strong></span> <span class='ocrx_word' id='word_1_173' title='bbox 1052 2117 1177 2202; x_wconf 89' lang='lat' dir='ltr'><strong>captivo</strong></span> <span class='ocrx_word' id='word_1_174' title='bbox 1199 2117 1272 2180; x_wconf 91' lang='lat' dir='ltr'><strong>cibo</strong></span> <span class='ocrx_word' id='word_1_175' title='bbox 1286 2139 1325 2181; x_wconf 90' lang='lat' dir='ltr'><strong>ac</strong></span> <span class='ocrx_word' id='word_1_176' title='bbox 1347 2136 1426 2205; x_wconf 85' lang='lat' dir='ltr'><strong>pe-s</strong></span> <span class='ocrx_word' id='word_1_177' title='bbox 1482 2121 1483 2126; x_wconf 75' lang='grc'>’</span> 
     </span>
     <span class='ocr_line' id='line_1_24' title="bbox 351 2201 1405 2290; baseline -0.001 -22"><span class='ocrx_word' id='word_1_178' title='bbox 351 2203 477 2268; x_wconf 86' lang='lat' dir='ltr'><strong>ceribus</strong></span> <span class='ocrx_word' id='word_1_179' title='bbox 487 2203 697 2290; x_wconf 86' lang='lat' dir='ltr'><strong>pertriduum</strong></span> <span class='ocrx_word' id='word_1_180' title='bbox 710 2203 884 2267; x_wconf 84' lang='lat' dir='ltr'><strong>exercitum</strong></span> <span class='ocrx_word' id='word_1_181' title='bbox 896 2202 983 2266; x_wconf 84' lang='lat' dir='ltr'><strong>aluit</strong></span> <span class='ocrx_word' id='word_1_182' title='bbox 1030 2201 1074 2267; x_wconf 91' lang='lat' dir='ltr'><strong>Et</strong></span> <span class='ocrx_word' id='word_1_183' title='bbox 1081 2202 1158 2289; x_wconf 90' lang='lat' dir='ltr'><strong>quia</strong></span> <span class='ocrx_word' id='word_1_184' title='bbox 1172 2225 1231 2266; x_wconf 90' lang='lat' dir='ltr'><strong>nec</strong></span> <span class='ocrx_word' id='word_1_185' title='bbox 1243 2204 1405 2268; x_wconf 82' lang='lat' dir='ltr'><strong>montanis</strong></span> 
     </span>
     <span class='ocr_line' id='line_1_25' title="bbox 352 2287 1405 2376; baseline 0 -23"><span class='ocrx_word' id='word_1_186' title='bbox 352 2289 455 2376; x_wconf 90' lang='lat' dir='ltr'><strong>primo</strong></span> <span class='ocrx_word' id='word_1_187' title='bbox 478 2289 641 2376; x_wconf 88' lang='lat' dir='ltr'><strong>perculsis,</strong></span> <span class='ocrx_word' id='word_1_188' title='bbox 666 2311 731 2369; x_wconf 85' lang='lat' dir='ltr'><strong>nee</strong></span> <span class='ocrx_word' id='word_1_189' title='bbox 750 2288 821 2353; x_wconf 90' lang='lat' dir='ltr'><strong>loco</strong></span> <span class='ocrx_word' id='word_1_190' title='bbox 844 2309 1036 2374; x_wconf 84' lang='lat' dir='ltr'><strong>magnopere</strong></span> <span class='ocrx_word' id='word_1_191' title='bbox 1058 2287 1325 2374; x_wconf 84' lang='lat' dir='ltr'><strong>impediebantur,</strong></span> <span class='ocrx_word' id='word_1_192' title='bbox 1346 2290 1405 2354; x_wconf 88' lang='lat' dir='ltr'><strong>ali-</strong></span> 
     </span>
     <span class='ocr_line' id='line_1_26' title="bbox 353 2374 927 2462; baseline -0.002 -23"><span class='ocrx_word' id='word_1_193' title='bbox 353 2389 510 2462; x_wconf 87' lang='lat' dir='ltr'><strong>quantum</strong></span> <span class='ocrx_word' id='word_1_194' title='bbox 523 2397 562 2440; x_wconf 92' lang='lat' dir='ltr'><strong>eo</strong></span> <span class='ocrx_word' id='word_1_195' title='bbox 577 2374 683 2438; x_wconf 91' lang='lat' dir='ltr'><strong>triduo</strong></span> <span class='ocrx_word' id='word_1_196' title='bbox 698 2375 766 2437; x_wconf 87' lang='lat' dir='ltr'><strong>viae</strong></span> <span class='ocrx_word' id='word_1_197' title='bbox 783 2374 927 2438; x_wconf 77' lang='lat' dir='ltr'><strong>coniecit.</strong></span> 
     </span>
     <span class='ocr_line' id='line_1_27' title="bbox 288 2458 1404 2546; baseline 0 -22"><span class='ocrx_word' id='word_1_198' title='bbox 288 2515 295 2532; x_wconf 88' lang='grc'><strong>,</strong></span> <span class='ocrx_word' id='word_1_199' title='bbox 396 2460 592 2525; x_wconf 89' lang='lat' dir='ltr'><strong>Perventum</strong></span> <span class='ocrx_word' id='word_1_200' title='bbox 607 2459 682 2522; x_wconf 90' lang='lat' dir='ltr'><strong>inde</strong></span> <span class='ocrx_word' id='word_1_201' title='bbox 698 2458 947 2546; x_wconf 87' lang='lat' dir='ltr'><strong>adfrequentem</strong></span> <span class='ocrx_word' id='word_1_202' title='bbox 959 2459 1132 2524; x_wconf 88' lang='lat' dir='ltr'><strong>cultoribus</strong></span> <span class='ocrx_word' id='word_1_203' title='bbox 1146 2459 1253 2536; x_wconf 86' lang='lat' dir='ltr'><strong>alium,</strong></span> <span class='ocrx_word' id='word_1_204' title='bbox 1265 2473 1304 2524; x_wconf 89' lang='lat' dir='ltr'><strong>ut</strong></span> <span class='ocrx_word' id='word_1_205' title='bbox 1318 2459 1404 2525; x_wconf 88' lang='lat' dir='ltr'><strong>inter</strong></span> 
     </span>
     <span class='ocr_line' id='line_1_28' title="bbox 353 2543 1439 2636; baseline 0 -26"><span class='ocrx_word' id='word_1_206' title='bbox 353 2558 514 2622; x_wconf 87' lang='lat' dir='ltr'><strong>montana,</strong></span> <span class='ocrx_word' id='word_1_207' title='bbox 529 2543 692 2632; x_wconf 89' lang='lat' dir='ltr'><strong>populum.</strong></span> <span class='ocrx_word' id='word_1_208' title='bbox 738 2543 788 2608; x_wconf 92' lang='lat' dir='ltr'><strong>Ibi</strong></span> <span class='ocrx_word' id='word_1_209' title='bbox 803 2567 869 2608; x_wconf 91' lang='lat' dir='ltr'><strong>non</strong></span> <span class='ocrx_word' id='word_1_210' title='bbox 884 2544 968 2609; x_wconf 92' lang='lat' dir='ltr'><strong>bello</strong></span> <span class='ocrx_word' id='word_1_211' title='bbox 982 2559 1102 2631; x_wconf 88' lang='lat' dir='ltr'><strong>aperto,</strong></span> <span class='ocrx_word' id='word_1_212' title='bbox 1117 2545 1174 2608; x_wconf 87' lang='lat' dir='ltr'><strong>sed</strong></span> <span class='ocrx_word' id='word_1_213' title='bbox 1189 2545 1253 2610; x_wconf 81' lang='lat' dir='ltr'><strong>stris</strong></span> <span class='ocrx_word' id='word_1_214' title='bbox 1270 2547 1402 2624; x_wconf 87' lang='lat' dir='ltr'><strong>artibus,</strong></span> <span class='ocrx_word' id='word_1_215' title='bbox 1412 2543 1439 2636; x_wconf 63' lang='lat'><em>2</em></span> 
     </span>
     <span class='ocr_line' id='line_1_29' title="bbox 236 2629 1405 2718; baseline 0.002 -22"><span class='ocrx_word' id='word_1_216' title='bbox 236 2693 240 2705; x_wconf 33' lang='grc' dir='ltr'>ι</span> <span class='ocrx_word' id='word_1_217' title='bbox 352 2631 473 2709; x_wconf 81' lang='lat' dir='ltr'><strong>fraude,</strong></span> <span class='ocrx_word' id='word_1_218' title='bbox 500 2630 617 2695; x_wconf 90' lang='lat' dir='ltr'><strong>deinde</strong></span> <span class='ocrx_word' id='word_1_219' title='bbox 640 2629 762 2695; x_wconf 90' lang='lat' dir='ltr'><strong>insidiis</strong></span> <span class='ocrx_word' id='word_1_220' title='bbox 785 2643 833 2694; x_wconf 90' lang='lat' dir='ltr'><strong>est</strong></span> <span class='ocrx_word' id='word_1_221' title='bbox 863 2652 960 2717; x_wconf 91' lang='lat' dir='ltr'><strong>prope</strong></span> <span class='ocrx_word' id='word_1_222' title='bbox 991 2631 1232 2696; x_wconf 86' lang='lat' dir='ltr'><strong>circumventus.</strong></span> <span class='ocrx_word' id='word_1_223' title='bbox 1279 2631 1405 2718; x_wconf 78' lang='lat' dir='ltr'><strong>Magno</strong></span> 
     </span>
     <span class='ocr_line' id='line_1_30' title="bbox 353 2716 1401 2818; baseline 0.001 -36"><span class='ocrx_word' id='word_1_224' title='bbox 353 2731 429 2782; x_wconf 90' lang='lat' dir='ltr'><strong>natu</strong></span> <span class='ocrx_word' id='word_1_225' title='bbox 451 2717 552 2818; x_wconf 91' lang='lat' dir='ltr'><strong>princi</strong></span> <span class='ocrx_word' id='word_1_226' title='bbox 595 2716 830 2782; x_wconf 86' lang='lat' dir='ltr'><strong>scastellorum</strong></span> <span class='ocrx_word' id='word_1_227' title='bbox 852 2728 989 2782; x_wconf 84' lang='lat' dir='ltr'><strong>oratores</strong></span> <span class='ocrx_word' id='word_1_228' title='bbox 1016 2716 1057 2780; x_wconf 92' lang='lat' dir='ltr'><strong>ad</strong></span> <span class='ocrx_word' id='word_1_229' title='bbox 1079 2716 1226 2780; x_wconf 91' lang='lat' dir='ltr'><strong>Poenum</strong></span> <span class='ocrx_word' id='word_1_230' title='bbox 1247 2718 1401 2783; x_wconf 88' lang='lat' dir='ltr'><strong>veniunt:</strong></span> 
     </span>
     <span class='ocr_line' id='line_1_31' title="bbox 354 2739 1404 2900; baseline 0.001 -33"><span class='ocrx_word' id='word_1_231' title='bbox 354 2802 486 2868; x_wconf 87' lang='lat' dir='ltr'><strong>‘aliems</strong></span> <span class='ocrx_word' id='word_1_232' title='bbox 503 2739 603 2880; x_wconf 59' lang='lat' dir='ltr'><strong>malli,</strong></span> <span class='ocrx_word' id='word_1_233' title='bbox 619 2801 689 2866; x_wconf 91' lang='lat' dir='ltr'><strong>utili</strong></span> <span class='ocrx_word' id='word_1_234' title='bbox 712 2802 868 2900; x_wconf 87' lang='lat' dir='ltr'><strong>exemplo,</strong></span> <span class='ocrx_word' id='word_1_235' title='bbox 884 2802 1014 2879; x_wconf 54' lang='lat' dir='ltr'><strong>doctos?</strong></span> <span class='ocrx_word' id='word_1_236' title='bbox 1036 2815 1255 2880; x_wconf 86' lang='lat' dir='ltr'><strong>memorantes,</strong></span> <span class='ocrx_word' id='word_1_237' title='bbox 1273 2805 1404 2868; x_wconf 89' lang='lat' dir='ltr'><strong>‘amici-</strong></span> 
     </span>
     <span class='ocr_line' id='line_1_32' title="bbox 355 2888 1403 2980; baseline 0.002 -26"><span class='ocrx_word' id='word_1_238' title='bbox 355 2890 453 2955; x_wconf 82' lang='lat' dir='ltr'><strong>‘tiam</strong></span> <span class='ocrx_word' id='word_1_239' title='bbox 475 2889 579 2964; x_wconf 86' lang='lat' dir='ltr'><strong>malle,</strong></span> <span class='ocrx_word' id='word_1_240' title='bbox 595 2911 691 2975; x_wconf 90' lang='lat' dir='ltr'><strong>quam</strong></span> <span class='ocrx_word' id='word_1_241' title='bbox 713 2889 778 2952; x_wconf 90' lang='lat' dir='ltr'><strong>vim</strong></span> <span class='ocrx_word' id='word_1_242' title='bbox 800 2889 936 2980; x_wconf 84' lang='lat' dir='ltr'><strong>experiri</strong></span> <span class='ocrx_word' id='word_1_243' title='bbox 951 2888 1143 2952; x_wconf 88' lang='lat' dir='ltr'><strong>Poenorum.</strong></span> <span class='ocrx_word' id='word_1_244' title='bbox 1189 2888 1303 2976; x_wconf 82' lang='lat' dir='ltr'><strong>Itaque</strong></span> <span class='ocrx_word' id='word_1_245' title='bbox 1325 2891 1403 2956; x_wconf 91' lang='lat' dir='ltr'><strong>obe·</strong></span> 
     </span>
     <span class='ocr_line' id='line_1_33' title="bbox 354 2974 1401 3062; baseline 0.003 -23"><span class='ocrx_word' id='word_1_246' title='bbox 354 2975 501 3041; x_wconf 86' lang='lat' dir='ltr'><strong>‘dienter</strong></span> <span class='ocrx_word' id='word_1_247' title='bbox 514 2975 668 3062; x_wconf 89' lang='lat' dir='ltr'><strong>imperata</strong></span> <span class='ocrx_word' id='word_1_248' title='bbox 681 2974 834 3040; x_wconf 87' lang='lat' dir='ltr'><strong>facturos:</strong></span> <span class='ocrx_word' id='word_1_249' title='bbox 855 2986 1071 3038; x_wconf 78' lang='lat' dir='ltr'><strong>&#39;commeatum</strong></span> <span class='ocrx_word' id='word_1_250' title='bbox 1090 2974 1275 3060; x_wconf 83' lang='lat' dir='ltr'><strong>itinerisque</strong></span> <span class='ocrx_word' id='word_1_251' title='bbox 1290 2975 1401 3054; x_wconf 87' lang='lat' dir='ltr'><strong>duces,</strong></span> 
     </span>
     <span class='ocr_line' id='line_1_34' title="bbox 353 3059 1401 3146; baseline 0 -20"><span class='ocrx_word' id='word_1_252' title='bbox 353 3070 406 3126; x_wconf 87' lang='lat' dir='ltr'><strong>‘et</strong></span> <span class='ocrx_word' id='word_1_253' title='bbox 428 3060 470 3126; x_wconf 90' lang='lat' dir='ltr'><strong>ad</strong></span> <span class='ocrx_word' id='word_1_254' title='bbox 492 3061 590 3126; x_wconf 85' lang='lat' dir='ltr'><strong>fidem</strong></span> <span class='ocrx_word' id='word_1_255' title='bbox 613 3061 837 3146; x_wconf 90' lang='lat' dir='ltr'><strong>promissorum</strong></span> <span class='ocrx_word' id='word_1_256' title='bbox 862 3059 988 3124; x_wconf 88' lang='lat' dir='ltr'><strong>obsides</strong></span> <span class='ocrx_word' id='word_1_257' title='bbox 1014 3059 1192 3145; x_wconf 85' lang='lat' dir='ltr'><strong>acciperet’</strong></span> <span class='ocrx_word' id='word_1_258' title='bbox 1235 3059 1401 3128; x_wconf 87' lang='lat' dir='ltr'><strong>Hannibal</strong></span> 
     </span>
     <span class='ocr_line' id='line_1_35' title="bbox 351 3144 1401 3295; baseline 0 -82"><span class='ocrx_word' id='word_1_259' title='bbox 351 3170 412 3213; x_wconf 90' lang='lat' dir='ltr'><strong>uec</strong></span> <span class='ocrx_word' id='word_1_260' title='bbox 428 3159 546 3212; x_wconf 87' lang='lat' dir='ltr'><strong>temere</strong></span> <span class='ocrx_word' id='word_1_261' title='bbox 568 3145 738 3222; x_wconf 90' lang='lat' dir='ltr'><strong>credendo,</strong></span> <span class='ocrx_word' id='word_1_262' title='bbox 755 3167 814 3210; x_wconf 91' lang='lat' dir='ltr'><strong>nec</strong></span> <span class='ocrx_word' id='word_1_263' title='bbox 830 3144 1037 3232; x_wconf 87' lang='lat' dir='ltr'><strong>aspernando,</strong></span> <span class='ocrx_word' id='word_1_264' title='bbox 1053 3168 1094 3209; x_wconf 90' lang='lat' dir='ltr'><strong>ne</strong></span> <span class='ocrx_word' id='word_1_265' title='bbox 1117 3145 1274 3295; x_wconf 79' lang='lat' dir='ltr'><strong>repudiati</strong></span> <span class='ocrx_word' id='word_1_266' title='bbox 1290 3161 1401 3234; x_wconf 87' lang='lat' dir='ltr'><strong>aperte</strong></span> 
     </span>
     <span class='ocr_line' id='line_1_36' title="bbox 351 3230 1401 3320; baseline -0.002 -21"><span class='ocrx_word' id='word_1_267' title='bbox 351 3235 459 3300; x_wconf 88' lang='lat' dir='ltr'><strong>hostes</strong></span> <span class='ocrx_word' id='word_1_268' title='bbox 472 3232 595 3309; x_wconf 89' lang='lat' dir='ltr'><strong>fierent,</strong></span> <span class='ocrx_word' id='word_1_269' title='bbox 605 3232 743 3320; x_wconf 83' lang='lat' dir='ltr'><strong>benigne</strong></span> <span class='ocrx_word' id='word_1_270' title='bbox 758 3254 858 3317; x_wconf 91' lang='lat' dir='ltr'><strong>quum</strong></span> <span class='ocrx_word' id='word_1_271' title='bbox 874 3230 1106 3319; x_wconf 82' lang='lat' dir='ltr'><strong>respondisset3</strong></span> <span class='ocrx_word' id='word_1_272' title='bbox 1130 3255 1150 3295; x_wconf 95' lang='lat'>0</span> <span class='ocrx_word' id='word_1_273' title='bbox 1172 3231 1302 3309; x_wconf 89' lang='lat' dir='ltr'><strong>sidibus,</strong></span> <span class='ocrx_word' id='word_1_274' title='bbox 1317 3255 1401 3319; x_wconf 86' lang='lat' dir='ltr'><strong>quos</strong></span> 
     </span>
     <span class='ocr_line' id='line_1_37' title="bbox 351 3316 1400 3406; baseline -0.002 -20"><span class='ocrx_word' id='word_1_275' title='bbox 351 3319 479 3398; x_wconf 81' lang='lat' dir='ltr'><strong>dabam,</strong></span> <span class='ocrx_word' id='word_1_276' title='bbox 489 3319 636 3406; x_wconf 89' lang='lat' dir='ltr'><strong>acceptis,</strong></span> <span class='ocrx_word' id='word_1_277' title='bbox 646 3330 680 3383; x_wconf 91' lang='lat' dir='ltr'><strong>et</strong></span> <span class='ocrx_word' id='word_1_278' title='bbox 694 3329 882 3394; x_wconf 89' lang='lat' dir='ltr'><strong>commeatu,</strong></span> <span class='ocrx_word' id='word_1_279' title='bbox 892 3339 990 3403; x_wconf 90' lang='lat' dir='ltr'><strong>quem</strong></span> <span class='ocrx_word' id='word_1_280' title='bbox 1001 3317 1036 3381; x_wconf 93' lang='lat' dir='ltr'><strong>in</strong></span> <span class='ocrx_word' id='word_1_281' title='bbox 1044 3318 1127 3382; x_wconf 91' lang='lat' dir='ltr'><strong>viam</strong></span> <span class='ocrx_word' id='word_1_282' title='bbox 1136 3317 1195 3404; x_wconf 89' lang='lat' dir='ltr'><strong>ipsi</strong></span> <span class='ocrx_word' id='word_1_283' title='bbox 1207 3316 1400 3396; x_wconf 88' lang='lat' dir='ltr'><strong>detulerant,</strong></span> 
     </span>
     <span class='ocr_line' id='line_1_38' title="bbox 351 3402 1400 3494; baseline -0.003 -22"><span class='ocrx_word' id='word_1_284' title='bbox 351 3429 435 3485; x_wconf 77' lang='lat' dir='ltr'><strong>risus,</strong></span> <span class='ocrx_word' id='word_1_285' title='bbox 462 3427 674 3494; x_wconf 88' lang='lat' dir='ltr'><strong>nequaquam,</strong></span> <span class='ocrx_word' id='word_1_286' title='bbox 699 3417 736 3469; x_wconf 94' lang='lat' dir='ltr'><strong>ut</strong></span> <span class='ocrx_word' id='word_1_287' title='bbox 760 3405 844 3468; x_wconf 90' lang='lat' dir='ltr'><strong>inter</strong></span> <span class='ocrx_word' id='word_1_288' title='bbox 872 3417 1009 3490; x_wconf 88' lang='lat' dir='ltr'><strong>pacatos,</strong></span> <span class='ocrx_word' id='word_1_289' title='bbox 1035 3402 1245 3490; x_wconf 83' lang='lat' dir='ltr'><strong>incomposito</strong></span> <span class='ocrx_word' id='word_1_290' title='bbox 1270 3405 1400 3492; x_wconf 76' lang='lat' dir='ltr'><strong>agmine</strong></span> 
     </span>
     <span class='ocr_line' id='line_1_39' title="bbox 351 3485 1401 3577; baseline -0.003 -19"><span class='ocrx_word' id='word_1_291' title='bbox 351 3493 449 3559; x_wconf 83' lang='lat' dir='ltr'><strong>duces</strong></span> <span class='ocrx_word' id='word_1_292' title='bbox 460 3515 570 3560; x_wconf 89' lang='lat' dir='ltr'><strong>eorum</strong></span> <span class='ocrx_word' id='word_1_293' title='bbox 579 3493 730 3577; x_wconf 89' lang='lat' dir='ltr'><strong>sequitur.</strong></span> <span class='ocrx_word' id='word_1_294' title='bbox 776 3489 919 3553; x_wconf 87' lang='lat' dir='ltr'><strong>Primum</strong></span> <span class='ocrx_word' id='word_1_295' title='bbox 932 3511 1047 3576; x_wconf 83' lang='lat' dir='ltr'><strong>agmen</strong></span> <span class='ocrx_word' id='word_1_296' title='bbox 1056 3485 1218 3575; x_wconf 89' lang='lat' dir='ltr'><strong>elephanti</strong></span> <span class='ocrx_word' id='word_1_297' title='bbox 1229 3502 1263 3554; x_wconf 89' lang='lat' dir='ltr'><strong>et</strong></span> <span class='ocrx_word' id='word_1_298' title='bbox 1273 3491 1401 3576; x_wconf 76' lang='lat' dir='ltr'><strong>equitas</strong></span> 
     </span>
     <span class='ocr_line' id='line_1_40' title="bbox 350 3574 1401 3665; baseline -0.003 -21"><span class='ocrx_word' id='word_1_299' title='bbox 350 3590 457 3644; x_wconf 86' lang='lat' dir='ltr'><strong>erant:</strong></span> <span class='ocrx_word' id='word_1_300' title='bbox 495 3579 563 3665; x_wconf 91' lang='lat' dir='ltr'><strong>ipse</strong></span> <span class='ocrx_word' id='word_1_301' title='bbox 592 3590 664 3662; x_wconf 86' lang='lat' dir='ltr'><strong>post</strong></span> <span class='ocrx_word' id='word_1_302' title='bbox 697 3597 770 3639; x_wconf 93' lang='lat' dir='ltr'><strong>cum</strong></span> <span class='ocrx_word' id='word_1_303' title='bbox 799 3575 911 3640; x_wconf 88' lang='lat' dir='ltr'><strong>robore</strong></span> <span class='ocrx_word' id='word_1_304' title='bbox 987 3574 1101 3652; x_wconf 91' lang='lat' dir='ltr'><strong>ditum,</strong></span> <span class='ocrx_word' id='word_1_305' title='bbox 1131 3575 1401 3662; x_wconf 82' lang='lat' dir='ltr'><strong>circumspectans</strong></span> 
     </span>
     <span class='ocr_line' id='line_1_41' title="bbox 350 3597 1400 3750; baseline -0.002 -21"><span class='ocrx_word' id='word_1_306' title='bbox 350 3665 566 3750; x_wconf 89' lang='lat' dir='ltr'><strong>sollicitusque</strong></span> <span class='ocrx_word' id='word_1_307' title='bbox 588 3661 705 3738; x_wconf 88' lang='lat' dir='ltr'><strong>omnia,</strong></span> <span class='ocrx_word' id='word_1_308' title='bbox 721 3659 897 3726; x_wconf 90' lang='lat' dir='ltr'><strong>incedebat.</strong></span> <span class='ocrx_word' id='word_1_309' title='bbox 945 3597 1012 3725; x_wconf 49' lang='lat' dir='ltr'><strong>bebi</strong></span> <span class='ocrx_word' id='word_1_310' title='bbox 1027 3661 1059 3726; x_wconf 91' lang='lat' dir='ltr'><strong>in</strong></span> <span class='ocrx_word' id='word_1_311' title='bbox 1084 3661 1298 3747; x_wconf 82' lang='lat' dir='ltr'><strong>angustiorem</strong></span> <span class='ocrx_word' id='word_1_312' title='bbox 1311 3664 1400 3728; x_wconf 90' lang='lat' dir='ltr'><strong>viam</strong></span> 
     </span>
    </p>
   </div>
   <div class='ocr_carea' id='block_1_3' title="bbox 350 3843 1402 4100">
    <p class='ocr_par' dir='ltr' id='par_1_3' title="bbox 350 3843 1402 4100">
     <span class='ocr_line' id='line_1_42' title="bbox 383 3843 1400 3909; baseline 0.003 -14"><span class='ocrx_word' id='word_1_313' title='bbox 383 3843 399 3895; x_wconf 82' lang='lat'><strong>6</strong></span> <span class='ocrx_word' id='word_1_314' title='bbox 414 3847 449 3894; x_wconf 87' lang='lat' dir='ltr'><em>M</em></span> <span class='ocrx_word' id='word_1_315' title='bbox 571 3845 656 3904; x_wconf 81' lang='lat' dir='ltr'><strong>turbo]</strong></span> <span class='ocrx_word' id='word_1_316' title='bbox 680 3845 705 3893; x_wconf 87' lang='lat' dir='ltr'><strong>lr.</strong></span> <span class='ocrx_word' id='word_1_317' title='bbox 716 3860 737 3894; x_wconf 87' lang='lat' dir='ltr'><strong>e.</strong></span> <span class='ocrx_word' id='word_1_318' title='bbox 753 3845 856 3895; x_wconf 85' lang='lat' dir='ltr'><strong>Tumul·</strong></span> <span class='ocrx_word' id='word_1_319' title='bbox 890 3847 1002 3909; x_wconf 82' lang='lat' dir='ltr'><strong>Polybio.</strong></span> <span class='ocrx_word' id='word_1_320' title='bbox 1037 3849 1124 3896; x_wconf 82' lang='lat' dir='ltr'><strong>Plures</strong></span> <span class='ocrx_word' id='word_1_321' title='bbox 1140 3847 1195 3896; x_wconf 86' lang='lat' dir='ltr'><strong>edd.</strong></span> <span class='ocrx_word' id='word_1_322' title='bbox 1206 3849 1336 3909; x_wconf 69' lang='lat' dir='ltr'><strong>flammeo</strong></span> <span class='ocrx_word' id='word_1_323' title='bbox 1354 3849 1400 3898; x_wconf 81' lang='lat' dir='ltr'><strong>bn·</strong></span> 
     </span>
     <span class='ocr_line' id='line_1_43' title="bbox 350 3908 1400 3986; baseline 0.004 -28"><span class='ocrx_word' id='word_1_324' title='bbox 350 3908 500 3970; x_wconf 84' lang='lat' dir='ltr'><strong>tusettrepi</strong></span> <span class='ocrx_word' id='word_1_325' title='bbox 518 3908 575 3956; x_wconf 88' lang='lat' dir='ltr'><strong>atio.</strong></span> <span class='ocrx_word' id='word_1_326' title='bbox 605 3909 653 3956; x_wconf 88' lang='lat' dir='ltr'><strong>Per</strong></span> <span class='ocrx_word' id='word_1_327' title='bbox 663 3911 758 3966; x_wconf 73' lang='lat' dir='ltr'><strong>multas,</strong></span> <span class='ocrx_word' id='word_1_328' title='bbox 768 3909 857 3972; x_wconf 86' lang='lat' dir='ltr'><strong>quibus</strong></span> <span class='ocrx_word' id='word_1_329' title='bbox 889 3912 1087 3973; x_wconf 67' lang='lat' dir='ltr'><strong>bentquaedam</strong></span> <span class='ocrx_word' id='word_1_330' title='bbox 1098 3913 1250 3986; x_wconf 77' lang='lat' dir='ltr'><strong>captivorum</strong></span> <span class='ocrx_word' id='word_1_331' title='bbox 1261 3914 1400 3974; x_wconf 59' lang='lat' dir='ltr'><strong>pumilus.</strong></span> 
     </span>
     <span class='ocr_line' id='line_1_44' title="bbox 350 3973 1402 4086; baseline 0.006 -66"><span class='ocrx_word' id='word_1_332' title='bbox 350 3973 436 4086; x_wconf 79' lang='lat' dir='ltr'><strong>paullo</strong></span> <span class='ocrx_word' id='word_1_333' title='bbox 447 3977 503 4033; x_wconf 83' lang='lat' dir='ltr'><strong>post</strong></span> <span class='ocrx_word' id='word_1_334' title='bbox 512 3973 602 4020; x_wconf 73' lang='lat' dir='ltr'><strong>murati</strong></span> <span class='ocrx_word' id='word_1_335' title='bbox 612 3979 778 4034; x_wconf 82' lang='lat' dir='ltr'><strong>opponuntur,</strong></span> <span class='ocrx_word' id='word_1_336' title='bbox 785 3973 856 4022; x_wconf 81' lang='lat' dir='ltr'><strong>intel-</strong></span> <span class='ocrx_word' id='word_1_337' title='bbox 889 3975 983 4023; x_wconf 85' lang='lat' dir='ltr'><strong>Verum</strong></span> <span class='ocrx_word' id='word_1_338' title='bbox 994 3991 1034 4038; x_wconf 87' lang='lat' dir='ltr'><strong>ap.</strong></span> <span class='ocrx_word' id='word_1_339' title='bbox 1042 3975 1174 4038; x_wconf 81' lang='lat' dir='ltr'><strong>Polybium</strong></span> <span class='ocrx_word' id='word_1_340' title='bbox 1185 3976 1313 4024; x_wconf 81' lang='lat' dir='ltr'><strong>castellum</strong></span> <span class='ocrx_word' id='word_1_341' title='bbox 1325 3975 1402 4036; x_wconf 86' lang='lat' dir='ltr'><strong>illud,</strong></span> 
     </span>
     <span class='ocr_line' id='line_1_45' title="bbox 361 4035 1075 4100; baseline 0.006 -16"><span class='ocrx_word' id='word_1_342' title='bbox 361 4035 394 4100; x_wconf 74' lang='lat' dir='ltr'><strong>igi</strong></span> <span class='ocrx_word' id='word_1_343' title='bbox 407 4035 470 4084; x_wconf 79' lang='lat' dir='ltr'><strong>lixas</strong></span> <span class='ocrx_word' id='word_1_344' title='bbox 480 4041 505 4084; x_wconf 89' lang='lat' dir='ltr'><strong>et</strong></span> <span class='ocrx_word' id='word_1_345' title='bbox 516 4037 622 4095; x_wconf 87' lang='lat' dir='ltr'><strong>calones,</strong></span> <span class='ocrx_word' id='word_1_346' title='bbox 632 4051 689 4084; x_wconf 84' lang='lat' dir='ltr'><strong>nam</strong></span> <span class='ocrx_word' id='word_1_347' title='bbox 701 4051 739 4085; x_wconf 83' lang='lat' dir='ltr'><strong>rer</strong></span> <span class='ocrx_word' id='word_1_348' title='bbox 749 4037 857 4087; x_wconf 79' lang='lat' dir='ltr'><strong>maxime</strong></span> <span class='ocrx_word' id='word_1_349' title='bbox 888 4037 958 4087; x_wconf 74' lang='grc' dir='ltr'>πόλις</span> <span class='ocrx_word' id='word_1_350' title='bbox 970 4044 1075 4089; x_wconf 83' lang='lat' dir='ltr'><strong>vocatur.</strong></span> 
     </span>
    </p>
   </div>
   <div class='ocr_carea' id='block_1_4' title="bbox 351 4098 1400 4214">
    <p class='ocr_par' dir='ltr' id='par_1_4' title="bbox 351 4098 1400 4214">
     <span class='ocr_line' id='line_1_46' title="bbox 351 4098 1400 4214; baseline 0.006 -66"><span class='ocrx_word' id='word_1_351' title='bbox 351 4098 855 4162; x_wconf 63' lang='lat' dir='ltr'><strong>oboaimpedimentancciditmonetDoer.</strong></span> <span class='ocrx_word' id='word_1_352' title='bbox 914 4117 941 4214; x_wconf 71' lang='lat' dir='ltr'><strong>lq</strong></span> <span class='ocrx_word' id='word_1_353' title='bbox 946 4105 1083 4165; x_wconf 79' lang='lat' dir='ltr'><strong>Populum]</strong></span> <span class='ocrx_word' id='word_1_354' title='bbox 1100 4103 1190 4162; x_wconf 78' lang='grc' dir='ltr'>Δῆμον,</span> <span class='ocrx_word' id='word_1_355' title='bbox 1197 4102 1248 4152; x_wconf 82' lang='lat' dir='ltr'><strong>sive</strong></span> <span class='ocrx_word' id='word_1_356' title='bbox 1259 4117 1350 4166; x_wconf 75' lang='lat' dir='ltr'><strong>pagum</strong></span> <span class='ocrx_word' id='word_1_357' title='bbox 1361 4104 1400 4153; x_wconf 87' lang='lat' dir='ltr'><strong>in-</strong></span> 
     </span>
    </p>
   </div>
   <div class='ocr_carea' id='block_1_5' title="bbox 350 4163 1400 4355">
    <p class='ocr_par' dir='ltr' id='par_1_5' title="bbox 350 4163 1400 4355">
     <span class='ocr_line' id='line_1_47' title="bbox 384 4163 1307 4244; baseline 0.002 -31"><span class='ocrx_word' id='word_1_358' title='bbox 384 4164 557 4240; x_wconf 62' lang='lat' dir='ltr'><strong>zUtr-imque]</strong></span> <span class='ocrx_word' id='word_1_359' title='bbox 575 4163 633 4211; x_wconf 89' lang='lat' dir='ltr'><strong>Hoc</strong></span> <span class='ocrx_word' id='word_1_360' title='bbox 649 4163 674 4211; x_wconf 92' lang='lat' dir='ltr'><strong>in</strong></span> <span class='ocrx_word' id='word_1_361' title='bbox 691 4164 795 4226; x_wconf 82' lang='lat' dir='ltr'><strong>Polybio</strong></span> <span class='ocrx_word' id='word_1_362' title='bbox 805 4181 855 4214; x_wconf 90' lang='lat' dir='ltr'><strong>non</strong></span> <span class='ocrx_word' id='word_1_363' title='bbox 888 4171 913 4214; x_wconf 82' lang='lat' dir='ltr'><strong>te</strong></span> <span class='ocrx_word' id='word_1_364' title='bbox 941 4181 997 4244; x_wconf 44' lang='lat' dir='ltr'><strong>gas·</strong></span> <span class='ocrx_word' id='word_1_365' title='bbox 1063 4232 1068 4244; x_wconf 90' lang='lat'>.</span> <span class='ocrx_word' id='word_1_366' title='bbox 1302 4230 1307 4242; x_wconf 37' lang='grc' dir='ltr'>ι</span> 
     </span>
     <span class='ocr_line' id='line_1_48' title="bbox 350 4228 1400 4355; baseline 0.004 -15"><span class='ocrx_word' id='word_1_367' title='bbox 350 4228 518 4354; x_wconf 56' lang='lat' dir='ltr'><strong>legdllgbptioo</strong></span> <span class='ocrx_word' id='word_1_368' title='bbox 539 4293 603 4351; x_wconf 80' lang='lat' dir='ltr'><strong>cibo]</strong></span> <span class='ocrx_word' id='word_1_369' title='bbox 630 4293 687 4339; x_wconf 75' lang='lat' dir='ltr'><strong>Cito</strong></span> <span class='ocrx_word' id='word_1_370' title='bbox 709 4291 819 4340; x_wconf 83' lang='lat' dir='ltr'><strong>additum</strong></span> <span class='ocrx_word' id='word_1_371' title='bbox 842 4309 856 4340; x_wconf 80' lang='lat' dir='ltr'><strong>s</strong></span> <span class='ocrx_word' id='word_1_372' title='bbox 888 4230 1323 4355; x_wconf 42' lang='lat' dir='ltr'><strong>ququp&#39;qsq‘qrchrqpslppenzerfidra</strong></span> <span class='ocrx_word' id='word_1_373' title='bbox 1341 4233 1400 4293; x_wconf 49' lang='lat' dir='ltr'><strong>plus</strong></span> 
     </span>
    </p>
   </div>
   <div class='ocr_carea' id='block_1_6' title="bbox 0 0 1506 4790">
    <p class='ocr_par' dir='ltr' id='par_1_6' title="bbox 0 0 1506 4790">
     <span class='ocr_line' id='line_1_49' title="bbox 0 0 1506 4790; baseline 0 0"><span class='ocrx_word' id='word_1_374' title='bbox 0 0 1506 4790; x_wconf 95' lang='lat' dir='ltr'><strong> </strong></span> 
     </span>
    </p>
   </div>
  </div>
 </body>
</html>
