2874 4772
330 186 427 253 LIB.
452 185 580 253 XXVI.
615 187 726 254 CAP.
754 193 802 255 19.
1027 197 1091 257 ³03

53 323 205 402 mandato,
220 336 253 388 et
272 323 367 401 bello,
383 323 470 410 qnod
491 323 672 410 gerundum
693 339 785 402 esset,
806 347 923 412 magno
943 326 1180 414 obloquens.
1196 359 1252 410 54¹·

52 411 151 476 animo
172 410 329 487 disseruit,
351 423 386 475 ut
410 410 554 474 ardorem
575 433 659 489 eum,
675 412 732 498 qui
754 413 921 490 resederat,
937 414 1092 478 excitaret
1102 411 1134 461 Ᾰ·
1150 411 1181 462 0·
1196 425 1252 461 ²¹¹·

52 520 151 562 rursus
162 511 374 584 novaretque:
398 509 431 562 et
442 495 590 584 impleret
601 497 744 562 homines
755 499 896 564 certioris
906 501 984 587 spei,
997 523 1093 588 quam

52 597 197 672 quantam
212 584 292 648 fides
309 583 455 671 promissi
475 583 617 662 humani,
633 597 688 649 aut
701 584 781 649 ratio
799 609 841 650 ex
855 585 973 651 fiducia
986 608 1093 652 rerum

51 671 198 736 subiicere
214 670 300 735 solet.
347 669 422 735 Fuit
436 670 523 734 enim
540 669 646 756 Scipio
658 693 723 734 non
738 673 820 736 veris
835 685 958 737 tantum
968 673 1094 738 virtuti·
1102 686 1223 749 Scipionis

51 758 106 822 biis
119 756 279 834 mirabilis,
292 757 349 822 sed
363 769 430 821 arte
443 778 570 844 quoque
609 755 725 821 uadam
740 758 780 823 ab
794 758 925 823 iuventa
938 760 972 823 in
988 773 1094 825 osten·
1102 752 1244 826 insopor

52 845 200 910 tationem
214 867 322 910 earum
337 843 546 944 compositus:
570 779 721 930 pieraque
737 845 823 931 apud
844 846 1092 924 multitudinem,
1103 816 1239 930 ffffluffl'

33 945 102 994 iaut
122 953 180 1031 per
200 947 370 996 noctumas
390 952 457 994 visa
478 929 607 1029 species,
626 944 682 994 aut
703 931 791 995 velut
811 931 964 996 divinitus
986 945 1093 998 mente

32 1031 175 1096 amonim,
202 1041 315 1105 agens:
348 1017 413 1082 sive
442 1029 475 1080 et
499 1038 567 1116 ipae
596 1017 682 1103 capti
708 1017 845 1104 quadam
872 1021 1094 1106 superstitione

52 1104 153 1182 animi,
163 1105 228 1168 sive
244 1117 280 1170 ut
294 1104 428 1190 imperis
441 1102 645 1189 consiliaque,
654 1104 743 1169 velut
757 1118 840 1170 sorte
856 1106 974 1170 oraculi
990 1107 1093 1184 missa,

52 1190 331 1256 sine-cunctatione
343 1204 602 1277 exsequerentur.
647 1190 702 1254 Ad
714 1191 775 1254 hoc
787 1192 851 1255 iam
861 1191 937 1257 inde
953 1195 992 1257 ab
1002 1193 1096 1257 initio

52 1299 237 1364 praeparans
251 1278 381 1353 animos,
397 1299 439 1341 ex
453 1299 517 1363 quo
532 1289 638 1364 togam
647 1277 770 1342 virilem
782 1279 924 1365 sumpsit,
937 1277 1026 1344 nullo
1041 1279 1093 1344 die

53 1363 134 1448 prius
163 1363 261 1428 ullam
292 1364 452 1450 publicam
480 1363 697 1450 privatamque
728 1387 796 1430 rem
830 1366 904 1452 egit,
935 1389 1030 1452 quam
1060 1367 1095 1430 in

32 1449 246 1538 scapitolium
260 1451 330 1528 iret,
341 1452 562 1538 ingressusque
578 1450 690 1515 aedem
704 1451 892 1528 consideret,
909 1465 943 1516 et
956 1453 1095 1540 plerum·

53 1558 112 1621 que
127 1537 212 1602 solus
227 1537 262 1600 iri
282 1550 402 1602 secreto
417 1537 461 1601 ibi
477 1549 602 1624 tempus
617 1550 740 1602 tereret.
788 1536 853 1603 Hic
868 1561 946 1618 mos,
963 1540 1019 1627 qui
1037 1561 1095 1627 per

52 1645 174 1688 omnem
197 1622 294 1688 vitam
320 1624 509 1700 servabatur,
532 1645 590 1688 seu
614 1623 768 1702 consulto,
795 1648 851 1690 seu
875 1639 1003 1704 temere,
1025 1626 1095 1691 rul-

90 1724 138 1775 tae
174 1710 318 1810 opinioni
352 1710 448 1774 fidem
477 1709 563 1810 apud
584 1710 738 1797 quosdam
767 1712 852 1790 fecit,
882 1712 986 1799 stirpis
1020 1735 1093 1778 eum
1104 1729 1196 1779 Divina

75 1795 173 1862 'dnae
183 1820 286 1862 virum
301 1819 385 1871 esse;
409 1796 581 1882 retulitque
597 1798 722 1874 samam,
732 1799 767 1861 in
777 1798 962 1863 Alexandro
973 1799 1094 1886 Magno
1103 1794 1177 1857 stirpe
1188 1810 1224 1870 ⁸⁸5

33 1883 134 1969 4prius
145 1883 316 1972 vulgatam,
332 1895 365 1948 et
374 1884 512 1947 vanitate
527 1895 561 1946 et
570 1883 679 1948 fabula
692 1906 810 1970 panem,
822 1885 934 1971 anguis
948 1885 1094 1950 immanis
1103 1861 1227 1970 {ssm'

53 1971 221 2037 conoubitu
242 1991 442 2071 conceptum,
458 1981 491 2034 et
511 1969 546 2032 in
567 1969 713 2034 cubiculo
734 1971 841 2035 matris
862 1973 930 2035 eius
944 1993 1094 2058 persaepe

53 2057 146 2121 visam
169 2057 308 2146 prodigii
327 2079 396 2121 eius
418 2055 565 2144 speeiem,
580 2056 825 2206 interventu?
841 2057 1005 2121 hominum
1021 2079 1095 2122 evo-

34 2141 148 2208 slutam
157 2158 301 2231 repente,
312 2157 407 2230 atque
417 2165 459 2206 ex
467 2141 567 2207 oculis
577 2141 726 2228 elapsam.
808 2143 1003 2208 ismiraculis
1012 2167 1095 2209 nun·

75 2253 145 2294 uam
165 2231 206 2295 ab
220 2231 289 2319 ipso
309 2231 396 2295 elusa
410 2229 490 2293 fides
504 2241 568 2293 est:
597 2227 802 2316 quin'potius
824 2242 917 2294 aucta
931 2242 997 2294 arte
1018 2253 1097 2318 qua·

54 2251 215 2395 dumoso
238 2317 400 2382 abnuendi
422 2315 483 2381 tale
506 2315 688 2402 quicquain,
704 2336 764 2380 nec
782 2315 885 2404 palam
909 2317 1093 2382 affirmandi.

55 2399 158 2468 Multa
171 2403 233 2468 alia
246 2403 385 2470 eiusdem
401 2403 535 2491 generis,
546 2403 607 2466 alia
620 2425 702 2480 vera,
715 2403 777 2468 alia
791 2403 978 2481 assimulata,
995 2403 1096 2469 admi·

55 2491 181 2555 rationis
196 2491 352 2556 humanae
366 2491 402 2554 iii
416 2513 455 2554 eo
469 2490 583 2554 iuvene
595 2503 794 2556 excesserant
807 2491 955 2556 modum:
980 2492 1095 2580 quibus

54 2574 130 2641 freta
157 2591 235 2643 tunc
264 2577 383 2655 civitas,
409 2577 504 2642 aetati
533 2576 779 2663 haudquaquam
807 2591 948 2644 maturae
975 2591 1095 2644 tantam

56 2663 168 2730 molem
184 2687 298 2742 rerum,
314 2677 501 2750 tantumque
516 2663 684 2752 imperium
698 2665 849 2751 permisit.

96 2749 215 2815 Adeas
229 2775 267 2816 co
289 2752 344 2829 ias,
355 2773 434 2853 quas
447 2774 489 2815 ex
500 2763 605 2816 vetere
621 2751 763 2816 exercitu
778 2751 934 2839 Hispania
948 2752 1093 2829 habebat,

56 2857 199 2925 quaeque
214 2861 233 2902 a
249 2773 391 2904 lineolis
406 2861 479 2903 eum
496 2837 534 2902 Ο.
549 2836 678 2902 Nerone
701 2839 849 2902 traiectae
868 2852 967 2915 erant,
983 2838 1095 2905 decem

35 2923 152 2988 ⁶millis
177 2924 315 2990 militum
338 2939 371 2990 et
396 2924 482 2990 mille
509 2924 633 3010 equites
656 2923 833 2988 addunturr
864 2939 898 2989 ct
923 2923 970 2988 M.
985 2922 1097 2988 Iunius

59 3005 181 3075 Silanus
199 3025 384 3098 propraetor
405 3011 530 3075 adiutor
546 3009 587 3073 ad
601 3031 652 3073 res
665 3009 818 3095 gerendas
837 3009 930 3074 datus
945 3022 1000 3074 est.
1046 3009 1098 3074 Ita

57 3117 129 3160 cum
152 3097 281 3184 triginta
302 3098 431 3162 navium
454 3095 550 3161 classe
574 3094 699 3181 (omnes
719 3109 826 3160 autem
852 3096 1098 3182 quinqueremes

57 3183 160 3270 erant)
174 3185 261 3249 ostiis
282 3183 442 3250 Tiberinis
461 3181 618 3269 profectus
633 3195 757 3267 praeter
774 3203 860 3245 oram
875 3182 973 3246 Tusci
993 3182 1095 3259 maris,

59 3267 157 3358 Alpes
174 3285 270 3359 atque
292 3269 450 3336 Gallicum
470 3267 585 3346 sinum,
601 3281 635 3332 et
653 3266 770 3333 deinde
791 3267 949 3356 Pyrenaei
964 3268 1098 3334 circum-

92 3517 173 3563 iAnt
191 3530 238 3578 per
257 3513 403 3571 nocturnes]
431 3509 560 3572 Tanquam
593 3508 644 3556 lter.
667 3508 697 3557 cs.
710 3509 770 3558 Aur.
781 3509 869 3558 Victor
881 3510 913 3558 de
929 3509 982 3560 vir.
1000 3509 1042 3558 Ill.
1059 3525 1098 3574 49.

60 3583 101 3624 aut
112 3593 155 3640 per
164 3584 261 3627 noctem
276 3577 301 3626 in
314 3575 404 3626 somnis
415 3591 444 3624 ea
455 3573 561 3631 vidisset,
593 3573 625 3624 A.
634 3573 701 3622 Geli.
714 3573 754 3622 iii.
769 3587 789 3622 i.

61 3647 102 3687 aut
120 3642 235 3690 instinctu
251 3641 333 3690 divino
352 3645 489 3689 moneretur
503 3637 562 3699 quid
625 3655 641 3698 4
656 3640 693 3686 Bt
711 3640 822 3688 unaue
842 3646 866 3688 et
881 3637 973 3698 sabulo
997 3640 1097 3700 parem]

61 3711 121 3752 esset
132 3707 178 3754 diis
188 3705 262 3755 cordi.
280 3706 361 3755 Cass.
594 3701 658 3750 Tam
673 3703 739 3764 quod
754 3703 787 3751 id
802 3717 888 3751 ianam
906 3703 1003 3751 divinae
1019 3703 1100 3766 stirpis

92 3771 178 3820 asiae
193 3777 216 3820 st
232 3773 284 3833 ipss
299 3771 377 3831 copti]
402 3769 490 3831 Polyb.
501 3783 526 3816 x.
538 3780 560 3815 s.
592 3765 703 3828 gloriam,
716 3781 789 3828 quani
806 3768 872 3829 qnod
887 3767 919 3816 ad
937 3783 989 3816 rem
1006 3767 1100 3817 fabulo·

62 3830 197 3895 Scipionem
213 3835 283 3882 nullo
301 3834 374 3882 modo
392 3831 563 3894 superstitione
593 3845 644 3880 sam
655 3831 686 3880 de
698 3831 828 3881 concubitu
839 3832 924 3896 anguis
934 3831 1048 3881 immanis
1064 3839 1099 3882 at·

62 3895 179 3947 laborasse
192 3900 286 3961 probat,
296 3899 339 3946 sed
350 3902 515 3945 commentum
526 3911 561 3944 es
593 3895 662 3944 tinet

61 3973 94 4018 te,
110 3963 141 4010 ad
159 3963 300 4025 exemplum
318 3960 423 4024 Lycurgi
439 3959 561 4022 Spartani,
625 3973 639 4022 5
656 3963 705 4009 Hir
720 3963 858 4023 mirandis]
883 3964 970 4010 Huius
986 3963 1100 4011 mirandi

62 4026 154 4075 somnis
166 4027 212 4076 illa
227 4035 252 4075 et
265 4025 387 4089 colloquia
402 4039 457 4073 cum
468 4023 524 4083 diis,
534 4029 563 4072 ut
594 4039 625 4074 ex
636 4025 737 4074 remeet.
747 4025 854 4075 Gronov.
866 4025 973 4088 reposuit
984 4025 1092 4074 Bellen

62 4089 93 4136 ad
108 4093 261 4166 exsequenda
276 4091 340 4140 iussa
355 4088 524 4152 promptiores,
538 4092 563 4136 et
626 4087 781 4150 omittens]
807 4093 903 4140 Milites
924 4091 955 4139 de
977 4089 1103 4152 peditibus

62 4152 92 4200 ad
101 4155 219 4214 quidlibet
229 4155 370 4206 audendum
380 4152 508 4202 Mores
518 4151 562 4200 mi·
594 4167 667 4214 saepe
684 4153 732 4200 dici
751 4161 852 4203 monent
872 4155 979 4203 Gronov.
996 4158 1021 4200 et
1038 4153 1100 4200 Dra·

63 4215 116 4264 lites
126 4225 212 4268 essem.
229 4221 310 4269 Cass.
595 4216 668 4266 kenb.
689 4217 793 4280 etsopr.
804 4218 836 4268 iv.
847 4231 884 4281 59.
901 4218 954 4268 Cic.
963 4216 996 4263 ad
1004 4215 1101 4264 Dirers.

95 4284 293 4348 3Jn9rmmqm
302 4283 398 4343 Mem]
415 4281 511 4331 celim
524 4280 564 4329 Io-
596 4295 621 4330 x.
633 4294 672 4341 ²3·
684 4293 722 4341 3⁴·

64 4342 97 4390 iis
110 4345 149 4396 bio
160 4347 343 4410 intelligendam
355 4361 406 4395 asse
416 4351 500 4394 monet
512 4343 565 4392 Du·
