2866 4770
338 256 402 319 492
722 249 835 317 ΤῙΤΙ
866 248 1002 316 LIVll

183 387 261 457 uc.
276 405 331 469 ⁵4&
363 387 509 452 mdentia
531 387 614 452 inter
632 386 780 451 Romana
801 397 835 450 et
852 384 976 451 Punica
997 407 1089 449 arma
1112 384 1288 450 exercitati
1306 385 1391 449 ducis

182 469 214 520 Α·
230 471 260 521 ⁰·
277 483 332 532 ²04
374 473 486 560 egulus
500 495 573 537 cum
590 485 694 538 tutore
709 485 743 537 et
757 471 808 537 ex‘
854 469 1146 560 aMasaesylorum
1163 472 1393 536 manuinCar·

341 558 588 646 thaginiensium
611 581 721 647 agrum
744 495 892 708 ρευξιὲι
938 557 989 622 Ita
1009 571 1214 645 recuperato
1312 581 1392 643 opa-

342 659 442 722 temo,
459 645 638 724 Masinissa,
655 645 731 732 quia
745 645 805 709 sibi
864 667 971 710 versus
988 643 1183 731 Syphacem
1199 581 1392 731 barridnpaullo

342 732 493 797 maiorem
522 745 639 796 restare
669 730 906 795 dimicationem
936 731 1100 808 cernebat,
1130 732 1300 818 optimum
1323 747 1393 794 ratis

341 817 536 883 cumfratre
566 816 707 906 patruele
736 817 869 903 gratiam
899 815 1119 894 reconciliare,
1149 817 1273 895 mimis,
1297 817 1393 904 quiet

342 925 442 992 puero
464 927 554 991 spem
571 903 721 979 facerent,
740 903 766 966 si
789 903 823 966 in
845 902 943 968 fidem
966 901 1168 968 Masinissae
1196 927 1270 969 sese
1295 902 1394 990 p'emi·

343 990 443 1068 sisset,
458 990 600 1055 futurum
616 989 651 1053 in
666 989 781 1054 eodem
797 988 927 1066 honore,
963 1012 1004 1053 uo
1014 988 1109 1075 apud
1121 988 1251 1054 Galam
1266 989 1394 1056 Oeaalces

344 1076 506 1163 quondam
529 1076 658 1151 fuisset3
684 1089 718 1140 et
741 1075 798 1161 qui
818 1011 991 1152 Meretrilo,
1012 1089 1147 1161 praeter
1169 1076 1409 1163 impunitatem

344 1183 402 1226 sua
415 1162 523 1226 omnia
537 1185 610 1227 cum
625 1161 689 1226 fide
705 1161 828 1225 restitui
839 1160 1049 1248 sponderent;
1067 1162 1172 1226 ambo
1213 1175 1394 1249 raeoptante·

345 1247 457 1312 exsilio
477 1247 635 1312 modicam
655 1247 742 1312 domi
761 1247 931 1324 fortunam,
947 1247 1063 1324 omnia,
1082 1271 1130 1312 ne
1152 1249 1166 1311 i
1214 1249 1316 1324 fieret,
1331 1249 1393 1313 Car·

346 1333 381 1398 th
420 1335 597 1398 iniensibus
611 1333 652 1398 de
667 1333 822 1398 industria
836 1333 1011 1420 agentibus,
1027 1333 1069 1397 ad
1084 1357 1161 1398 sese
1179 1335 1341 1421 perduxit.

236 1427 287 1486 31.
427 1420 573 1484 asdrubal
596 1433 663 1484 tum
681 1419 772 1496 forte,
788 1442 890 1504 quum
908 1419 986 1484 haec
1006 1420 1226 1506 gerebantur,
1246 1420 1329 1508 apud
1347 1419 1394 1505 85-

188 1508 326 1620 {psham
346 1505 480 1591 phacem
504 1519 579 1570 erat
628 1505 694 1581 Qui
718 1503 891 1582 Numidae,
915 1504 1002 1568 haud
1027 1527 1106 1570 sane
1136 1506 1287 1571 multum
1311 1505 1348 1570 ad
1368 1528 1393 1567 se

187 1571 338 1684 infflffi
346 1592 506 1676 pertinere
521 1591 674 1668 credenti,
687 1605 793 1655 utrum
805 1613 903 1679 penes
914 1591 1131 1668 Lacumacen,
1145 1614 1193 1656 an
1208 1591 1393 1657 Masinissa

188 1698 319 1748 aminsi-
346 1698 479 1762 regnum
497 1676 709 1777 Massylomm
727 1690 817 1753 esset,
843 1676 928 1740 ‘falli
948 1700 1021 1742 eum
1042 1680 1275 1766 magnopeiess
1288 1679 1338 1754 ait,
1357 1677 1393 1739 ‘a'

187 1768 237 1824 καὶ
348 1761 570 1827 ‘Masinissam
586 1763 698 1828 1isdem
714 1776 900 1828 contentum
914 1763 991 1840 fore,
1004 1764 1125 1850 quibus
1135 1779 1274 1850 patrem
1287 1764 1393 1833 Galam

348 1857 359 1887 ‘
369 1863 424 1915 aut
443 1862 591 1936 patruum
612 1851 680 1913 eius
701 1847 878 1926 Oesalcem,
897 1849 1023 1913 credat:
1047 1849 1155 1914 multo
1182 1851 1337 1916 maiorem
1356 1851 1395 1912 in·

349 1934 476 2000 ‘dolem
498 1935 531 1999 in
550 1959 589 2000 eo
609 1935 707 1999 animi
729 1936 913 2022 ingeniique
933 1958 1010 2013 esse,
1049 1959 1127 2000 uam
1152 1937 1192 2000 in
1217 1937 1288 2002 ullo
1307 1937 1395 2024 gentis

349 2023 439 2086 ‘eius
453 2044 594 2108 unquam
610 2021 727 2086 fuisset.
776 2021 876 2108 Saepe
892 2044 966 2086 eum
982 2023 1016 2085 in
1026 1960 1202 2109 llispania
1217 2047 1308 2088 rarae
1327 2025 1396 2086 inter

350 2107 515 2172 ‘homines
529 2109 654 2172 virtutis
673 2109 834 2194 specimen
850 2108 973 2173 dedisse
994 2108 1087 2172 sociis
1106 2110 1236 2208 pariter
1254 2110 1396 2174 hostibus

350 2202 452 2281 ‘quet
472 2208 505 2259 et
522 2193 710 2281 Syphacem,
721 2207 754 2258 et
765 2193 1053 2280 Carthaginienses,
1064 2195 1128 2257 nis1
1141 2196 1309 2260 orientem
1319 2195 1395 2258 illurn

350 2280 478 2366 ‘ignem
505 2281 740 2367 oppressissent,
767 2280 889 2366 ingenti
915 2304 989 2344 mox
1019 2281 1187 2358 incendio,
1218 2305 1321 2368 quum
1344 2281 1394 2344 iam

351 2365 490 2430 ‘nullam
515 2389 608 2466 opem
632 2366 713 2430 ferre
735 2379 873 2453 possent,
897 2389 1026 2430 arsuros
1074 2366 1203 2431 Adhuc
1229 2383 1352 2432 teneras
1369 2385 1395 2428 ct
1424 2401 1425 2426 r

350 2451 496 2538 ‘fragiles
518 2475 585 2516 erus
607 2453 688 2516 vires
710 2475 787 2529 esse,
811 2452 943 2516 vixdum
966 2452 1149 2517 coalescens
1173 2453 1315 2519 foventis
1337 2475 1394 2537 reg·

351 2538 469 2600 ‘num’
513 2537 666 2601 Instando
690 2538 944 2625 stimulandoque
968 2539 1136 2625 pervincit,
1162 2555 1204 2604 ut
1231 2540 1392 2604 exercitum

350 2621 390 2686 ad
416 2623 496 2686 fines
523 2623 610 2686 Mam
633 2623 735 2688 lorum
762 2624 947 2701 admoveat;
978 2638 1074 2711 atque
1098 2625 1134 2688 in
1159 2649 1252 2712 agro,
1278 2625 1391 2708 dequo

349 2730 443 2793 saepe
464 2732 536 2772 cum
561 2648 643 2772 Gala
662 2733 728 2773 non
748 2711 850 2774 verbis
872 2710 966 2774 modo
986 2711 1217 2796 disceptatum,
1232 2711 1292 2775 sed
1311 2711 1391 2773 etiarn

350 2793 444 2857 armis
458 2808 612 2858 certatum
628 2795 737 2872 fuerat,
755 2809 906 2881 tanquam
922 2796 1120 2860 hauddubie
1136 2797 1218 2860 iuris
1233 2799 1296 2872 sui,
1307 2813 1392 2860 merra

349 2877 442 2944 locet
489 2881 545 2945 ‘Si
572 2882 643 2966 quis
669 2895 782 2958 arceat,
809 2881 844 2945 id
869 2881 956 2969 quod
985 2883 1123 2946 maxime
1151 2905 1236 2969 opus
1262 2885 1311 2956 sit,
1336 2883 1391 2944 acie

352 2965 614 3031 ‘dimicaturunu
640 2969 689 3030 sin
713 2990 771 3053 per
793 2982 914 3032 metum
938 2991 1012 3054 agro
1037 2969 1180 3046 cedatur,
1204 2969 1240 3032 in
1264 2968 1391 3032 medium

352 3060 505 3138 ‘regnum
536 3053 687 3116 eundum.
734 3055 803 3117 Aut
832 3055 899 3118 sine
930 3055 1101 3118 certamine
1133 3077 1339 3119 concessuros
1365 3055 1389 3114 in

352 3137 527 3203 ‘ditionem
557 3140 625 3202 eius
652 3138 818 3225 MassyloS,
845 3153 900 3204 aut
929 3163 1132 3226 nequaquam
1161 3163 1258 3226 pares
1284 3141 1389 3204 futuros

194 3239 296 3316 syphax
352 3224 486 3288 ‘armis’
531 3224 592 3288 His
607 3226 736 3290 vocibus
757 3225 905 3290 incitatus
925 3225 1054 3312 Syphax
1071 3225 1265 3292 Masinissae
1286 3227 1391 3291 bellurn

130 3343 136 3354 ·
194 3303 270 3378 {¹¹¹9st
281 3305 335 3353 M*
350 3309 455 3386 infert,
472 3324 506 3373 et
523 3311 625 3398 primo
641 3313 811 3375 certamine
829 3311 985 3398 Massylos
999 3311 1105 3376 fundit
1118 3314 1287 3399 fugatque.
1330 3311 1391 3375 Ma-

193 3381 311 3416 m'
349 3394 463 3461 sinissa
479 3419 553 3459 cum
573 3397 682 3482 paucis
702 3398 862 3482 equitibus
884 3420 925 3461 ex
947 3398 1013 3462 acie
1034 3399 1069 3461 in
1088 3413 1234 3462 montem
1249 3399 1392 3484 (Balbum

351 3481 474 3546 incolae
490 3481 619 3568 vocant)
633 3483 780 3569 perfugit.
827 3483 975 3548 Familiae
995 3483 1115 3571 aliquot
1133 3507 1210 3548 cum
1227 3485 1411 3572 mapalibuss

351 3569 580 3654 pecoribusque
611 3569 676 3631 suis
705 3569 759 3652 (ea
791 3570 928 3656 pecunia
955 3568 1016 3633 illis
1046 3573 1109 3654 est)
1138 3573 1302 3657 persecuti
1329 3585 1411 3633 sums

352 3675 477 3740 regem:
495 3667 600 3718 cetera
611 3653 824 3742 Massylorum
841 3655 1011 3720 multitudo
1026 3655 1060 3718 in
1076 3655 1235 3720 ditionem
1249 3657 1394 3744 Syphacis

352 3741 515 3804 concessit.
574 3739 680 3815 Quem
717 3752 867 3826 ceperant
904 3741 1028 3805 exsules
1060 3755 1217 3820 montem,
1252 3731 1395 3808 herbidus·

352 3845 552 3911 aquosusque
579 3839 645 3902 est3
680 3839 723 3904 et,
748 3827 824 3913 quia
846 3827 952 3914 pecori
976 3827 1078 3892 bonus
1102 3826 1221 3892 alendo
1246 3843 1326 3906 erat,
1347 3829 1395 3892 bo

386 4007 399 4040 o
417 3995 452 4040 Et
462 3996 504 4055 φη·
516 3995 654 4054 Mesetulo]
674 3993 813 4042 Gronovius
825 4009 860 4042 re·
893 4009 1004 4052 nurnero,
1015 3995 1057 4056 qui
1068 4010 1142 4057 vagas
1152 4011 1237 4045 sectrm
1252 3998 1395 4048 circumfere-

353 4055 414 4104 cidit
424 4054 453 4102 rb
464 4059 522 4118 qai:
540 4073 585 4105 nec
600 4057 731 4116 immerito,
742 4057 788 4106 nisi
800 4058 861 4106 alios
893 4059 953 4106 bant
972 4059 1064 4107 domos
1089 4059 1119 4108 cf.
1140 4060 1208 4110 Plin.
1230 4062 1266 4110 Η.
1289 4063 1324 4113 N.
1342 4081 1361 4111 r.
1379 4077 1395 4123 3,

353 4121 385 4168 sd
397 4119 570 4178 Lacumacem,
583 4121 645 4168 alios
660 4121 693 4169 ad
708 4122 860 4170 Mezetulum
894 4121 954 4170 Sall.
968 4122 1077 4184 Iugurth.
1093 4123 1128 4171 18.

354 4182 443 4244 legavit
458 4181 595 4230 Masinissa.
629 4184 700 4232 Tune
717 4185 782 4232 enim
801 4184 860 4232 nihil
926 4189 1250 4250 4Eupeouniail1isest1
1271 4189 1396 4252 thusrsu

354 4245 498 4292 mutandum
510 4245 578 4293 foret.
596 4246 677 4294 Casv.
895 4265 1009 4297 nummus
1022 4267 1069 4298 non
1088 4257 1159 4310 esset,
1172 4253 1218 4300 sed
1236 4253 1260 4300 in
1280 4257 1395 4318 [ambs

383 4320 401 4377 ιρ,
418 4307 479 4354 tam
499 4309 649 4368 mapalibus]
674 4309 739 4372 Ergo
759 4317 783 4358 et
807 4311 860 4358 Nu·
894 4313 977 4361 omnia
987 4315 1051 4362 bono
1062 4319 1209 4364 constarent.

354 4369 435 4415 midae
458 4375 524 4416 orant
547 4370 573 4416 in
594 4370 691 4418 illorum
712 4374 859 4434 populorum
