2966 4778
351 227 413 287 104
732 219 853 292 Tm
875 219 1015 287 LIVII

195 365 229 418 U.
240 364 270 416 c.
286 355 489 428 raahostiurn
504 355 705 443 praesidium.
752 355 916 422 Hannibal
929 379 1019 458 spem
1033 368 1155 433 nactis,
1169 355 1247 422 loeis
1261 355 1348 420 natis
1362 354 1402 419 ad

194 431 224 480 ³·
242 429 272 480 ⁰·
287 427 342 480 ²¹⁶·
351 455 531 530 equestrem
545 465 697 530 pugnam,
712 465 778 528 qua
791 457 880 530 parte
894 443 1010 508 vinum
1019 443 1158 507 invictus
1171 456 1249 518 eret,
1262 441 1403 506 facturos

352 529 475 616 copiam
489 528 655 618 pugnandi
670 529 824 607 consules,
836 529 896 594 diri
921 531 946 595 it
956 531 1067 607 aciem,
1078 528 1268 616 lacessitque
1284 526 1320 592 N
1323 527 1404 591 nmi-

196 624 324 675 Dseordis
351 613 465 715 darum
485 615 721 715 procursatione
743 615 858 680 hostes.
944 616 985 681 de
1008 637 1114 680 rursus
1134 614 1299 680 sollicitari
1321 613 1405 678 sedi·

193 690 261 740 Coss
352 713 440 767 tione
454 700 583 767 militari
597 725 634 767 ac
648 701 806 768 discordia
816 701 983 767 consulum
999 701 1145 767 Romana
1158 715 1277 766 castra:
1303 722 1403 787 quum

352 787 484 853 Paullus
511 787 755 889 Semproniique
783 799 818 853 et
843 787 991 854 Flaminii
1017 789 1228 854 temeritatem
1253 786 1403 862 Varroni,

353 874 456 940 Varro
477 875 655 963 speciosum
685 874 805 939 timidis
825 897 863 939 ac
885 875 1034 962 segnibus
1054 873 1189 940 ducibus
1216 871 1405 959 exemplum

353 960 488 1027 Fabium
516 962 686 1028 obiiceret:
724 973 958 1048 testareturque
992 961 1070 1026 deos
1098 959 1313 1046 hominesque
1342 959 1404 1034 hic,

354 1047 493 1112 ‘nullam
514 1071 613 1136 penes
634 1071 667 1112 se
689 1047 816 1134 culpam
838 1069 916 1124 esse,
939 1047 1026 1134 quod
1049 1045 1213 1111 Hannibal
1232 1046 1300 1110 iam
1318 1045 1406 1110 velut

354 1135 568 1221 ‘usucepiseet
583 1133 725 1210 Italiam3
749 1155 783 1198 se
803 1135 1008 1198 constrictum
1023 1156 1043 1198 a
1056 1132 1183 1219 collega.
1197 1133 1322 1208 teneri3
1345 1131 1423 1195 fer-1

354 1229 443 1284 ‘rum
459 1232 555 1320 atque
570 1243 658 1284 arma
671 1220 758 1284 iratis
776 1233 810 1284 et
829 1243 972 1308 pugnare
990 1218 1191 1307 cupientibus
1205 1218 1309 1282 adimi
1324 1217 1407 1282 mili·

354 1315 364 1345 ⁴
374 1306 458 1371 tibus
466 1306 490 1383 3’
505 1305 569 1384 rlle,
582 1307 627 1370 ‘si
638 1306 718 1393 quid
728 1307 877 1394 proiectis
887 1329 925 1371 ac
958 1306 1069 1371 roditis
1079 1305 1120 1370 ad
1131 1303 1350 1370 inconsultam
1361 1319 1407 1368 at-

354 1402 364 1432 ‘
373 1415 436 1479 que
445 1393 654 1480 improvidam
664 1415 803 1480 pugnam
812 1329 991 1480 legionidirs
999 1391 1165 1468 accideret,
1171 1391 1332 1468 se,omnis
1340 1391 1406 1454 cul-

355 1487 612 1566 ‘paeexsortem‚
624 1480 727 1544 omnis
737 1492 870 1544 eventus
880 1478 1067 1566 participem
1077 1477 1304 1542 fore'diceret.
1329 1477 1408 1540 ‘Vi-

356 1565 475 1664 ‘deret
492 1579 537 1642 ut,
553 1565 669 1665 quibus
688 1564 799 1652 lingua
816 1579 881 1682 tam
894 1578 1042 1653 prompta
1056 1587 1093 1629 ec
1108 1563 1286 1642 temeraria,
1303 1585 1407 1651 aeque

244 1742 297 1837 4⁵·
374 1666 887 1824 ¹¹¹Dt¹sst¹¹tttittlbt¹¹lm
927 1757 1000 1802 um
1017 1735 1165 1813 commu,
1180 1748 1313 1822 empus
1334 1735 1428 1800 aa

197 1825 323 1874 Namusa
355 1837 416 1900 bar,
433 1822 596 1888 Hannibal
610 1845 651 1888 ex
673 1823 752 1901 acie,
768 1847 864 1911 quam
886 1760 928 1888 ad
950 1822 1085 1887 multum
1105 1822 1171 1886 diei
1193 1823 1409 1886 tenueratin-

196 1895 325 2002 {lom}
354 1923 516 1987 structam,
532 1932 633 1996 quum
647 1910 682 1974 in
697 1925 798 1975 castra
811 1923 931 1975 ceteras
945 1909 1010 1974 reci
1051 1921 1100 1974 ret
1114 1908 1229 1995 copias,
1243 1905 1410 1972 Numidas

157 2003 170 2016 ‘
196 2017 290 2079 argunt.
354 1995 396 2060 ad
410 1995 606 2062 invadendos
620 2017 662 2060 ex
684 1995 859 2061 minoribus
873 1996 981 2060 castris
1029 2015 1215 2060 omanorum
1235 2007 1410 2080 aquatores

355 2096 441 2147 trans
454 2083 575 2148 flumen
590 2081 697 2148 mittit.
745 2081 852 2155 Quam
868 2081 1063 2146 inconditam
1078 2080 1202 2145 turbam
1217 2101 1326 2167 quum
1339 2081 1410 2144 vix·

354 2168 433 2234 dum
447 2169 482 2232 in
496 2169 598 2256 ripam
613 2169 729 2256 egressi
744 2166 880 2232 clamore
899 2191 936 2232 ac
951 2167 1090 2232 tumultu
1103 2167 1278 2253 fugaoeent,
1292 2165 1332 2230 in
1347 2179 1411 2230 ste-

355 2254 475 2319 tionem
490 2277 536 2340 qu
579 2277 620 2319 ue
640 2251 795 2342 provallo
814 2252 949 2318 locatam
970 2268 1066 2339 atque
1086 2253 1168 2340 ipm
1182 2273 1283 2352 prope
1300 2266 1410 2352 portas

354 2341 457 2418 evecti
468 2278 615 2404 smdqld
626 2362 700 2405 vero
711 2339 879 2426 indignum
891 2339 1004 2416 visum,
1015 2339 1056 2404 ab
1068 2338 1275 2403 tumultuario
1283 2337 1430 2406 auxilios

355 2425 418 2488 iam
433 2425 530 2489 etiam
547 2439 648 2489 castra
671 2425 818 2490 Romana
839 2425 967 2489 terreri:
992 2437 1028 2488 ut
1049 2447 1088 2489 ea
1109 2422 1205 2488 modo
1220 2445 1287 2486 una
1301 2445 1410 2500 cerm,

355 2532 397 2574 ne
412 2510 573 2598 extemplo
590 2511 760 2575 transirent
778 2511 909 2588 flumen,
924 2510 1161 2596 dirigerentque
1182 2508 1296 2585 aciem,
1314 2523 1411 2574 tenu·

355 2595 416 2660 erit
432 2595 603 2673 Romanos,
619 2595 707 2661 (uod
726 2618 850 2661 summa
863 2597 989 2696 imperii
1008 2619 1047 2660 eo
1067 2595 1120 2660 die
1140 2617 1238 2681 penes
1254 2593 1411 2658 Paullum

199 2692 278 2741 Varro
288 2691 333 2753 sig·
355 2681 459 2745 fuerit.
505 2680 619 2766 Itaque
666 2703 735 2747 arro
808 2681 950 2758 tamdia,
966 2681 1019 2746 cui
1032 2701 1099 2746 sors
1113 2681 1182 2745 eius
1196 2679 1262 2744 diei
1277 2679 1412 2767 imperii

198 2771 258 2804 Μ
269 2769 314 2817 1³¹¹·
356 2778 433 2843 erat,
449 2764 531 2829 nihil
551 2765 695 2832 consulto
717 2791 756 2832 co
778 2790 846 2854 ega,
869 2767 996 2853 signum
1016 2788 1143 2854 pugnae
1187 2765 1345 2852 reposuit,
1361 2767 1412 2830 in·

198 2833 328 2945 ffitffm
355 2864 553 2938 suasusque
568 2873 607 2916 co
629 2852 674 2917 ias
693 2852 813 2918 flumen
833 2851 984 2929 traduxit,
1000 2865 1153 2939 sequente
1164 2787 1307 2928 pPaullo;
1333 2852 1432 2938 quiae

356 2939 456 3025 magis
470 2959 536 3002 non
548 2875 693 3038 proflare,
710 2959 806 3025 quam
826 2961 893 3003 non
912 2937 1071 3015 adiuvare,
1087 2937 1254 3002 consilinm
1268 2949 1410 3023 poteret.

200 3034 304 3110 Interit
357 3023 558 3111 Transgreser
579 3023 700 3090 flumen
721 3045 775 3088 ees
795 3045 935 3124 quoque,
950 3045 1029 3110 quas
1050 3024 1085 3087 in
1106 3023 1216 3088 castris
1229 3023 1412 3087 minoribm

199 3113 286 3149 “¹⁶³¹-
357 3108 541 3186 habuerant,
557 3109 664 3196 copias
682 3109 747 3173 suis
767 3110 963 3209 adiungunt:
987 3121 1083 3196 atque
1098 3109 1144 3173 ita
1157 3109 1314 3173 instructa
1327 3109 1410 3186 acie,

357 3195 392 3259 in
406 3195 521 3260 dextro
535 3217 635 3260 cornu
649 3193 699 3283 (id
712 3206 780 3259 erat
796 3195 922 3259 flumini
942 3194 1088 3283 propius)
1103 3194 1266 3259 Romanos
1280 3195 1431 3281 equitest

356 3280 473 3360 locant,
487 3280 604 3346 deinde
624 3281 766 3368 pedites:
791 3279 917 3345 laevum
936 3303 1037 3346 cornu
1055 3281 1191 3345 extremi
1252 3279 1341 3344 trites
1359 3301 1413 3344 so-

357 3367 487 3444 ciorum,
500 3368 584 3432 intra
596 3367 730 3453 pedites,
742 3366 784 3430 ad
794 3365 936 3430 medium
947 3366 1048 3430 iuncti
1060 3365 1237 3453 legionibus
1283 3366 1413 3429 omanis

358 3465 547 3518 tenuerunt:
571 3452 757 3518 iaculatores
768 3473 842 3516 cum
856 3451 969 3518 ceteris
981 3451 1099 3517 levium
1109 3471 1268 3516 armorum
1279 3450 1413 3515 auxiliis
1478 3459 1479 3514 l

393 3669 403 3702 1
425 3653 589 3728 Umcspiqeet]
614 3651 674 3727 be.
692 3651 771 3728 Quasi
787 3652 865 3716 legiti-
897 3656 959 3700 rent.
1366 3711 1372 3724 .
1392 3711 1399 3724 ³

358 3731 427 3764 mum
449 3717 585 3766 domimum
605 3717 695 3766 Italiae
716 3717 762 3766 srbr
783 3716 866 3778 acqui·
931 3715 1134 3778 gsstmsltaorr'o
1151 3714 1258 3774 buddo]
1288 3711 1413 3762 Numen

358 3780 459 3828 sivisset.
491 3779 566 3828 Haud
579 3779 629 3827 scio
639 3796 670 3828 an
682 3780 729 3828 hoc
740 3781 813 3829 verbo
825 3779 865 3828 Li·
897 3779 1012 3827 nimirum
1029 3777 1196 3837 auxiliaribus,
1207 3777 1249 3838 qui
1263 3775 1411 3826 mbimrsn

359 3843 419 3916 vius¹
429 3841 527 3904 proprio
539 3841 715 3916 iurisconsultis¹
726 3859 798 3892 sensu
808 3857 866 3891 rasus
898 3855 1004 3905 pugnam
1016 3842 1120 3891 ciebant.
1363 3903 1369 3914 ι

359 3904 441 3962 strant,
451 3919 508 3966 quo,
519 3920 560 3967 qm
571 3919 623 3953 rem
635 3904 759 3954 alermum
770 3906 795 3953 in
806 3906 865 3955 Ital·
930 3921 946 3964 4
961 3907 1067 3956 Flssnso
1082 3905 1206 3963 made]
1230 3917 1264 3952 sc.
1276 3903 1309 3951 In
1321 3903 1411 3953 Onon·

360 3967 732 4095 tttttltlsstttt'·
730 3969 866 4081 titia·
898 3966 1412 4095 ‘rillild‘ltllfflmm

359 4094 721 4234 m'dalltzurolrllsdnllltdsdtopia
729 4175 801 4222 quom
811 4173 865 4208 cca·
899 4111 945 4207 lta?
950 4094 1412 4233 qmupgffijjsqgteqffi

264 4237 268 4248 '
359 4223 866 4346 eaqffipgffingqnffl
898 4222 1413 4336 &diritati—letalibus?

360 4301 486 4400 {leison
503 4320 580 4412 quani
597 4299 735 4412 oppdrtune
754 4347 866 4410 conflige·
899 4347 955 4396 tissa
966 4347 1057 4399 scribit.
