<?xml version="1.0" encoding="UTF-8"?>
<!DOCTYPE html PUBLIC "-//W3C//DTD XHTML 1.0 Transitional//EN"
    "http://www.w3.org/TR/xhtml1/DTD/xhtml1-transitional.dtd">
<html xmlns="http://www.w3.org/1999/xhtml" xml:lang="en" lang="en">
 <head>
  <title>
</title>
<meta http-equiv="Content-Type" content="text/html;charset=utf-8" />
  <meta name='ocr-system' content='tesseract 3.04.00' />
  <meta name='ocr-capabilities' content='ocr_page ocr_carea ocr_par ocr_line ocrx_word'/>
</head>
<body>
  <div class='ocr_page' id='page_1' title='image "./tliviipatavinih00kreygoog_0096.png"; bbox 0 0 2966 4778; ppageno 0'>
   <div class='ocr_carea' id='block_1_1' title="bbox 397 261 1153 332">
    <p class='ocr_par' dir='ltr' id='par_1_1' title="bbox 397 261 1153 332">
     <span class='ocr_line' id='line_1_1' title="bbox 397 261 1153 332; baseline 0.003 -3"><span class='ocrx_word' id='word_1_1' title='bbox 397 264 492 329; x_wconf 90' lang='lat' dir='ltr'><strong>LIB.</strong></span> <span class='ocrx_word' id='word_1_2' title='bbox 517 261 631 329; x_wconf 84' lang='lat' dir='ltr'>XXIL</span> <span class='ocrx_word' id='word_1_3' title='bbox 663 263 774 330; x_wconf 87' lang='lat' dir='ltr'><strong>CAP.</strong></span> <span class='ocrx_word' id='word_1_4' title='bbox 799 271 851 332; x_wconf 81' lang='lat'>24.</span> <span class='ocrx_word' id='word_1_5' title='bbox 1112 271 1153 331; x_wconf 82' lang='lat'>85</span> 
     </span>
    </p>
   </div>
   <div class='ocr_carea' id='block_1_2' title="bbox 66 393 1308 2656">
    <p class='ocr_par' dir='ltr' id='par_1_2' title="bbox 66 393 1308 2656">
     <span class='ocr_line' id='line_1_2' title="bbox 98 393 1308 498; baseline 0.006 -39"><span class='ocrx_word' id='word_1_6' title='bbox 98 395 226 460; x_wconf 75' lang='lat' dir='ltr'><strong>tertiam</strong></span> <span class='ocrx_word' id='word_1_7' title='bbox 240 410 364 498; x_wconf 83' lang='lat' dir='ltr'>partem</span> <span class='ocrx_word' id='word_1_8' title='bbox 378 397 515 465; x_wconf 91' lang='lat' dir='ltr'>militum</span> <span class='ocrx_word' id='word_1_9' title='bbox 535 398 774 478; x_wconf 82' lang='lat' dir='ltr'>frumentatum,</span> <span class='ocrx_word' id='word_1_10' title='bbox 790 399 913 466; x_wconf 89' lang='lat' dir='ltr'>duabus</span> <span class='ocrx_word' id='word_1_11' title='bbox 928 399 962 464; x_wconf 86' lang='lat' dir='ltr'>in</span> <span class='ocrx_word' id='word_1_12' title='bbox 977 393 1087 466; x_wconf 79' lang='lat' dir='ltr'>castris</span> <span class='ocrx_word' id='word_1_13' title='bbox 1101 422 1152 465; x_wconf 90' lang='lat' dir='ltr'>re·</span> <span class='ocrx_word' id='word_1_14' title='bbox 1162 414 1195 468; x_wconf 82' lang='lat' dir='ltr'>U.</span> <span class='ocrx_word' id='word_1_15' title='bbox 1207 416 1237 466; x_wconf 82' lang='lat' dir='ltr'>c.</span> <span class='ocrx_word' id='word_1_16' title='bbox 1254 429 1308 478; x_wconf 75' lang='lat'>535·</span> 
     </span>
     <span class='ocr_line' id='line_1_3' title="bbox 97 481 1308 573; baseline 0.007 -29"><span class='ocrx_word' id='word_1_17' title='bbox 97 481 205 559; x_wconf 86' lang='lat' dir='ltr'>tentis,</span> <span class='ocrx_word' id='word_1_18' title='bbox 222 481 360 548; x_wconf 80' lang='lat' dir='ltr'>dimisit:</span> <span class='ocrx_word' id='word_1_19' title='bbox 384 484 460 550; x_wconf 87' lang='lat' dir='ltr'>dein</span> <span class='ocrx_word' id='word_1_20' title='bbox 475 499 576 551; x_wconf 85' lang='lat' dir='ltr'>castra</span> <span class='ocrx_word' id='word_1_21' title='bbox 589 486 659 573; x_wconf 86' lang='lat' dir='ltr'>ipsa</span> <span class='ocrx_word' id='word_1_22' title='bbox 697 487 805 573; x_wconf 90' lang='lat' dir='ltr'>ropius</span> <span class='ocrx_word' id='word_1_23' title='bbox 819 485 943 552; x_wconf 79' lang='lat' dir='ltr'>hostem</span> <span class='ocrx_word' id='word_1_24' title='bbox 960 486 1068 564; x_wconf 88' lang='lat' dir='ltr'>movit,</span> <span class='ocrx_word' id='word_1_25' title='bbox 1084 481 1191 552; x_wconf 60' lang='lat' dir='ltr'>(lqu-</span> <span class='ocrx_word' id='word_1_26' title='bbox 1208 481 1238 531; x_wconf 80' lang='lat'>⁰·</span> <span class='ocrx_word' id='word_1_27' title='bbox 1254 493 1308 541; x_wconf 81' lang='lat'><strong>²¹⁷·</strong></span> 
     </span>
     <span class='ocr_line' id='line_1_4' title="bbox 96 509 1151 667; baseline 0.007 -35"><span class='ocrx_word' id='word_1_28' title='bbox 96 567 197 667; x_wconf 68' lang='lat' dir='ltr'>ferme</span> <span class='ocrx_word' id='word_1_29' title='bbox 213 591 233 633; x_wconf 89' lang='lat' dir='ltr'>a</span> <span class='ocrx_word' id='word_1_30' title='bbox 249 568 392 636; x_wconf 89' lang='lat' dir='ltr'>Gerouio</span> <span class='ocrx_word' id='word_1_31' title='bbox 408 571 516 649; x_wconf 91' lang='lat' dir='ltr'>millia,</span> <span class='ocrx_word' id='word_1_32' title='bbox 532 572 566 636; x_wconf 93' lang='lat' dir='ltr'>in</span> <span class='ocrx_word' id='word_1_33' title='bbox 590 509 748 637; x_wconf 81' lang='lat' dir='ltr'>tumulum</span> <span class='ocrx_word' id='word_1_34' title='bbox 768 573 852 638; x_wconf 88' lang='lat' dir='ltr'>hosti</span> <span class='ocrx_word' id='word_1_35' title='bbox 866 585 1090 660; x_wconf 83' lang='lat' dir='ltr'>conspectum3</span> <span class='ocrx_word' id='word_1_36' title='bbox 1114 588 1151 639; x_wconf 92' lang='lat' dir='ltr'>ut</span> 
     </span>
     <span class='ocr_line' id='line_1_5' title="bbox 96 657 1149 746; baseline 0.007 -28"><span class='ocrx_word' id='word_1_37' title='bbox 96 667 259 721; x_wconf 89' lang='lat' dir='ltr'>mtentum</span> <span class='ocrx_word' id='word_1_38' title='bbox 281 657 375 721; x_wconf 87' lang='lat' dir='ltr'>sciret</span> <span class='ocrx_word' id='word_1_39' title='bbox 396 680 464 722; x_wconf 85' lang='lat' dir='ltr'>esse</span> <span class='ocrx_word' id='word_1_40' title='bbox 493 658 534 723; x_wconf 89' lang='lat' dir='ltr'>ad</span> <span class='ocrx_word' id='word_1_41' title='bbox 562 658 814 738; x_wconf 78' lang='lat' dir='ltr'>frumentatores,</span> <span class='ocrx_word' id='word_1_42' title='bbox 837 660 864 724; x_wconf 91' lang='lat' dir='ltr'>si</span> <span class='ocrx_word' id='word_1_43' title='bbox 885 660 1018 746; x_wconf 84' lang='lat' dir='ltr'>quavis</span> <span class='ocrx_word' id='word_1_44' title='bbox 1046 660 1149 738; x_wconf 81' lang='lat' dir='ltr'>tieret,</span> 
     </span>
     <span class='ocr_line' id='line_1_6' title="bbox 96 741 1150 832; baseline 0.006 -27"><span class='ocrx_word' id='word_1_45' title='bbox 96 741 258 808; x_wconf 87' lang='lat' dir='ltr'>tutandos.</span> <span class='ocrx_word' id='word_1_46' title='bbox 304 743 440 831; x_wconf 87' lang='lat' dir='ltr'><strong>Propior</strong></span> <span class='ocrx_word' id='word_1_47' title='bbox 461 743 537 810; x_wconf 88' lang='lat' dir='ltr'>inde</span> <span class='ocrx_word' id='word_1_48' title='bbox 559 745 600 822; x_wconf 87' lang='lat' dir='ltr'>ei,</span> <span class='ocrx_word' id='word_1_49' title='bbox 621 758 717 832; x_wconf 91' lang='lat' dir='ltr'>atque</span> <span class='ocrx_word' id='word_1_50' title='bbox 740 746 750 809; x_wconf 96' lang='lat' dir='ltr'>i</span> <span class='ocrx_word' id='word_1_51' title='bbox 789 745 815 809; x_wconf 87' lang='lat' dir='ltr'>is</span> <span class='ocrx_word' id='word_1_52' title='bbox 836 745 1007 810; x_wconf 85' lang='lat' dir='ltr'>imminens</span> <span class='ocrx_word' id='word_1_53' title='bbox 1030 745 1150 811; x_wconf 87' lang='lat' dir='ltr'>Roma·</span> 
     </span>
     <span class='ocr_line' id='line_1_7' title="bbox 96 769 1149 980; baseline 0.005 -89"><span class='ocrx_word' id='word_1_54' title='bbox 96 850 212 892; x_wconf 83' lang='lat' dir='ltr'>nomm</span> <span class='ocrx_word' id='word_1_55' title='bbox 236 829 344 894; x_wconf 86' lang='lat' dir='ltr'>eastris</span> <span class='ocrx_word' id='word_1_56' title='bbox 366 829 508 895; x_wconf 89' lang='lat' dir='ltr'>tumulus</span> <span class='ocrx_word' id='word_1_57' title='bbox 529 854 571 918; x_wconf 91' lang='lat' dir='ltr'>ap</span> <span class='ocrx_word' id='word_1_58' title='bbox 651 831 691 896; x_wconf 71' lang='grc' dir='ltr'>ἰε</span> <span class='ocrx_word' id='word_1_59' title='bbox 727 769 887 980; x_wconf 56' lang='lat' dir='ltr'>aclsqpem</span> <span class='ocrx_word' id='word_1_60' title='bbox 909 832 1099 919; x_wconf 88' lang='lat' dir='ltr'>capiendum</span> <span class='ocrx_word' id='word_1_61' title='bbox 1122 833 1149 897; x_wconf 93' lang='lat' dir='ltr'>si</span> 
     </span>
     <span class='ocr_line' id='line_1_8' title="bbox 96 913 1150 1004; baseline 0.006 -27"><span class='ocrx_word' id='word_1_62' title='bbox 96 913 170 979; x_wconf 90' lang='lat' dir='ltr'>luce</span> <span class='ocrx_word' id='word_1_63' title='bbox 196 914 301 1002; x_wconf 88' lang='lat' dir='ltr'>palam</span> <span class='ocrx_word' id='word_1_64' title='bbox 326 917 436 993; x_wconf 90' lang='lat' dir='ltr'>iretur,</span> <span class='ocrx_word' id='word_1_65' title='bbox 463 916 540 1004; x_wconf 90' lang='lat' dir='ltr'>quia</span> <span class='ocrx_word' id='word_1_66' title='bbox 606 917 651 981; x_wconf 93' lang='lat' dir='ltr'>ud</span> <span class='ocrx_word' id='word_1_67' title='bbox 679 917 776 982; x_wconf 87' lang='lat' dir='ltr'>dubie</span> <span class='ocrx_word' id='word_1_68' title='bbox 826 917 902 982; x_wconf 87' lang='lat' dir='ltr'>ostis</span> <span class='ocrx_word' id='word_1_69' title='bbox 930 918 1072 1004; x_wconf 81' lang='lat' dir='ltr'>breyiore</span> <span class='ocrx_word' id='word_1_70' title='bbox 1098 920 1150 983; x_wconf 89' lang='lat' dir='ltr'>via</span> 
     </span>
     <span class='ocr_line' id='line_1_9' title="bbox 70 1003 1146 1091; baseline 0.005 -26"><span class='ocrx_word' id='word_1_71' title='bbox 70 1015 328 1086; x_wconf 74' lang='lat' dir='ltr'>spraeventurus</span> <span class='ocrx_word' id='word_1_72' title='bbox 351 1018 428 1080; x_wconf 88' lang='lat' dir='ltr'>erat,</span> <span class='ocrx_word' id='word_1_73' title='bbox 452 1017 547 1068; x_wconf 89' lang='lat' dir='ltr'>nocte</span> <span class='ocrx_word' id='word_1_74' title='bbox 577 1003 659 1067; x_wconf 89' lang='lat' dir='ltr'>clam</span> <span class='ocrx_word' id='word_1_75' title='bbox 682 1004 767 1068; x_wconf 88' lang='lat' dir='ltr'>missi</span> <span class='ocrx_word' id='word_1_76' title='bbox 795 1003 957 1069; x_wconf 84' lang='lat' dir='ltr'>Numidae</span> <span class='ocrx_word' id='word_1_77' title='bbox 983 1017 1146 1091; x_wconf 84' lang='lat' dir='ltr'>ceperunt</span> 
     </span>
     <span class='ocr_line' id='line_1_10' title="bbox 99 1087 1149 1178; baseline 0.004 -26"><span class='ocrx_word' id='word_1_78' title='bbox 99 1087 193 1162; x_wconf 88' lang='lat' dir='ltr'>Quos</span> <span class='ocrx_word' id='word_1_79' title='bbox 204 1100 349 1153; x_wconf 88' lang='lat' dir='ltr'>tenentes</span> <span class='ocrx_word' id='word_1_80' title='bbox 363 1088 478 1167; x_wconf 91' lang='lat' dir='ltr'>locum,</span> <span class='ocrx_word' id='word_1_81' title='bbox 491 1102 676 1177; x_wconf 85' lang='lat' dir='ltr'>contempta</span> <span class='ocrx_word' id='word_1_82' title='bbox 685 1089 857 1177; x_wconf 84' lang='lat' dir='ltr'><strong>paucitate,</strong></span> <span class='ocrx_word' id='word_1_83' title='bbox 871 1089 1010 1154; x_wconf 86' lang='lat' dir='ltr'>Romani</span> <span class='ocrx_word' id='word_1_84' title='bbox 1021 1105 1149 1178; x_wconf 87' lang='lat' dir='ltr'>postero</span> 
     </span>
     <span class='ocr_line' id='line_1_11' title="bbox 96 1173 1149 1278; baseline 0.004 -40"><span class='ocrx_word' id='word_1_85' title='bbox 96 1173 151 1238; x_wconf 91' lang='lat' dir='ltr'>die</span> <span class='ocrx_word' id='word_1_86' title='bbox 167 1197 267 1263; x_wconf 72' lang='lat' dir='ltr'>qutun</span> <span class='ocrx_word' id='word_1_87' title='bbox 282 1174 480 1254; x_wconf 82' lang='lat' dir='ltr'>deiecissent,</span> <span class='ocrx_word' id='word_1_88' title='bbox 496 1177 556 1278; x_wconf 91' lang='lat' dir='ltr'>ipsi</span> <span class='ocrx_word' id='word_1_89' title='bbox 572 1199 611 1241; x_wconf 95' lang='lat' dir='ltr'>eo</span> <span class='ocrx_word' id='word_1_90' title='bbox 626 1177 819 1242; x_wconf 85' lang='lat' dir='ltr'>transierunt</span> <span class='ocrx_word' id='word_1_91' title='bbox 833 1189 940 1242; x_wconf 86' lang='lat' dir='ltr'>castra</span> <span class='ocrx_word' id='word_1_92' title='bbox 988 1176 1074 1242; x_wconf 91' lang='lat' dir='ltr'>Tum</span> <span class='ocrx_word' id='word_1_93' title='bbox 1089 1178 1149 1242; x_wconf 92' lang='lat' dir='ltr'>ita·</span> 
     </span>
     <span class='ocr_line' id='line_1_12' title="bbox 96 1262 1147 1351; baseline 0.002 -25"><span class='ocrx_word' id='word_1_94' title='bbox 96 1284 172 1348; x_wconf 87' lang='lat' dir='ltr'>que,</span> <span class='ocrx_word' id='word_1_95' title='bbox 189 1275 226 1326; x_wconf 90' lang='lat' dir='ltr'>ut</span> <span class='ocrx_word' id='word_1_96' title='bbox 246 1262 399 1349; x_wconf 88' lang='lat' dir='ltr'>exiguum</span> <span class='ocrx_word' id='word_1_97' title='bbox 422 1263 516 1350; x_wconf 79' lang='lat' dir='ltr'>spatii</span> <span class='ocrx_word' id='word_1_98' title='bbox 530 1262 648 1328; x_wconf 89' lang='lat' dir='ltr'>vallum</span> <span class='ocrx_word' id='word_1_99' title='bbox 670 1286 690 1327; x_wconf 92' lang='lat' dir='ltr'>a</span> <span class='ocrx_word' id='word_1_100' title='bbox 704 1263 786 1328; x_wconf 89' lang='lat' dir='ltr'>vallo</span> <span class='ocrx_word' id='word_1_101' title='bbox 806 1263 923 1340; x_wconf 87' lang='lat' dir='ltr'>aberat,</span> <span class='ocrx_word' id='word_1_102' title='bbox 939 1278 973 1329; x_wconf 88' lang='lat' dir='ltr'>et</span> <span class='ocrx_word' id='word_1_103' title='bbox 987 1263 1022 1327; x_wconf 91' lang='lat' dir='ltr'>id</span> <span class='ocrx_word' id='word_1_104' title='bbox 1043 1264 1147 1351; x_wconf 86' lang='lat' dir='ltr'>ipsum</span> 
     </span>
     <span class='ocr_line' id='line_1_13' title="bbox 68 1348 1149 1500; baseline -0.003 -82"><span class='ocrx_word' id='word_1_105' title='bbox 68 1360 202 1418; x_wconf 71' lang='lat' dir='ltr'>ttotum</span> <span class='ocrx_word' id='word_1_106' title='bbox 216 1371 315 1435; x_wconf 85' lang='lat' dir='ltr'>prope</span> <span class='ocrx_word' id='word_1_107' title='bbox 327 1348 540 1500; x_wconf 59' lang='lat' dir='ltr'>comffivemt</span> <span class='ocrx_word' id='word_1_108' title='bbox 555 1349 702 1414; x_wconf 89' lang='lat' dir='ltr'>Romana</span> <span class='ocrx_word' id='word_1_109' title='bbox 715 1350 808 1427; x_wconf 89' lang='lat' dir='ltr'>acies,</span> <span class='ocrx_word' id='word_1_110' title='bbox 818 1348 912 1414; x_wconf 85' lang='lat' dir='ltr'>simul</span> <span class='ocrx_word' id='word_1_111' title='bbox 927 1362 960 1414; x_wconf 93' lang='lat' dir='ltr'>et</span> <span class='ocrx_word' id='word_1_112' title='bbox 974 1372 1149 1438; x_wconf 77' lang='lat' dir='ltr'>peraversa</span> 
     </span>
     <span class='ocr_line' id='line_1_14' title="bbox 96 1434 1149 1522; baseline 0.002 -23"><span class='ocrx_word' id='word_1_113' title='bbox 96 1449 199 1499; x_wconf 85' lang='lat' dir='ltr'>castra</span> <span class='ocrx_word' id='word_1_114' title='bbox 221 1457 241 1499; x_wconf 91' lang='lat' dir='ltr'>a</span> <span class='ocrx_word' id='word_1_115' title='bbox 263 1436 371 1500; x_wconf 87' lang='lat' dir='ltr'>castris</span> <span class='ocrx_word' id='word_1_116' title='bbox 450 1434 586 1501; x_wconf 87' lang='lat' dir='ltr'>nnibalis</span> <span class='ocrx_word' id='word_1_117' title='bbox 609 1435 777 1522; x_wconf 80' lang='lat' dir='ltr'>equitatus,</span> <span class='ocrx_word' id='word_1_118' title='bbox 804 1459 878 1500; x_wconf 92' lang='lat' dir='ltr'>cum</span> <span class='ocrx_word' id='word_1_119' title='bbox 904 1435 966 1500; x_wconf 86' lang='lat' dir='ltr'>levi</span> <span class='ocrx_word' id='word_1_120' title='bbox 992 1449 1149 1501; x_wconf 88' lang='lat' dir='ltr'>armatura</span> 
     </span>
     <span class='ocr_line' id='line_1_15' title="bbox 95 1521 1147 1610; baseline 0 -24"><span class='ocrx_word' id='word_1_121' title='bbox 95 1522 230 1586; x_wconf 85' lang='lat' dir='ltr'>emissus</span> <span class='ocrx_word' id='word_1_122' title='bbox 251 1521 286 1586; x_wconf 92' lang='lat' dir='ltr'>in</span> <span class='ocrx_word' id='word_1_123' title='bbox 308 1521 559 1599; x_wconf 80' lang='lat' dir='ltr'>frumentatores,</span> <span class='ocrx_word' id='word_1_124' title='bbox 582 1521 644 1586; x_wconf 90' lang='lat' dir='ltr'>late</span> <span class='ocrx_word' id='word_1_125' title='bbox 663 1521 834 1586; x_wconf 89' lang='lat' dir='ltr'>caedemf</span> <span class='ocrx_word' id='word_1_126' title='bbox 891 1545 987 1610; x_wconf 90' lang='lat' dir='ltr'>mque</span> <span class='ocrx_word' id='word_1_127' title='bbox 1009 1521 1147 1586; x_wconf 86' lang='lat' dir='ltr'>hostium</span> 
     </span>
     <span class='ocr_line' id='line_1_16' title="bbox 94 1545 1148 1695; baseline 0.002 -23"><span class='ocrx_word' id='word_1_128' title='bbox 94 1607 274 1694; x_wconf 83' lang='lat' dir='ltr'>palatorum</span> <span class='ocrx_word' id='word_1_129' title='bbox 293 1608 376 1673; x_wconf 83' lang='lat' dir='ltr'>fecit.</span> <span class='ocrx_word' id='word_1_130' title='bbox 423 1608 496 1673; x_wconf 90' lang='lat' dir='ltr'>Nec</span> <span class='ocrx_word' id='word_1_131' title='bbox 517 1609 584 1672; x_wconf 87' lang='lat' dir='ltr'>acie</span> <span class='ocrx_word' id='word_1_132' title='bbox 606 1621 726 1673; x_wconf 90' lang='lat' dir='ltr'>certare</span> <span class='ocrx_word' id='word_1_133' title='bbox 751 1545 914 1674; x_wconf 65' lang='lat' dir='ltr'>Haunuillal</span> <span class='ocrx_word' id='word_1_134' title='bbox 936 1631 1047 1686; x_wconf 64' lang='lat' dir='ltr'>ausum</span> <span class='ocrx_word' id='word_1_135' title='bbox 1072 1609 1148 1695; x_wconf 89' lang='lat' dir='ltr'>quia</span> 
     </span>
     <span class='ocr_line' id='line_1_17' title="bbox 95 1694 1144 1782; baseline 0.002 -24"><span class='ocrx_word' id='word_1_136' title='bbox 95 1709 187 1758; x_wconf 84' lang='lat' dir='ltr'>tauta</span> <span class='ocrx_word' id='word_1_137' title='bbox 200 1695 358 1780; x_wconf 75' lang='lat' dir='ltr'>paucitate</span> <span class='ocrx_word' id='word_1_138' title='bbox 373 1694 428 1758; x_wconf 81' lang='lat' dir='ltr'>vix</span> <span class='ocrx_word' id='word_1_139' title='bbox 443 1707 553 1773; x_wconf 89' lang='lat' dir='ltr'>castra,</span> <span class='ocrx_word' id='word_1_140' title='bbox 569 1695 596 1758; x_wconf 91' lang='lat' dir='ltr'>si</span> <span class='ocrx_word' id='word_1_141' title='bbox 615 1708 884 1781; x_wconf 86' lang='lat' dir='ltr'>oppugnarentur,</span> <span class='ocrx_word' id='word_1_142' title='bbox 901 1695 997 1760; x_wconf 88' lang='lat' dir='ltr'>tutari</span> <span class='ocrx_word' id='word_1_143' title='bbox 1011 1707 1144 1782; x_wconf 79' lang='lat' dir='ltr'>poterat.</span> 
     </span>
     <span class='ocr_line' id='line_1_18' title="bbox 68 1779 1148 1868; baseline 0.004 -25"><span class='ocrx_word' id='word_1_144' title='bbox 68 1779 166 1845; x_wconf 83' lang='lat' dir='ltr'>51am</span> <span class='ocrx_word' id='word_1_145' title='bbox 190 1804 232 1844; x_wconf 92' lang='lat' dir='ltr'>ue</span> <span class='ocrx_word' id='word_1_146' title='bbox 247 1781 366 1846; x_wconf 87' lang='lat' dir='ltr'>artibus</span> <span class='ocrx_word' id='word_1_147' title='bbox 380 1779 481 1858; x_wconf 84' lang='lat' dir='ltr'><strong>Fabii,</strong></span> <span class='ocrx_word' id='word_1_148' title='bbox 497 1781 584 1867; x_wconf 89' lang='lat' dir='ltr'>(pars</span> <span class='ocrx_word' id='word_1_149' title='bbox 599 1781 758 1846; x_wconf 86' lang='lat' dir='ltr'>exercitus</span> <span class='ocrx_word' id='word_1_150' title='bbox 771 1781 895 1868; x_wconf 89' lang='lat' dir='ltr'>aberat)</span> <span class='ocrx_word' id='word_1_151' title='bbox 906 1781 969 1846; x_wconf 89' lang='lat' dir='ltr'>iam</span> <span class='ocrx_word' id='word_1_152' title='bbox 984 1781 1084 1847; x_wconf 82' lang='lat' dir='ltr'>ferme</span> <span class='ocrx_word' id='word_1_153' title='bbox 1098 1805 1148 1847; x_wconf 88' lang='lat' dir='ltr'>se-</span> 
     </span>
     <span class='ocr_line' id='line_1_19' title="bbox 95 1805 1147 1955; baseline 0.001 -24"><span class='ocrx_word' id='word_1_154' title='bbox 95 1805 206 1932; x_wconf 74' lang='lat' dir='ltr'>dentib</span> <span class='ocrx_word' id='word_1_155' title='bbox 227 1879 261 1931; x_wconf 90' lang='lat' dir='ltr'>et</span> <span class='ocrx_word' id='word_1_156' title='bbox 282 1866 463 1931; x_wconf 85' lang='lat' dir='ltr'>cunctando</span> <span class='ocrx_word' id='word_1_157' title='bbox 483 1864 602 1931; x_wconf 86' lang='lat' dir='ltr'>bellum</span> <span class='ocrx_word' id='word_1_158' title='bbox 619 1868 759 1953; x_wconf 80' lang='lat' dir='ltr'>gerebat,</span> <span class='ocrx_word' id='word_1_159' title='bbox 774 1880 1000 1955; x_wconf 87' lang='lat' dir='ltr'>receperatque</span> <span class='ocrx_word' id='word_1_160' title='bbox 1022 1891 1095 1933; x_wconf 85' lang='lat' dir='ltr'>suos</span> <span class='ocrx_word' id='word_1_161' title='bbox 1112 1868 1147 1932; x_wconf 92' lang='lat' dir='ltr'>in</span> 
     </span>
     <span class='ocr_line' id='line_1_20' title="bbox 94 1952 1148 2041; baseline 0.002 -25"><span class='ocrx_word' id='word_1_162' title='bbox 94 1953 203 2041; x_wconf 90' lang='lat' dir='ltr'>priora</span> <span class='ocrx_word' id='word_1_163' title='bbox 228 1965 337 2030; x_wconf 82' lang='lat' dir='ltr'>castra,</span> <span class='ocrx_word' id='word_1_164' title='bbox 359 1975 442 2040; x_wconf 88' lang='lat' dir='ltr'>quae</span> <span class='ocrx_word' id='word_1_165' title='bbox 464 1975 522 2040; x_wconf 90' lang='lat' dir='ltr'>pro</span> <span class='ocrx_word' id='word_1_166' title='bbox 546 1952 682 2018; x_wconf 90' lang='lat' dir='ltr'>Geronii</span> <span class='ocrx_word' id='word_1_167' title='bbox 704 1953 870 2018; x_wconf 89' lang='lat' dir='ltr'>moenibus</span> <span class='ocrx_word' id='word_1_168' title='bbox 898 1967 998 2018; x_wconf 76' lang='lat' dir='ltr'>erant.</span> <span class='ocrx_word' id='word_1_169' title='bbox 1059 1953 1148 2019; x_wconf 92' lang='lat' dir='ltr'>Iusta</span> 
     </span>
     <span class='ocr_line' id='line_1_21' title="bbox 95 2038 1147 2126; baseline 0.002 -23"><span class='ocrx_word' id='word_1_170' title='bbox 95 2045 226 2126; x_wconf 90' lang='lat' dir='ltr'>quoque</span> <span class='ocrx_word' id='word_1_171' title='bbox 242 2039 310 2104; x_wconf 87' lang='lat' dir='ltr'>acie</span> <span class='ocrx_word' id='word_1_172' title='bbox 330 2052 364 2104; x_wconf 88' lang='lat' dir='ltr'>et</span> <span class='ocrx_word' id='word_1_173' title='bbox 380 2039 503 2104; x_wconf 88' lang='lat' dir='ltr'>collatis</span> <span class='ocrx_word' id='word_1_174' title='bbox 524 2039 550 2103; x_wconf 88' lang='lat' dir='ltr'>ai</span> <span class='ocrx_word' id='word_1_175' title='bbox 596 2039 622 2102; x_wconf 90' lang='lat' dir='ltr'>is</span> <span class='ocrx_word' id='word_1_176' title='bbox 644 2039 840 2115; x_wconf 89' lang='lat' dir='ltr'>dimicatum,</span> <span class='ocrx_word' id='word_1_177' title='bbox 879 2038 987 2104; x_wconf 89' lang='lat' dir='ltr'>uidam</span> <span class='ocrx_word' id='word_1_178' title='bbox 1002 2053 1147 2105; x_wconf 83' lang='lat' dir='ltr'>auctores</span> 
     </span>
     <span class='ocr_line' id='line_1_22' title="bbox 94 2062 1146 2211; baseline -0.001 -20"><span class='ocrx_word' id='word_1_179' title='bbox 94 2139 179 2191; x_wconf 89' lang='lat' dir='ltr'>suut.</span> <span class='ocrx_word' id='word_1_180' title='bbox 226 2125 335 2190; x_wconf 92' lang='lat' dir='ltr'>Primo</span> <span class='ocrx_word' id='word_1_181' title='bbox 360 2147 516 2190; x_wconf 87' lang='lat' dir='ltr'>concursu</span> <span class='ocrx_word' id='word_1_182' title='bbox 542 2062 688 2189; x_wconf 54' lang='lat' dir='ltr'>ffieuum</span> <span class='ocrx_word' id='word_1_183' title='bbox 714 2147 815 2211; x_wconf 89' lang='lat' dir='ltr'>usque</span> <span class='ocrx_word' id='word_1_184' title='bbox 841 2062 883 2189; x_wconf 60' lang='lat' dir='ltr'>al</span> <span class='ocrx_word' id='word_1_185' title='bbox 908 2139 1009 2190; x_wconf 88' lang='lat' dir='ltr'>castra</span> <span class='ocrx_word' id='word_1_186' title='bbox 1030 2126 1146 2204; x_wconf 79' lang='lat' dir='ltr'>lissum,</span> 
     </span>
     <span class='ocr_line' id='line_1_23' title="bbox 94 2211 1144 2311; baseline 0.001 -35"><span class='ocrx_word' id='word_1_187' title='bbox 94 2211 173 2276; x_wconf 89' lang='lat' dir='ltr'>inde</span> <span class='ocrx_word' id='word_1_188' title='bbox 188 2211 355 2299; x_wconf 86' lang='lat' dir='ltr'>eruptione</span> <span class='ocrx_word' id='word_1_189' title='bbox 366 2211 450 2276; x_wconf 84' lang='lat' dir='ltr'>facta</span> <span class='ocrx_word' id='word_1_190' title='bbox 463 2224 595 2311; x_wconf 89' lang='lat' dir='ltr'>repente</span> <span class='ocrx_word' id='word_1_191' title='bbox 610 2233 735 2274; x_wconf 88' lang='lat' dir='ltr'>versum</span> <span class='ocrx_word' id='word_1_192' title='bbox 752 2223 902 2276; x_wconf 87' lang='lat' dir='ltr'>terrorem</span> <span class='ocrx_word' id='word_1_193' title='bbox 917 2212 952 2274; x_wconf 92' lang='lat' dir='ltr'>in</span> <span class='ocrx_word' id='word_1_194' title='bbox 968 2211 1144 2277; x_wconf 85' lang='lat' dir='ltr'>Romanos:</span> 
     </span>
     <span class='ocr_line' id='line_1_24' title="bbox 95 2296 1143 2384; baseline 0 -22"><span class='ocrx_word' id='word_1_195' title='bbox 95 2297 197 2363; x_wconf 87' lang='lat' dir='ltr'>Num.</span> <span class='ocrx_word' id='word_1_196' title='bbox 214 2297 355 2362; x_wconf 88' lang='lat' dir='ltr'>Decimii</span> <span class='ocrx_word' id='word_1_197' title='bbox 374 2297 525 2363; x_wconf 79' lang='lat' dir='ltr'>Samnitis</span> <span class='ocrx_word' id='word_1_198' title='bbox 544 2296 662 2361; x_wconf 83' lang='lat' dir='ltr'>deinde</span> <span class='ocrx_word' id='word_1_199' title='bbox 681 2296 864 2361; x_wconf 85' lang='lat' dir='ltr'>interventu</span> <span class='ocrx_word' id='word_1_200' title='bbox 884 2297 1040 2384; x_wconf 90' lang='lat' dir='ltr'>proelium</span> <span class='ocrx_word' id='word_1_201' title='bbox 1055 2299 1143 2362; x_wconf 89' lang='lat' dir='ltr'>resti-</span> 
     </span>
     <span class='ocr_line' id='line_1_25' title="bbox 95 2381 1145 2471; baseline -0.001 -21"><span class='ocrx_word' id='word_1_202' title='bbox 95 2397 211 2450; x_wconf 90' lang='lat' dir='ltr'>tutum.</span> <span class='ocrx_word' id='word_1_203' title='bbox 258 2383 367 2462; x_wconf 91' lang='lat' dir='ltr'>Hunc,</span> <span class='ocrx_word' id='word_1_204' title='bbox 383 2383 560 2471; x_wconf 88' lang='lat' dir='ltr'>principem</span> <span class='ocrx_word' id='word_1_205' title='bbox 582 2405 699 2470; x_wconf 84' lang='lat' dir='ltr'>genere</span> <span class='ocrx_word' id='word_1_206' title='bbox 721 2405 758 2447; x_wconf 89' lang='lat' dir='ltr'>ac</span> <span class='ocrx_word' id='word_1_207' title='bbox 781 2381 900 2448; x_wconf 84' lang='lat' dir='ltr'>divitiis</span> <span class='ocrx_word' id='word_1_208' title='bbox 921 2407 986 2448; x_wconf 91' lang='lat' dir='ltr'>non</span> <span class='ocrx_word' id='word_1_209' title='bbox 1010 2384 1145 2449; x_wconf 87' lang='lat' dir='ltr'>Boviani</span> 
     </span>
     <span class='ocr_line' id='line_1_26' title="bbox 66 2467 1145 2548; baseline 0.008 -20"><span class='ocrx_word' id='word_1_210' title='bbox 66 2471 202 2548; x_wconf 87' lang='lat' dir='ltr'>6modo,</span> <span class='ocrx_word' id='word_1_211' title='bbox 225 2469 311 2534; x_wconf 89' lang='lat' dir='ltr'>unde</span> <span class='ocrx_word' id='word_1_212' title='bbox 334 2482 411 2548; x_wconf 88' lang='lat' dir='ltr'>erat,</span> <span class='ocrx_word' id='word_1_213' title='bbox 433 2469 490 2534; x_wconf 87' lang='lat' dir='ltr'>sed</span> <span class='ocrx_word' id='word_1_214' title='bbox 520 2481 587 2535; x_wconf 90' lang='lat' dir='ltr'>toto</span> <span class='ocrx_word' id='word_1_215' title='bbox 611 2467 749 2546; x_wconf 86' lang='lat' dir='ltr'>Samnio,</span> <span class='ocrx_word' id='word_1_216' title='bbox 773 2469 859 2534; x_wconf 86' lang='lat' dir='ltr'>iussu</span> <span class='ocrx_word' id='word_1_217' title='bbox 888 2469 1051 2536; x_wconf 87' lang='lat' dir='ltr'>dictatoris</span> <span class='ocrx_word' id='word_1_218' title='bbox 1072 2484 1145 2537; x_wconf 89' lang='lat' dir='ltr'>octo</span> 
     </span>
     <span class='ocr_line' id='line_1_27' title="bbox 93 2555 1143 2656; baseline 0.002 -36"><span class='ocrx_word' id='word_1_219' title='bbox 93 2556 197 2622; x_wconf 91' lang='lat' dir='ltr'>millia</span> <span class='ocrx_word' id='word_1_220' title='bbox 210 2557 365 2644; x_wconf 88' lang='lat' dir='ltr'>peditum,</span> <span class='ocrx_word' id='word_1_221' title='bbox 381 2569 415 2621; x_wconf 89' lang='lat' dir='ltr'>et</span> <span class='ocrx_word' id='word_1_222' title='bbox 434 2555 558 2656; x_wconf 78' lang='lat' dir='ltr'>equites</span> <span class='ocrx_word' id='word_1_223' title='bbox 602 2555 770 2656; x_wconf 81' lang='lat' dir='ltr'>uingentos</span> <span class='ocrx_word' id='word_1_224' title='bbox 792 2556 963 2622; x_wconf 84' lang='lat' dir='ltr'>ducentem</span> <span class='ocrx_word' id='word_1_225' title='bbox 985 2557 1019 2621; x_wconf 92' lang='lat' dir='ltr'>in</span> <span class='ocrx_word' id='word_1_226' title='bbox 1033 2571 1143 2636; x_wconf 87' lang='lat' dir='ltr'>castra,</span> 
     </span>
    </p>
   </div>
   <div class='ocr_carea' id='block_1_3' title="bbox 93 2641 1144 2732">
    <p class='ocr_par' dir='ltr' id='par_1_3' title="bbox 93 2641 1144 2732">
     <span class='ocr_line' id='line_1_28' title="bbox 93 2641 1144 2732; baseline 0.002 -24"><span class='ocrx_word' id='word_1_227' title='bbox 93 2644 134 2708; x_wconf 86' lang='lat' dir='ltr'>ab</span> <span class='ocrx_word' id='word_1_228' title='bbox 151 2658 240 2731; x_wconf 81' lang='lat' dir='ltr'>tergo</span> <span class='ocrx_word' id='word_1_229' title='bbox 251 2665 352 2730; x_wconf 92' lang='lat' dir='ltr'>quum</span> <span class='ocrx_word' id='word_1_230' title='bbox 363 2654 559 2730; x_wconf 77' lang='lat' dir='ltr'>apparuisset</span> <span class='ocrx_word' id='word_1_231' title='bbox 609 2641 759 2720; x_wconf 89' lang='lat' dir='ltr'>annibah,</span> <span class='ocrx_word' id='word_1_232' title='bbox 770 2643 908 2730; x_wconf 86' lang='lat' dir='ltr'>speciem</span> <span class='ocrx_word' id='word_1_233' title='bbox 920 2643 1002 2732; x_wconf 88' lang='lat' dir='ltr'>parti</span> <span class='ocrx_word' id='word_1_234' title='bbox 1018 2645 1144 2732; x_wconf 86' lang='lat' dir='ltr'>utrique</span> 
     </span>
    </p>
   </div>
   <div class='ocr_carea' id='block_1_4' title="bbox 91 2795 1145 4454">
    <p class='ocr_par' dir='ltr' id='par_1_4' title="bbox 92 2795 1145 3304">
     <span class='ocr_line' id='line_1_29' title="bbox 92 2795 1145 2862; baseline 0 -16"><span class='ocrx_word' id='word_1_235' title='bbox 92 2798 161 2862; x_wconf 78' lang='lat' dir='ltr'>gotio</span> <span class='ocrx_word' id='word_1_236' title='bbox 172 2813 262 2860; x_wconf 81' lang='lat' dir='ltr'>operae</span> <span class='ocrx_word' id='word_1_237' title='bbox 278 2795 384 2860; x_wconf 76' lang='lat' dir='ltr'>pretium</span> <span class='ocrx_word' id='word_1_238' title='bbox 401 2801 438 2845; x_wconf 84' lang='lat' dir='ltr'>est</span> <span class='ocrx_word' id='word_1_239' title='bbox 453 2795 603 2846; x_wconf 88' lang='lat' dir='ltr'>accuratissi-</span> <span class='ocrx_word' id='word_1_240' title='bbox 637 2797 738 2846; x_wconf 83' lang='lat' dir='ltr'>l’oetero</span> <span class='ocrx_word' id='word_1_241' title='bbox 746 2797 922 2846; x_wconf 83' lang='lat' dir='ltr'>dieHsnnibal</span> <span class='ocrx_word' id='word_1_242' title='bbox 932 2796 957 2845; x_wconf 91' lang='lat' dir='ltr'>in</span> <span class='ocrx_word' id='word_1_243' title='bbox 969 2797 1145 2860; x_wconf 84' lang='lat' dir='ltr'>prioraoastra,</span> 
     </span>
     <span class='ocr_line' id='line_1_30' title="bbox 93 2859 1143 2924; baseline 0 -14"><span class='ocrx_word' id='word_1_244' title='bbox 93 2877 164 2911; x_wconf 87' lang='lat' dir='ltr'>mum</span> <span class='ocrx_word' id='word_1_245' title='bbox 180 2861 250 2910; x_wconf 87' lang='lat' dir='ltr'>illum</span> <span class='ocrx_word' id='word_1_246' title='bbox 261 2861 403 2924; x_wconf 82' lang='lat' dir='ltr'>scriptorem</span> <span class='ocrx_word' id='word_1_247' title='bbox 415 2861 551 2920; x_wconf 83' lang='lat' dir='ltr'>consulere,</span> <span class='ocrx_word' id='word_1_248' title='bbox 562 2859 604 2922; x_wconf 89' lang='lat' dir='ltr'>qui</span> <span class='ocrx_word' id='word_1_249' title='bbox 636 2875 699 2922; x_wconf 90' lang='lat' dir='ltr'>quae</span> <span class='ocrx_word' id='word_1_250' title='bbox 710 2876 754 2923; x_wconf 91' lang='lat' dir='ltr'>pro</span> <span class='ocrx_word' id='word_1_251' title='bbox 766 2860 867 2909; x_wconf 78' lang='lat' dir='ltr'>(lemnii</span> <span class='ocrx_word' id='word_1_252' title='bbox 880 2861 1008 2911; x_wconf 86' lang='lat' dir='ltr'>moenibus</span> <span class='ocrx_word' id='word_1_253' title='bbox 1018 2867 1097 2920; x_wconf 83' lang='lat' dir='ltr'>erant,</span> <span class='ocrx_word' id='word_1_254' title='bbox 1107 2877 1143 2910; x_wconf 87' lang='lat' dir='ltr'>re-</span> 
     </span>
     <span class='ocr_line' id='line_1_31' title="bbox 92 2924 1143 2988; baseline -0.003 -12"><span class='ocrx_word' id='word_1_255' title='bbox 92 2941 147 2976; x_wconf 83' lang='lat' dir='ltr'>rem</span> <span class='ocrx_word' id='word_1_256' title='bbox 160 2925 298 2974; x_wconf 66' lang='lat' dir='ltr'>disfinctim</span> <span class='ocrx_word' id='word_1_257' title='bbox 314 2931 339 2974; x_wconf 83' lang='lat' dir='ltr'>et</span> <span class='ocrx_word' id='word_1_258' title='bbox 356 2924 464 2986; x_wconf 83' lang='lat' dir='ltr'>apertius</span> <span class='ocrx_word' id='word_1_259' title='bbox 480 2924 605 2984; x_wconf 66' lang='lat' dir='ltr'>usmetis</span> <span class='ocrx_word' id='word_1_260' title='bbox 637 2925 703 2986; x_wconf 87' lang='lat' dir='ltr'>cepit</span> <span class='ocrx_word' id='word_1_261' title='bbox 714 2941 783 2974; x_wconf 87' lang='lat' dir='ltr'>suos:</span> <span class='ocrx_word' id='word_1_262' title='bbox 801 2941 831 2974; x_wconf 83' lang='lat' dir='ltr'>ac</span> <span class='ocrx_word' id='word_1_263' title='bbox 844 2931 928 2988; x_wconf 83' lang='lat' dir='ltr'>postea</span> <span class='ocrx_word' id='word_1_264' title='bbox 944 2925 1040 2987; x_wconf 87' lang='lat' dir='ltr'>parcius</span> <span class='ocrx_word' id='word_1_265' title='bbox 1050 2930 1076 2972; x_wconf 87' lang='lat' dir='ltr'>et</span> <span class='ocrx_word' id='word_1_266' title='bbox 1087 2940 1143 2973; x_wconf 86' lang='lat' dir='ltr'>cau-</span> 
     </span>
     <span class='ocr_line' id='line_1_32' title="bbox 92 2987 1142 3050; baseline -0.001 -11"><span class='ocrx_word' id='word_1_267' title='bbox 92 2990 223 3040; x_wconf 80' lang='lat' dir='ltr'>huncl&#39;ere</span> <span class='ocrx_word' id='word_1_268' title='bbox 233 2991 342 3038; x_wconf 88' lang='lat' dir='ltr'>modum.</span> <span class='ocrx_word' id='word_1_269' title='bbox 376 2989 510 3050; x_wconf 88' lang='lat' dir='ltr'>Postquam</span> <span class='ocrx_word' id='word_1_270' title='bbox 521 2987 604 3037; x_wconf 87' lang='lat' dir='ltr'>Minu·</span> <span class='ocrx_word' id='word_1_271' title='bbox 637 2988 686 3036; x_wconf 89' lang='lat' dir='ltr'>tius</span> <span class='ocrx_word' id='word_1_272' title='bbox 707 2989 817 3050; x_wconf 87' lang='lat' dir='ltr'>pabulati</span> <span class='ocrx_word' id='word_1_273' title='bbox 844 2994 900 3036; x_wconf 87' lang='lat' dir='ltr'>sunt</span> <span class='ocrx_word' id='word_1_274' title='bbox 922 2987 1142 3050; x_wconf 71' lang='lat' dir='ltr'>Carthaginienses.</span> 
     </span>
     <span class='ocr_line' id='line_1_33' title="bbox 93 3051 1144 3113; baseline -0.003 -10"><span class='ocrx_word' id='word_1_275' title='bbox 93 3054 184 3103; x_wconf 75' lang='lat' dir='ltr'>cirasia</span> <span class='ocrx_word' id='word_1_276' title='bbox 195 3051 604 3102; x_wconf 85' lang='lat' dir='ltr'>tumulumillumandsNumidas</span> <span class='ocrx_word' id='word_1_277' title='bbox 637 3053 708 3101; x_wconf 88' lang='lat' dir='ltr'>Haec</span> <span class='ocrx_word' id='word_1_278' title='bbox 724 3053 780 3100; x_wconf 86' lang='lat' dir='ltr'>ideo</span> <span class='ocrx_word' id='word_1_279' title='bbox 796 3052 955 3110; x_wconf 71' lang='lat' dir='ltr'>attentamus,</span> <span class='ocrx_word' id='word_1_280' title='bbox 965 3051 1024 3113; x_wconf 89' lang='lat' dir='ltr'>quia</span> <span class='ocrx_word' id='word_1_281' title='bbox 1040 3051 1144 3100; x_wconf 81' lang='lat' dir='ltr'>Liviana</span> 
     </span>
     <span class='ocr_line' id='line_1_34' title="bbox 92 3115 1143 3178; baseline -0.004 -11"><span class='ocrx_word' id='word_1_282' title='bbox 92 3119 225 3176; x_wconf 82' lang='lat' dir='ltr'>deiecerat,</span> <span class='ocrx_word' id='word_1_283' title='bbox 236 3122 315 3166; x_wconf 61' lang='lat' dir='ltr'>aare</span> <span class='ocrx_word' id='word_1_284' title='bbox 328 3115 461 3174; x_wconf 82' lang='lat' dir='ltr'>transtulit,</span> <span class='ocrx_word' id='word_1_285' title='bbox 474 3115 601 3164; x_wconf 84' lang='lat' dir='ltr'>Hannibal</span> <span class='ocrx_word' id='word_1_286' title='bbox 635 3115 740 3164; x_wconf 84' lang='lat' dir='ltr'>narratio</span> <span class='ocrx_word' id='word_1_287' title='bbox 757 3116 841 3178; x_wconf 87' lang='lat' dir='ltr'>paullo</span> <span class='ocrx_word' id='word_1_288' title='bbox 852 3115 976 3165; x_wconf 90' lang='lat' dir='ltr'>obscurior</span> <span class='ocrx_word' id='word_1_289' title='bbox 985 3121 1031 3174; x_wconf 86' lang='lat' dir='ltr'>est,</span> <span class='ocrx_word' id='word_1_290' title='bbox 1040 3130 1087 3164; x_wconf 88' lang='lat' dir='ltr'>nec</span> <span class='ocrx_word' id='word_1_291' title='bbox 1101 3131 1143 3177; x_wconf 88' lang='lat' dir='ltr'>pa·</span> 
     </span>
     <span class='ocr_line' id='line_1_35' title="bbox 92 3177 1142 3243; baseline -0.002 -12"><span class='ocrx_word' id='word_1_292' title='bbox 92 3181 247 3243; x_wconf 84' lang='lat' dir='ltr'>aliquamdiu</span> <span class='ocrx_word' id='word_1_293' title='bbox 268 3182 403 3230; x_wconf 67' lang='lat' dir='ltr'>maumam</span> <span class='ocrx_word' id='word_1_294' title='bbox 423 3185 518 3241; x_wconf 86' lang='lat' dir='ltr'>partem</span> <span class='ocrx_word' id='word_1_295' title='bbox 539 3177 601 3228; x_wconf 87' lang='lat' dir='ltr'>mili-</span> <span class='ocrx_word' id='word_1_296' title='bbox 634 3195 688 3226; x_wconf 88' lang='lat' dir='ltr'>rum</span> <span class='ocrx_word' id='word_1_297' title='bbox 710 3179 733 3228; x_wconf 88' lang='lat' dir='ltr'>ei</span> <span class='ocrx_word' id='word_1_298' title='bbox 756 3180 818 3228; x_wconf 80' lang='lat' dir='ltr'>lucis</span> <span class='ocrx_word' id='word_1_299' title='bbox 837 3193 868 3227; x_wconf 84' lang='lat' dir='ltr'>ex</span> <span class='ocrx_word' id='word_1_300' title='bbox 887 3177 925 3226; x_wconf 86' lang='lat' dir='ltr'>his</span> <span class='ocrx_word' id='word_1_301' title='bbox 941 3178 1037 3227; x_wconf 83' lang='lat' dir='ltr'>ridetm</span> <span class='ocrx_word' id='word_1_302' title='bbox 1054 3179 1142 3229; x_wconf 83' lang='lat' dir='ltr'>afferri.</span> 
     </span>
     <span class='ocr_line' id='line_1_36' title="bbox 92 3243 715 3304; baseline -0.003 -10"><span class='ocrx_word' id='word_1_303' title='bbox 92 3253 148 3294; x_wconf 88' lang='lat' dir='ltr'>tum</span> <span class='ocrx_word' id='word_1_304' title='bbox 168 3245 194 3293; x_wconf 93' lang='lat' dir='ltr'>in</span> <span class='ocrx_word' id='word_1_305' title='bbox 213 3245 298 3294; x_wconf 80' lang='lat' dir='ltr'>eastris</span> <span class='ocrx_word' id='word_1_306' title='bbox 314 3243 401 3294; x_wconf 84' lang='lat' dir='ltr'>tenuit.</span> <span class='ocrx_word' id='word_1_307' title='bbox 435 3243 529 3293; x_wconf 89' lang='lat' dir='ltr'>Verum</span> <span class='ocrx_word' id='word_1_308' title='bbox 547 3249 602 3304; x_wconf 86' lang='lat' dir='ltr'>post</span> <span class='ocrx_word' id='word_1_309' title='bbox 634 3243 715 3293; x_wconf 75' lang='lat' dir='ltr'>Casu.</span> 
     </span>
    </p>

    <p class='ocr_par' dir='ltr' id='par_1_5' title="bbox 92 3304 1142 3499">
     <span class='ocr_line' id='line_1_37' title="bbox 92 3304 1142 3370; baseline -0.004 -12"><span class='ocrx_word' id='word_1_310' title='bbox 92 3310 190 3370; x_wconf 77' lang='lat' dir='ltr'>aliquot</span> <span class='ocrx_word' id='word_1_311' title='bbox 206 3307 258 3357; x_wconf 87' lang='lat' dir='ltr'>dies</span> <span class='ocrx_word' id='word_1_312' title='bbox 273 3315 373 3358; x_wconf 88' lang='lat' dir='ltr'>coactus</span> <span class='ocrx_word' id='word_1_313' title='bbox 388 3313 426 3356; x_wconf 86' lang='lat' dir='ltr'>est</span> <span class='ocrx_word' id='word_1_314' title='bbox 444 3307 534 3369; x_wconf 86' lang='lat' dir='ltr'>partim</span> <span class='ocrx_word' id='word_1_315' title='bbox 553 3307 600 3355; x_wconf 76' lang='lat' dir='ltr'>tl&#39;u·</span> <span class='ocrx_word' id='word_1_316' title='bbox 667 3307 835 3368; x_wconf 81' lang='lat' dir='ltr'>30epenmt]</span> <span class='ocrx_word' id='word_1_317' title='bbox 849 3305 923 3354; x_wconf 88' lang='lat' dir='ltr'>Hanc</span> <span class='ocrx_word' id='word_1_318' title='bbox 934 3319 1019 3353; x_wconf 83' lang='lat' dir='ltr'>rocem</span> <span class='ocrx_word' id='word_1_319' title='bbox 1030 3319 1079 3353; x_wconf 88' lang='lat' dir='ltr'>non</span> <span class='ocrx_word' id='word_1_320' title='bbox 1090 3304 1142 3354; x_wconf 84' lang='lat' dir='ltr'>sine</span> 
     </span>
     <span class='ocr_line' id='line_1_38' title="bbox 92 3368 1141 3434; baseline -0.002 -13"><span class='ocrx_word' id='word_1_321' title='bbox 92 3379 240 3431; x_wconf 83' lang='lat' dir='ltr'>mentatum,</span> <span class='ocrx_word' id='word_1_322' title='bbox 248 3373 474 3434; x_wconf 85' lang='lat' dir='ltr'>partimadpecora</span> <span class='ocrx_word' id='word_1_323' title='bbox 481 3372 604 3433; x_wconf 78' lang='lat' dir='ltr'>pascenda</span> <span class='ocrx_word' id='word_1_324' title='bbox 634 3369 729 3418; x_wconf 85' lang='lat' dir='ltr'>ratione</span> <span class='ocrx_word' id='word_1_325' title='bbox 747 3369 877 3418; x_wconf 86' lang='lat' dir='ltr'>delendam</span> <span class='ocrx_word' id='word_1_326' title='bbox 897 3375 979 3418; x_wconf 86' lang='lat' dir='ltr'>censet</span> <span class='ocrx_word' id='word_1_327' title='bbox 996 3368 1141 3419; x_wconf 85' lang='lat' dir='ltr'>Gronovius.</span> 
     </span>
     <span class='ocr_line' id='line_1_39' title="bbox 93 3432 975 3499; baseline -0.003 -14"><span class='ocrx_word' id='word_1_328' title='bbox 93 3435 425 3499; x_wconf 83' lang='lat' dir='ltr'>quamplurimosdimittere.</span> <span class='ocrx_word' id='word_1_329' title='bbox 443 3435 602 3496; x_wconf 80' lang='lat' dir='ltr'>Quodquum</span> <span class='ocrx_word' id='word_1_330' title='bbox 636 3433 743 3482; x_wconf 80' lang='lat' dir='ltr'>Sraorn.</span> <span class='ocrx_word' id='word_1_331' title='bbox 765 3433 796 3483; x_wconf 78' lang='lat' dir='ltr'>ci.</span> <span class='ocrx_word' id='word_1_332' title='bbox 809 3433 863 3482; x_wconf 88' lang='lat' dir='ltr'>Pol.</span> <span class='ocrx_word' id='word_1_333' title='bbox 875 3432 908 3482; x_wconf 89' lang='lat' dir='ltr'>iii.</span> <span class='ocrx_word' id='word_1_334' title='bbox 923 3447 975 3482; x_wconf 84' lang='lat'>101.</span> 
     </span>
    </p>

    <p class='ocr_par' dir='ltr' id='par_1_6' title="bbox 91 3498 1143 4454">
     <span class='ocr_line' id='line_1_40' title="bbox 92 3498 1142 3562; baseline -0.004 -12"><span class='ocrx_word' id='word_1_335' title='bbox 92 3499 209 3550; x_wconf 82' lang='lat' dir='ltr'>sensisset</span> <span class='ocrx_word' id='word_1_336' title='bbox 229 3500 365 3560; x_wconf 80' lang='lat' dir='ltr'>Minucius,</span> <span class='ocrx_word' id='word_1_337' title='bbox 385 3501 438 3562; x_wconf 87' lang='lat' dir='ltr'>ipse</span> <span class='ocrx_word' id='word_1_338' title='bbox 464 3500 497 3547; x_wconf 91' lang='lat' dir='ltr'>ad</span> <span class='ocrx_word' id='word_1_339' title='bbox 524 3505 604 3548; x_wconf 67' lang='lat' dir='ltr'>casua</span> <span class='ocrx_word' id='word_1_340' title='bbox 667 3499 844 3557; x_wconf 77' lang='lat' dir='ltr'>4Peraoerra</span> <span class='ocrx_word' id='word_1_341' title='bbox 854 3498 1060 3545; x_wconf 74' lang='lat' dir='ltr'>anstraaoastrt’t</span> <span class='ocrx_word' id='word_1_342' title='bbox 1070 3499 1142 3546; x_wconf 79' lang='lat' dir='ltr'>Han·</span> 
     </span>
     <span class='ocr_line' id='line_1_41' title="bbox 92 3560 1142 3627; baseline -0.003 -14"><span class='ocrx_word' id='word_1_343' title='bbox 92 3565 202 3614; x_wconf 86' lang='lat' dir='ltr'>bostium</span> <span class='ocrx_word' id='word_1_344' title='bbox 227 3579 283 3612; x_wconf 87' lang='lat' dir='ltr'>cum</span> <span class='ocrx_word' id='word_1_345' title='bbox 311 3563 447 3627; x_wconf 80' lang='lat' dir='ltr'>legionibus</span> <span class='ocrx_word' id='word_1_346' title='bbox 473 3561 601 3612; x_wconf 72' lang='lat' dir='ltr'>succesut:</span> <span class='ocrx_word' id='word_1_347' title='bbox 635 3561 737 3621; x_wconf 73' lang='lat' dir='ltr'>albulis]</span> <span class='ocrx_word' id='word_1_348' title='bbox 759 3560 808 3610; x_wconf 91' lang='lat' dir='ltr'>Per</span> <span class='ocrx_word' id='word_1_349' title='bbox 825 3565 920 3623; x_wconf 89' lang='lat' dir='ltr'>portam</span> <span class='ocrx_word' id='word_1_350' title='bbox 940 3565 1072 3608; x_wconf 84' lang='lat' dir='ltr'>castrorum</span> <span class='ocrx_word' id='word_1_351' title='bbox 1092 3561 1142 3610; x_wconf 83' lang='lat' dir='ltr'>Ro·</span> 
     </span>
     <span class='ocr_line' id='line_1_42' title="bbox 92 3623 1143 3691; baseline -0.002 -15"><span class='ocrx_word' id='word_1_352' title='bbox 92 3629 232 3691; x_wconf 82' lang='lat' dir='ltr'>equitatum</span> <span class='ocrx_word' id='word_1_353' title='bbox 241 3633 267 3676; x_wconf 89' lang='lat' dir='ltr'>et</span> <span class='ocrx_word' id='word_1_354' title='bbox 275 3629 355 3677; x_wconf 85' lang='lat' dir='ltr'>levem</span> <span class='ocrx_word' id='word_1_355' title='bbox 364 3633 512 3676; x_wconf 84' lang='lat' dir='ltr'>armaturam</span> <span class='ocrx_word' id='word_1_356' title='bbox 523 3626 549 3674; x_wconf 87' lang='lat' dir='ltr'>in</span> <span class='ocrx_word' id='word_1_357' title='bbox 560 3641 603 3689; x_wconf 88' lang='lat' dir='ltr'>pa·</span> <span class='ocrx_word' id='word_1_358' title='bbox 635 3638 773 3684; x_wconf 88' lang='lat' dir='ltr'>manorum,</span> <span class='ocrx_word' id='word_1_359' title='bbox 794 3639 857 3686; x_wconf 87' lang='lat' dir='ltr'>quae</span> <span class='ocrx_word' id='word_1_360' title='bbox 878 3629 931 3673; x_wconf 86' lang='lat' dir='ltr'>erat</span> <span class='ocrx_word' id='word_1_361' title='bbox 952 3623 1103 3673; x_wconf 85' lang='lat' dir='ltr'>aversissima</span> <span class='ocrx_word' id='word_1_362' title='bbox 1127 3641 1143 3674; x_wconf 88' lang='lat' dir='ltr'>a</span> 
     </span>
     <span class='ocr_line' id='line_1_43' title="bbox 92 3687 1143 3752; baseline -0.003 -11"><span class='ocrx_word' id='word_1_363' title='bbox 92 3691 314 3741; x_wconf 66' lang='lat' dir='ltr'>tauromeniae</span> <span class='ocrx_word' id='word_1_364' title='bbox 339 3691 474 3740; x_wconf 85' lang='lat' dir='ltr'>Hannibali</span> <span class='ocrx_word' id='word_1_365' title='bbox 484 3691 603 3752; x_wconf 84' lang='lat' dir='ltr'>nequead</span> <span class='ocrx_word' id='word_1_366' title='bbox 636 3689 719 3738; x_wconf 83' lang='lat' dir='ltr'>eastris</span> <span class='ocrx_word' id='word_1_367' title='bbox 741 3687 896 3737; x_wconf 72' lang='lat' dir='ltr'>Hannibalis</span> <span class='ocrx_word' id='word_1_368' title='bbox 934 3689 1061 3737; x_wconf 85' lang='lat' dir='ltr'>Postrema</span> <span class='ocrx_word' id='word_1_369' title='bbox 1081 3687 1143 3738; x_wconf 85' lang='lat' dir='ltr'>haec</span> 
     </span>
     <span class='ocr_line' id='line_1_44' title="bbox 92 3753 1143 3814; baseline -0.003 -9"><span class='ocrx_word' id='word_1_370' title='bbox 92 3757 238 3806; x_wconf 85' lang='lat' dir='ltr'>certandum</span> <span class='ocrx_word' id='word_1_371' title='bbox 254 3755 308 3805; x_wconf 88' lang='lat' dir='ltr'>acie</span> <span class='ocrx_word' id='word_1_372' title='bbox 324 3755 383 3804; x_wconf 86' lang='lat' dir='ltr'>setis</span> <span class='ocrx_word' id='word_1_373' title='bbox 394 3754 480 3803; x_wconf 81' lang='lat' dir='ltr'>virium</span> <span class='ocrx_word' id='word_1_374' title='bbox 491 3760 552 3814; x_wconf 84' lang='lat' dir='ltr'>erat,</span> <span class='ocrx_word' id='word_1_375' title='bbox 562 3769 603 3803; x_wconf 91' lang='lat' dir='ltr'>na·</span> <span class='ocrx_word' id='word_1_376' title='bbox 637 3754 710 3802; x_wconf 84' lang='lat' dir='ltr'>verba</span> <span class='ocrx_word' id='word_1_377' title='bbox 724 3769 741 3802; x_wconf 86' lang='lat' dir='ltr'>o</span> <span class='ocrx_word' id='word_1_378' title='bbox 756 3755 844 3802; x_wconf 73' lang='lat' dir='ltr'>caena</span> <span class='ocrx_word' id='word_1_379' title='bbox 858 3753 1010 3802; x_wconf 77' lang='lat' dir='ltr'>Hannibalis</span> <span class='ocrx_word' id='word_1_380' title='bbox 1025 3767 1075 3802; x_wconf 89' lang='lat' dir='ltr'>non</span> <span class='ocrx_word' id='word_1_381' title='bbox 1091 3753 1143 3802; x_wconf 86' lang='lat' dir='ltr'>aine</span> 
     </span>
     <span class='ocr_line' id='line_1_45' title="bbox 93 3816 1143 3882; baseline -0.001 -13"><span class='ocrx_word' id='word_1_382' title='bbox 93 3835 143 3882; x_wconf 82' lang='lat' dir='ltr'>que</span> <span class='ocrx_word' id='word_1_383' title='bbox 161 3821 194 3868; x_wconf 85' lang='lat' dir='ltr'>ad</span> <span class='ocrx_word' id='word_1_384' title='bbox 211 3835 285 3882; x_wconf 88' lang='lat' dir='ltr'>opem</span> <span class='ocrx_word' id='word_1_385' title='bbox 304 3819 394 3882; x_wconf 84' lang='lat' dir='ltr'>palatis</span> <span class='ocrx_word' id='word_1_386' title='bbox 409 3833 453 3880; x_wconf 87' lang='lat' dir='ltr'>per</span> <span class='ocrx_word' id='word_1_387' title='bbox 469 3833 539 3880; x_wconf 79' lang='lat' dir='ltr'>agros</span> <span class='ocrx_word' id='word_1_388' title='bbox 554 3817 604 3866; x_wconf 80' lang='lat' dir='ltr'>suia</span> <span class='ocrx_word' id='word_1_389' title='bbox 636 3832 710 3866; x_wconf 86' lang='lat' dir='ltr'>causa</span> <span class='ocrx_word' id='word_1_390' title='bbox 729 3816 841 3866; x_wconf 82' lang='lat' dir='ltr'>videntur</span> <span class='ocrx_word' id='word_1_391' title='bbox 860 3816 985 3866; x_wconf 81' lang='lat' dir='ltr'>Gronovio</span> <span class='ocrx_word' id='word_1_392' title='bbox 1003 3817 1143 3879; x_wconf 86' lang='lat' dir='ltr'>recidenda,</span> 
     </span>
     <span class='ocr_line' id='line_1_46' title="bbox 92 3881 1049 3958; baseline -0.002 -25"><span class='ocrx_word' id='word_1_393' title='bbox 92 3885 227 3934; x_wconf 80' lang='lat' dir='ltr'>serendam.</span> <span class='ocrx_word' id='word_1_394' title='bbox 260 3885 365 3958; x_wconf 86' lang='lat' dir='ltr'>lamque</span> <span class='ocrx_word' id='word_1_395' title='bbox 376 3883 500 3932; x_wconf 81' lang='lat' dir='ltr'>vellebant</span> <span class='ocrx_word' id='word_1_396' title='bbox 511 3882 603 3929; x_wconf 80' lang='lat' dir='ltr'>vallum</span> <span class='ocrx_word' id='word_1_397' title='bbox 635 3886 754 3942; x_wconf 87' lang='lat' dir='ltr'>tanquam</span> <span class='ocrx_word' id='word_1_398' title='bbox 764 3896 951 3944; x_wconf 80' lang='lat' dir='ltr'>supervacanea.</span> <span class='ocrx_word' id='word_1_399' title='bbox 968 3881 1049 3931; x_wconf 75' lang='lat' dir='ltr'>Cast.</span> 
     </span>
     <span class='ocr_line' id='line_1_47' title="bbox 93 3945 1143 4008; baseline -0.002 -12"><span class='ocrx_word' id='word_1_400' title='bbox 93 3947 201 3996; x_wconf 87' lang='lat' dir='ltr'>hostium</span> <span class='ocrx_word' id='word_1_401' title='bbox 222 3948 339 4006; x_wconf 78' lang='lat' dir='ltr'>nomam,</span> <span class='ocrx_word' id='word_1_402' title='bbox 356 3961 433 4008; x_wconf 86' lang='lat' dir='ltr'>quum</span> <span class='ocrx_word' id='word_1_403' title='bbox 453 3945 604 4005; x_wconf 83' lang='lat' dir='ltr'>Hasdrubal,</span> <span class='ocrx_word' id='word_1_404' title='bbox 668 3947 1143 4007; x_wconf 68' lang='lat' dir='ltr'>5Pammoitoaaterar111aaevas</span> 
     </span>
     <span class='ocr_line' id='line_1_48' title="bbox 92 4008 1142 4071; baseline 0 -11"><span class='ocrx_word' id='word_1_405' title='bbox 92 4011 205 4061; x_wconf 83' lang='lat' dir='ltr'>collectis</span> <span class='ocrx_word' id='word_1_406' title='bbox 225 4011 442 4060; x_wconf 72' lang='lat' dir='ltr'>frumentatoribus</span> <span class='ocrx_word' id='word_1_407' title='bbox 462 4009 505 4070; x_wconf 89' lang='lat' dir='ltr'>qui</span> <span class='ocrx_word' id='word_1_408' title='bbox 527 4008 603 4057; x_wconf 86' lang='lat' dir='ltr'>Gero-</span> <span class='ocrx_word' id='word_1_409' title='bbox 636 4009 1079 4071; x_wconf 78' lang='lat' dir='ltr'>baposttaatnpaacitateinserenda</span> <span class='ocrx_word' id='word_1_410' title='bbox 1087 4026 1142 4060; x_wconf 87' lang='lat' dir='ltr'>oeu-</span> 
     </span>
     <span class='ocr_line' id='line_1_49' title="bbox 92 4071 1142 4136; baseline -0.002 -12"><span class='ocrx_word' id='word_1_411' title='bbox 92 4076 163 4124; x_wconf 89' lang='lat' dir='ltr'>ninm</span> <span class='ocrx_word' id='word_1_412' title='bbox 265 4081 320 4124; x_wconf 83' lang='lat' dir='ltr'>rant</span> <span class='ocrx_word' id='word_1_413' title='bbox 336 4076 368 4125; x_wconf 87' lang='lat' dir='ltr'>ad</span> <span class='ocrx_word' id='word_1_414' title='bbox 385 4079 500 4136; x_wconf 84' lang='lat' dir='ltr'>quattuor</span> <span class='ocrx_word' id='word_1_415' title='bbox 516 4071 604 4132; x_wconf 88' lang='lat' dir='ltr'>millia,</span> <span class='ocrx_word' id='word_1_416' title='bbox 635 4073 885 4132; x_wconf 50' lang='lat' dir='ltr'>mercamentum</span> <span class='ocrx_word' id='word_1_417' title='bbox 899 4075 1142 4136; x_wconf 53' lang='lat' dir='ltr'>porse-tereiana&amp;</span> 
     </span>
     <span class='ocr_line' id='line_1_50' title="bbox 92 4137 1142 4200; baseline -0.005 -11"><span class='ocrx_word' id='word_1_418' title='bbox 92 4139 215 4189; x_wconf 84' lang='lat' dir='ltr'>auxilium</span> <span class='ocrx_word' id='word_1_419' title='bbox 263 4138 372 4188; x_wconf 87' lang='lat' dir='ltr'>annibali</span> <span class='ocrx_word' id='word_1_420' title='bbox 394 4139 443 4187; x_wconf 82' lang='lat' dir='ltr'>iam</span> <span class='ocrx_word' id='word_1_421' title='bbox 466 4151 543 4200; x_wconf 84' lang='lat' dir='ltr'>prope</span> <span class='ocrx_word' id='word_1_422' title='bbox 562 4137 603 4184; x_wconf 91' lang='lat' dir='ltr'>ob-</span> <span class='ocrx_word' id='word_1_423' title='bbox 635 4144 690 4186; x_wconf 82' lang='lat' dir='ltr'>erat</span> <span class='ocrx_word' id='word_1_424' title='bbox 706 4137 836 4200; x_wconf 82' lang='lat' dir='ltr'>legendum</span> <span class='ocrx_word' id='word_1_425' title='bbox 850 4138 936 4185; x_wconf 82' lang='lat' dir='ltr'>suadet</span> <span class='ocrx_word' id='word_1_426' title='bbox 947 4137 1038 4186; x_wconf 86' lang='lat' dir='ltr'>Stroth.</span> <span class='ocrx_word' id='word_1_427' title='bbox 1049 4137 1091 4198; x_wconf 86' lang='lat' dir='ltr'>qui</span> <span class='ocrx_word' id='word_1_428' title='bbox 1103 4137 1142 4184; x_wconf 87' lang='lat' dir='ltr'>Li-</span> 
     </span>
     <span class='ocr_line' id='line_1_51' title="bbox 92 4199 1142 4254; baseline -0.003 -2"><span class='ocrx_word' id='word_1_429' title='bbox 92 4219 159 4253; x_wconf 83' lang='lat' dir='ltr'>sesso</span> <span class='ocrx_word' id='word_1_430' title='bbox 175 4203 201 4252; x_wconf 90' lang='lat' dir='ltr'>in</span> <span class='ocrx_word' id='word_1_431' title='bbox 218 4201 303 4252; x_wconf 73' lang='lat' dir='ltr'>metris</span> <span class='ocrx_word' id='word_1_432' title='bbox 316 4202 382 4254; x_wconf 91' lang='lat' dir='ltr'>tulit.</span> <span class='ocrx_word' id='word_1_433' title='bbox 416 4203 482 4251; x_wconf 88' lang='lat' dir='ltr'>Tum</span> <span class='ocrx_word' id='word_1_434' title='bbox 496 4199 602 4250; x_wconf 87' lang='lat' dir='ltr'>Romani</span> <span class='ocrx_word' id='word_1_435' title='bbox 636 4199 703 4248; x_wconf 85' lang='lat' dir='ltr'>vium</span> <span class='ocrx_word' id='word_1_436' title='bbox 711 4200 812 4249; x_wconf 85' lang='lat' dir='ltr'>minime</span> <span class='ocrx_word' id='word_1_437' title='bbox 823 4215 874 4249; x_wconf 86' lang='lat' dir='ltr'>rem</span> <span class='ocrx_word' id='word_1_438' title='bbox 886 4203 988 4250; x_wconf 60' lang='lat' dir='ltr'>andem</span> <span class='ocrx_word' id='word_1_439' title='bbox 999 4200 1098 4250; x_wconf 86' lang='lat' dir='ltr'>tertium</span> <span class='ocrx_word' id='word_1_440' title='bbox 1108 4201 1142 4249; x_wconf 92' lang='lat' dir='ltr'>in·</span> 
     </span>
     <span class='ocr_line' id='line_1_52' title="bbox 91 4264 1047 4326; baseline -0.005 -9"><span class='ocrx_word' id='word_1_441' title='bbox 91 4269 225 4318; x_wconf 82' lang='lat' dir='ltr'>abscedere</span> <span class='ocrx_word' id='word_1_442' title='bbox 244 4267 323 4317; x_wconf 82' lang='lat' dir='ltr'>coacti</span> <span class='ocrx_word' id='word_1_443' title='bbox 339 4273 404 4326; x_wconf 89' lang='lat' dir='ltr'>sunt,</span> <span class='ocrx_word' id='word_1_444' title='bbox 420 4264 505 4314; x_wconf 87' lang='lat' dir='ltr'>multis</span> <span class='ocrx_word' id='word_1_445' title='bbox 520 4271 603 4314; x_wconf 77' lang='lat' dir='ltr'>umen</span> <span class='ocrx_word' id='word_1_446' title='bbox 636 4265 744 4314; x_wconf 81' lang='lat' dir='ltr'>calcasse</span> <span class='ocrx_word' id='word_1_447' title='bbox 755 4265 800 4312; x_wconf 85' lang='lat' dir='ltr'>sibi</span> <span class='ocrx_word' id='word_1_448' title='bbox 811 4279 953 4326; x_wconf 79' lang='lat' dir='ltr'>perarusum</span> <span class='ocrx_word' id='word_1_449' title='bbox 965 4264 1047 4312; x_wconf 78' lang='lat' dir='ltr'>babet</span> 
     </span>
     <span class='ocr_line' id='line_1_53' title="bbox 92 4325 1143 4388; baseline -0.007 -7"><span class='ocrx_word' id='word_1_450' title='bbox 92 4333 202 4381; x_wconf 88' lang='lat' dir='ltr'>hostium</span> <span class='ocrx_word' id='word_1_451' title='bbox 220 4333 253 4380; x_wconf 86' lang='lat' dir='ltr'>ad</span> <span class='ocrx_word' id='word_1_452' title='bbox 272 4335 351 4380; x_wconf 79' lang='lat' dir='ltr'>castra</span> <span class='ocrx_word' id='word_1_453' title='bbox 370 4330 452 4380; x_wconf 83' lang='lat' dir='ltr'>caesis.</span> <span class='ocrx_word' id='word_1_454' title='bbox 486 4330 603 4379; x_wconf 83' lang='lat' dir='ltr'>Frumcn·</span> <span class='ocrx_word' id='word_1_455' title='bbox 671 4325 762 4378; x_wconf 82' lang='lat' dir='ltr'>60cto</span> <span class='ocrx_word' id='word_1_456' title='bbox 781 4329 871 4388; x_wconf 81' lang='lat' dir='ltr'>millia]</span> <span class='ocrx_word' id='word_1_457' title='bbox 903 4328 974 4376; x_wconf 88' lang='lat' dir='ltr'>Duas</span> <span class='ocrx_word' id='word_1_458' title='bbox 995 4327 1088 4376; x_wconf 82' lang='lat' dir='ltr'>scilicet</span> <span class='ocrx_word' id='word_1_459' title='bbox 1110 4328 1143 4375; x_wconf 75' lang='lat' dir='ltr'>le</span> 
     </span>
     <span class='ocr_line' id='line_1_54' title="bbox 93 4389 1036 4454; baseline -0.01 -8"><span class='ocrx_word' id='word_1_460' title='bbox 93 4403 201 4446; x_wconf 79' lang='lat' dir='ltr'>latorum</span> <span class='ocrx_word' id='word_1_461' title='bbox 230 4395 308 4445; x_wconf 89' lang='lat' dir='ltr'>maior</span> <span class='ocrx_word' id='word_1_462' title='bbox 335 4395 408 4444; x_wconf 87' lang='lat' dir='ltr'>etiam</span> <span class='ocrx_word' id='word_1_463' title='bbox 435 4395 523 4442; x_wconf 86' lang='lat' dir='ltr'>caedes</span> <span class='ocrx_word' id='word_1_464' title='bbox 550 4391 602 4441; x_wconf 84' lang='lat' dir='ltr'>ruit.</span> <span class='ocrx_word' id='word_1_465' title='bbox 635 4391 726 4454; x_wconf 63' lang='lat' dir='ltr'>mones.</span> <span class='ocrx_word' id='word_1_466' title='bbox 749 4394 779 4439; x_wconf 83' lang='lat' dir='ltr'>cl.</span> <span class='ocrx_word' id='word_1_467' title='bbox 793 4389 932 4440; x_wconf 88' lang='lat' dir='ltr'>Niebhr.ii.</span> <span class='ocrx_word' id='word_1_468' title='bbox 945 4405 970 4438; x_wconf 88' lang='lat' dir='ltr'>n.</span> <span class='ocrx_word' id='word_1_469' title='bbox 986 4403 1036 4451; x_wconf 74' lang='lat'>¹74</span> 
     </span>
    </p>
   </div>
   <div class='ocr_carea' id='block_1_5' title="bbox 0 0 1488 4778">
    <p class='ocr_par' dir='ltr' id='par_1_7' title="bbox 0 0 1488 4778">
     <span class='ocr_line' id='line_1_55' title="bbox 0 0 1488 4778; baseline 0 2"><span class='ocrx_word' id='word_1_470' title='bbox 0 0 1488 4778; x_wconf 95' lang='lat' dir='ltr'> </span> 
     </span>
    </p>
   </div>
  </div>
 </body>
</html>
