2966 4778
336 195 399 256 150
719 185 832 252 'l'ITI
863 184 997 251 LIVII

178 342 212 396 U.
225 341 254 392 c.
272 341 327 404 53⁶·
336 324 414 412 pari,
426 323 539 389 robore
550 322 649 388 animi
664 321 843 408 viriumque
858 320 1057 409 aliquantum
1071 322 1251 408 praestanti.
1297 322 1396 386 Post·

179 408 210 456 A.
227 404 329 502 92216·
338 433 435 498 quam
449 431 556 496 neque
571 408 685 474 elicere
705 408 852 473 Poenum
870 407 912 472 sd
925 421 1086 472 certamen
1103 409 1261 472 obversati
1283 409 1398 473 naamis

229 479 279 535 Μ·
339 508 495 585 poterant,
516 517 623 582 neque
638 507 811 561 castrorum
831 494 1027 596 oppugnatio
1048 493 1148 560 facilis
1168 505 1253 571 ειυς
1280 495 1420 560 urbemn

340 583 492 660 Ascuam,
508 604 582 668 quo,
598 581 679 647 fines
693 581 833 647 hostium
848 580 1041 669 ingrediens,
1058 579 1239 647 Hasdrubal
1249 581 1398 647 stomen-

340 683 409 734 tum
431 682 690 756 commeatusque
710 668 788 733 alios
807 681 1009 744 convexerat,
1028 667 1060 732 vi
1082 666 1222 755 capiunt,
1238 669 1398 754 omnique

340 745 424 820 circii
452 777 529 842 agro
552 755 729 854 potiuntur.
776 753 847 819 Nec
870 753 944 832 iam,
969 767 1025 820 aut
1053 755 1089 819 in
1114 754 1252 841 agmine,
1281 767 1340 818 aut
1363 754 1398 818 in

341 842 459 919 castris,
475 841 540 906 ullo
556 841 689 928 imperio
704 840 868 906 contineri.
917 841 1025 916 Quam
1041 840 1096 904 ubi
1108 839 1342 927 negligentiam
1356 863 1399 906 ex

341 951 385 1006 rc,
407 940 444 993 ut
462 929 510 1005 fit,
526 929 608 992 bene
628 942 717 1015 gesta
738 927 813 992 oriri
835 939 976 992 senserat
996 925 1188 1004 Hasdrubal,
1211 927 1399 992 cohortatus

342 1015 466 1092 milites,
482 1029 519 1080 ut
532 1013 654 1101 palatos
668 1014 736 1078 sine
755 1013 853 1100 signis
867 1014 974 1078 hostes
993 1012 1251 1164 aggrederentur,
1267 1013 1400 1101 degres-

343 1125 394 1166 sus
417 1101 508 1179 colle,
530 1101 634 1188 pergit
657 1099 702 1164 ire
729 1100 796 1164 acie
820 1100 974 1166 instructa
1067 1111 1177 1165 castra.
1225 1099 1340 1176 Quem
1364 1111 1400 1165 ut

344 1187 452 1254 adesse
469 1187 662 1251 tumultuose
674 1187 861 1251 nuntiavere
875 1185 1032 1273 fugientes
1043 1209 1085 1251 ax
1099 1186 1237 1274 speculis
1251 1187 1400 1252 stationi-

344 1275 478 1360 busque,
490 1272 531 1337 ad
546 1295 633 1339 arma
643 1273 875 1338 conclamatum
890 1286 947 1338 est
994 1272 1043 1337 Ut
1053 1273 1188 1360 quisque
1203 1295 1296 1338 anna
1305 1296 1402 1361 cepe·

344 1371 402 1438 rat,
429 1361 497 1426 siue
527 1360 671 1446 imperio,
698 1359 766 1424 sine
792 1359 893 1446 siguo,
917 1359 1130 1446 incompositi,
1156 1360 1337 1424 inordinati
1367 1361 1399 1424 in

344 1446 501 1534 proelium
527 1460 633 1511 ruunt
678 1444 747 1510 Iam
775 1445 870 1532 primi
895 1459 1121 1511 conseruerant
1148 1469 1274 1524 manus,
1299 1469 1399 1534 quum

345 1533 399 1598 alii
422 1532 606 1598 catervatim
628 1545 801 1609 currerem,
826 1532 881 1596 alii
901 1532 1046 1596 nondum
1068 1555 1087 1596 e
1110 1533 1221 1597 castris
1246 1534 1399 1598 exissent.

347 1619 473 1684 Tamen
487 1620 589 1705 primo
610 1619 679 1718 ipsa
691 1617 825 1683 audacia
843 1632 982 1683 terruere
1001 1618 1132 1683 hostem.
1179 1619 1325 1697 Deinde,
1341 1619 1400 1683 rari
1461 1705 1462 1708 Ἴ

346 1706 381 1768 in
392 1704 549 1769 confertos
559 1703 648 1781 illatr,
659 1727 760 1792 quum
793 1705 911 1769 aucitas
924 1727 1038 1792 parum
1050 1718 1119 1769 tuta
1132 1718 1227 1783 esset,
1242 1708 1401 1793 respirem

347 1790 400 1856 alii
417 1790 503 1868 alios,
520 1803 553 1855 et
567 1790 711 1878 undique
721 1727 805 1878 puldi
819 1792 903 1856 coire
918 1791 952 1855 iu
967 1793 1094 1868 orbem3
1117 1805 1152 1856 et
1164 1791 1244 1856 dum
1259 1793 1401 1880 corpori·
1461 1825 1462 1828 ¹

346 1878 406 1942 bus
421 1877 628 1965 applicantur,
641 1899 790 1964 armaque
803 1878 897 1941 armis
908 1877 1057 1964 iungunt,
1070 1879 1103 1942 in
1115 1891 1219 1943 amum
1231 1879 1400 1966 compulsi,
1461 1933 1462 1936 ,

347 1987 447 2050 quum
462 1964 515 2028 vix
530 1962 695 2028 movendis
710 1963 805 2028 armis
819 1964 894 2028 satis
908 1964 1001 2050 spatii
1020 1978 1112 2041 asset,
1127 1987 1245 2030 corona
1259 1965 1402 2030 hostium
1461 1967 1462 2034 J

348 2051 455 2128 cincti,
471 2051 511 2116 ad
526 2049 663 2115 multum
678 2049 741 2115 diei
757 2049 942 2115 caeduntur.
990 2049 1118 2137 Exigua
1133 2073 1213 2138 pars,
1230 2053 1401 2138 eruptione
1461 2109 1462 2112 ,

348 2138 439 2215 facta,
467 2136 558 2202 silvas
588 2160 625 2201 ac
654 2149 778 2202 montes
803 2136 901 2223 petit:
933 2137 1066 2224 parique
1091 2151 1209 2202 terrore
1236 2150 1270 2202 et
1303 2153 1403 2203 casua

347 2237 422 2324 sunt
443 2224 577 2300 deserta,
600 2235 634 2288 et
654 2222 801 2287 universa
821 2245 901 2310 gens
922 2236 1047 2310 postero
1069 2224 1122 2288 die
1144 2224 1178 2286 in
1200 2223 1401 2290 deditionem
1461 2245 1462 2310 3

349 2324 445 2375 vemt.
1461 2315 1462 2358 ἕ

193 2403 335 2452 Hasdrubal
394 2395 466 2460 Nec
481 2396 537 2460 diu
553 2397 586 2460 in
601 2410 713 2482 pacato
728 2396 852 2460 mansit.
899 2395 984 2459 Nam
1000 2396 1135 2461 subinde
1151 2395 1232 2461 ahC
1354 2399 1361 2410 '
1409 2418 1422 2465 t

192 2467 341 2581 fflfflu
351 2481 480 2547 allatum
496 2493 554 2559 est,
570 2496 605 2545 ut
621 2480 802 2546 Hasdrubal
818 2482 921 2568 primo
929 2504 1059 2569 quoque
1071 2495 1134 2547 tem
1178 2482 1296 2548 reinI
1345 2485 1352 2498 '

193 2595 268 2644 citum
281 2594 306 2643 in
351 2568 526 2632 exercitum
547 2567 686 2632 duceret.
736 2567 828 2642 Quae
843 2568 971 2654 vulgata
985 2591 1033 2633 res
1048 2591 1106 2655 per
1163 2569 1323 2656 'partiam
1338 2592 1403 2634 om-

194 2659 302 2710 Italiam.
351 2654 440 2718 nium
452 2651 550 2718 ferme
560 2655 681 2718 animos
692 2654 733 2719 ud
749 2652 911 2720 Romanos
921 2654 1044 2719 avertit.
1089 2654 1201 2741 Itaque
1218 2654 1402 2720 Hasdrubal

351 2739 512 2825 extemplo
527 2739 632 2804 literas
649 2739 876 2827 Carthaginem
892 2741 999 2817 mittit,
1015 2741 1168 2818 indicans,
1204 2755 1307 2806 nanto
1321 2743 1404 2808 fama
1461 2775 1462 2832 p

351 2825 554 2913 profectionis
575 2849 649 2890 suae
672 2826 789 2891 damno
809 2827 927 2892 luisset.
974 2825 1030 2891 ‘Si
1046 2849 1122 2891 vero
1144 2765 1220 2892 inde
1242 2843 1401 2928 pergeret,
1461 2839 1462 2920 l

354 2922 362 2950 ‘
394 2913 555 3000 riusquam
571 2911 698 2977 Iberum
714 2913 870 2987 transiret,
887 2913 1104 2978 Romanorum
1122 2913 1316 3001 Hispamam
1328 2917 1400 2980 sore.
1461 2939 1462 2988 f

292 3011 294 3024 '
354 2936 469 3076 ‘llam
485 3015 707 3086 praeterquam
726 2999 814 3086 quod
829 3021 889 3063 nec
912 2999 1116 3087 praesidium,
1131 3023 1191 3065 nec
1213 3001 1335 3066 ducem
1352 3004 1402 3066 ha·
1461 3047 1462 3088 ,

354 3085 471 3162 ‘beret
487 3108 584 3172 quem
598 3085 793 3172 relinqueret
806 3107 865 3172 pro
880 3107 931 3162 se;
955 3108 1010 3150 eos
1023 3086 1229 3186 imperatores
1244 3110 1315 3153 me
1340 3089 1402 3154 Ro-

354 3181 494 3248 ‘manos
510 3173 694 3260 quibusvis
713 3173 823 3259 aequis
837 3172 955 3237 viribus
972 3172 1074 3237 resistr
1089 3175 1195 3260 possit.
1242 3173 1361 3262 Itaque
1379 3175 1402 3238 si
1461 3239 1462 3242 ,

355 3267 364 3298 ‘
376 3259 439 3323 ulla
465 3257 641 3346 Hispaniae
667 3281 743 3324 cura
767 3270 858 3335 esset,
881 3281 1092 3324 successorem
1117 3260 1176 3324 sibi
1198 3281 1274 3324 cum
1297 3261 1402 3326 valido

356 3345 516 3412 ‘exercitu
531 3345 713 3410 mitterentr
738 3345 799 3422 cui,
817 3357 853 3408 ut
867 3346 974 3409 omnia
1011 3367 1137 3432 rospere
1151 3345 1330 3426 evenirent,
1340 3367 1418 3412 nont

288 3484 295 3500 .
356 3441 481 3498 ‘tamen
499 3431 630 3496 otiosam
650 3431 846 3519 provinciam
863 3431 949 3496 fore!
988 3369 1067 3497 liae
1088 3432 1196 3497 literae
1217 3455 1400 3521 quanquam

354 3519 457 3606 primo
479 3517 652 3582 admodum
674 3533 842 3584 moverunt
863 3531 1026 3594 senatum
1056 3533 1172 3596 tamen,
1195 3520 1274 3606 quia
1292 3519 1402 3586 Italiae

354 3628 430 3705 esua
451 3604 537 3703 prior
553 3605 721 3692 potiorque
743 3617 819 3681 erat,
838 3603 919 3668 nihil
939 3602 979 3668 de
1003 3603 1213 3684 Hasdrubale,
1233 3629 1345 3693 neque
1365 3607 1402 3671 de
1461 3663 1462 3666 ,

353 3692 453 3778 copris
475 3711 543 3754 erus
565 3703 722 3756 mutatum
740 3703 796 3756 est.
844 3689 985 3756 Himilco
1007 3712 1080 3755 cum
1102 3693 1246 3756 exercitu
1268 3693 1356 3760 iusto
1374 3707 1403 3757 et

360 3934 511 3984 ,8Urbem
521 3933 642 3991 dameam]
661 3932 790 3994 Nusquam
804 3933 862 3983 alibi
893 3936 1080 3998 pestoraniecit
1091 3937 1264 4002 stratumque
1275 3941 1402 3991 massam
1461 3935 1462 3946 ἢ

357 4001 516 4046 memoratam
533 3995 660 4045 inveneris
684 3998 863 4057 Monimur·
896 4001 1107 4063 recepitBekker.
1461 3999 1462 4012 ¹

357 4063 412 4110 bam
434 4059 620 4118 Tartessium,
637 4058 742 4110 coniecit
757 4059 865 4112 Gronov.
932 4077 942 4111 1
963 4065 1018 4124 Cui,
1039 4073 1068 4114 at
1088 4069 1170 4115 omnia
1186 4072 1318 4130 graspus]
1343 4073 1401 4118 Ante

358 4124 400 4197 qui
418 4125 592 4174 Tartessiorum
606 4137 680 4186 supra
690 4123 866 4174 restituendum
900 4127 1052 4178 Gronorium
1065 4129 1185 4188 editioni
1199 4133 1322 4182 domnia.
1357 4133 1402 4182 llic

358 4189 457 4242 indicet
654 4225 659 4234 .
898 4207 955 4240 vero
976 4201 1013 4251 ut,
1031 4195 1237 4254 quemadmodum
1260 4211 1328 4259 supr.
1347 4196 1400 4245 xn'i.

390 4266 406 4315 9
424 4253 534 4300 Narelia
549 4253 576 4298 tu
590 4259 679 4314 pacato
694 4255 797 4312 aarum]
815 4255 864 4302 Pa·
900 4269 936 4316 25·
949 4271 992 4316 pro
1003 4259 1058 4308 ticet
1069 4257 1188 4309 scribittu.

359 4321 414 4362 cota
433 4315 563 4373 legendum
585 4317 669 4363 suadet
693 4315 800 4366 Gronov.
834 4319 866 4366 Iu
