2888 4768
388 153 484 219 LIB.
507 153 636 219 XXIV.
670 155 781 220 CAP.
799 163 828 221 8.
1076 163 1136 224 183

79 291 219 358 aliorum
239 289 378 356 'consilia
424 289 551 357 Incerto
569 313 675 356 rerum
694 304 789 368 statu,
809 291 872 379 Ap.
888 290 1052 371 Claudius,
1067 294 1134 359 bel·
1145 310 1179 360 U.
1191 311 1220 360 e.
1237 323 1292 374 ⁵37·

79 379 151 442 lum
175 378 279 442 oriens
301 400 342 442 ex
364 378 544 466 propinquo
570 401 670 466 quum
691 392 844 456 cerneret,
867 394 1012 444 senatum
1036 380 1133 446 literis
1143 376 1173 424 A.
1191 377 1220 426 ⁰⁶
1236 389 1291 439 2¹5·

78 465 253 530 certiorem
273 465 356 542 fecit,
380 464 519 530 Siciliam
537 463 793 552 Carthaginiensi
812 465 930 553 populo
952 479 985 531 et
1007 466 1133 532 Hanni-

52 553 148 616 8bali
171 551 349 616 conciliari:
373 552 440 639 ipse
460 552 609 617 adversus
634 551 829 640 Syracusana
846 553 985 630 consilia,
1006 555 1134 641 provin·

77 640 177 715 ciam,
193 638 347 726 regnique
363 640 442 702 fines
457 639 564 703 omnia
578 639 734 704 convertit
747 639 910 726 praesidia.

128 725 229 790 Exitu
246 725 320 789 anni
337 725 414 802 eius,
432 725 472 800 Q,
485 725 600 790 Fabius
615 749 656 790 ex
671 726 856 791 auctoritate
872 739 998 790 senatus
1013 727 1133 792 Puteo·

77 813 140 890 los,
156 835 215 900 per
229 811 347 877 bellum
363 826 512 899 coeptum
526 812 719 899 frequentari
734 813 920 898 emporium,
934 815 1130 892 communiit,

77 899 341 986 praesidiumque
357 898 515 985 imposuit.
561 898 643 964 Inde
666 899 803 962 Romam
818 899 1018 963 comitiorum
1038 914 1248 965 eausacomitia

49 987 225 1062 eveniens,
249 986 282 1049 in
304 1008 387 1062 eum,
411 1007 507 1071 quem
529 986 667 1072 primum
689 985 776 1050 diem
798 985 987 1050 comitialem
1009 979 1282 1065 habuit‚⁰⁰¹¹⁸¹¹¹²¹l³·

52 1102 64 1136 r
77 1072 215 1137 comitia
227 1073 347 1148 edixit3
370 1086 465 1158 atque
481 1095 522 1135 ex
538 1071 651 1136 itinere
666 1083 791 1159 praeter
807 1073 919 1136 urbem
934 1073 966 1136 in
983 1095 1130 1160 campum

50 1159 259 1224 adescendit.
306 1157 355 1223 Eo
369 1159 421 1223 die
460 1181 537 1222 uum
552 1179 617 1222 sors
637 1157 870 1246 praerogativae
893 1158 1028 1222 Aniensi
1046 1159 1131 1223 iuni-

76 1268 176 1310 orum
192 1245 316 1322 exisset,
333 1181 493 1333 eaqueqr.
507 1243 690 1322 Otacilium,
708 1243 755 1308 M.
769 1243 946 1310 Aemilium
967 1244 1129 1332 Regillum

76 1331 230 1396 consules
244 1333 373 1409 diceret,
386 1346 454 1396 tum
472 1331 515 1405 Q.
528 1329 653 1410 Fabius,
669 1330 795 1396 silentio
809 1331 902 1409 facto,
917 1331 973 1396 tali
988 1332 1129 1397 oratione

75 1431 132 1483 est
146 1441 239 1482 usus:
265 1419 319 1483 ‘Si
333 1431 388 1483 aut
402 1441 513 1505 pacem
528 1417 563 1480 in
578 1416 678 1495 Italia,
695 1429 749 1482 aut
764 1417 883 1482 bellurn
897 1441 971 1483 cum
986 1441 1024 1483 eo
1039 1417 1129 1483 hoste
1196 1426 1226 1486 8.

77 1505 303 1582 ‘haberemus
326 1504 361 1568 in
389 1527 454 1591 quo
480 1504 691 1592 negligentiae
717 1504 819 1569 laxior
844 1502 931 1569 locus
956 1518 1047 1582 esset,
1072 1505 1128 1592 qui
1138 1509 1208 1585 Fabii
1217 1511 1273 1560 0⁰⁵

77 1591 215 1656 ‘vestris
237 1591 357 1668 studiis,
381 1614 462 1677 quae
488 1591 522 1654 in
545 1613 691 1678 campum
716 1590 757 1654 ad
783 1591 988 1670 mandandos,
1013 1576 1272 1686 quibusffl‘ffi,

77 1677 217 1755 ‘velitis
243 1678 378 1742 honores
403 1677 528 1755 affertis,
559 1700 678 1742 moram
708 1675 806 1741 ullam
831 1679 966 1756 offerret,
994 1679 1020 1743 is
1049 1679 1128 1743 mihi
1137 1653 1232 1764 magidi
1236 1719 1277 1751 eu-

77 1774 218 1866 ‘parum
233 1765 411 1829 meminisse
426 1763 588 1828 videretur
601 1776 721 1828 vestrae
740 1763 901 1829 libertatis.
949 1765 1014 1830 Sed
1028 1782 1165 1852 quumra
1175 1767 1243 1817 0⁰⁸&

77 1863 137 1916 ‘sn
152 1852 214 1915 hoc
228 1851 322 1929 bello,
338 1852 372 1914 in
387 1850 448 1915 hoc
463 1852 563 1928 hoste,
579 1873 744 1937 nunquam
765 1851 804 1914 ab
820 1851 885 1916 ullo
900 1851 981 1917 duce
997 1853 1064 1916 sine
1080 1854 1130 1915 in·

77 1939 195 2026 ‘genti
217 1951 324 2002 nostra
347 1936 435 2002 clade
458 1950 595 2002 erratum
617 1937 667 2014 sit,
690 1935 801 2002 eadem
818 1960 879 2037 ‘vos
900 1961 985 2016 cura,
1008 1961 1072 2025 qua
1097 1939 1131 2002 in

75 2026 207 2090 ‘aciem
229 2025 341 2089 armati
366 2023 567 2101 descenditis,
593 2025 673 2088 inire
699 2025 776 2087 suffr
829 2047 883 2087 um
909 2024 950 2088 ad
979 2024 1131 2089 creandos

76 2111 250 2178 ‘consules
274 2112 375 2190 decet,
400 2123 432 2176 et
462 2111 521 2175 sibi
546 2110 590 2174 sic
615 2047 921 2210 quemquendieere:
956 2109 1131 2176 Hannibali

77 2199 287 2286 ‘imperatori
292 2221 415 2349 lparem
435 2197 596 2262 consulem
618 2218 758 2261 nomino.
805 2196 878 2262 Hoc
899 2220 983 2261 anno
1005 2196 1047 2262 ad
1067 2197 1130 2262 Ca-

317 2309 348 2350 ιο

77 2296 200 2374 ‘puam
212 2285 292 2350 lube
363 2285 506 2349 Taureae
520 2283 686 2370 Campano
696 2305 819 2347 summo
834 2284 936 2370 equiti
947 2283 1131 2371 provocanti

46 2383 89 2440 3‘
100 2395 245 2437 summus
266 2372 431 2436 Romanus
451 2392 548 2457 eques
568 2369 697 2434 Asellus
719 2369 874 2435 Claudius
889 2383 937 2434 est
957 2393 999 2457 op
1057 2371 1128 2435 itus

76 2469 88 2498 ⁶
101 2458 266 2522 Adversus
277 2457 416 2534 Gallum,
429 2457 590 2544 quondam
599 2471 822 2544 provocantem
832 2457 866 2520 in
875 2470 973 2544 ponte
1016 2457 1129 2535 menis,

44 2556 89 2616 4‘
104 2545 145 2610 T.
158 2544 326 2621 Manlium,
343 2545 495 2608 fidentem
510 2556 543 2608 et
557 2545 663 2608 animo
679 2557 711 2608 et
725 2544 853 2621 viribus,
869 2545 982 2608 misere
997 2543 1130 2608 maiores

77 2643 90 2674 ‘
100 2633 210 2698 nostri.
258 2631 311 2698 Ob
325 2630 459 2696 eandem
474 2653 600 2695 causam
620 2629 708 2694 haud
722 2630 830 2695 multis
844 2629 935 2694 aunis
949 2643 1020 2717 post
1034 2628 1129 2694 fuisse

110 2835 126 2883 8
138 2835 508 2896 Prooinciom,rsgniqaefinss]
518 2833 590 2881 llaec
654 2847 667 2880 a
681 2834 821 2890 Qumsors
828 2833 1016 2892 praerogativae
1024 2833 1130 2879 Aniensi

75 2898 157 2947 lectio
178 2903 241 2946 stare
262 2897 354 2958 nequit.
389 2896 490 2958 Pighius
508 2911 589 2944 emen·
621 2897 746 2943 iuniorum
760 2897 859 2954 emt]
885 2895 971 2950 Quum
988 2901 1051 2942 sorte
1068 2895 1129 2942 obti-

76 2965 142 3011 dat:
165 2964 199 3010 ad
213 2964 356 3024 provincias
373 2963 490 3023 regnique
504 2963 588 3022 fines:
621 2959 694 3021 gisset
710 2959 834 3006 centuriae
850 2957 981 3017 iuniorum,
992 2973 1055 3018 quae
1070 2958 1129 3007 Ani·

76 3027 107 3074 id
126 3031 172 3084 ast,
190 3041 270 3074 versus
285 3040 340 3073 eam
358 3031 459 3086 partem,
477 3025 518 3071 ubi
536 3039 589 3084 pro-
622 3023 686 3070 ensis
702 3022 881 3081 nominabatur,
891 3027 919 3069 ut
930 3022 1008 3084 prima
1019 3021 1130 3070 omnium

77 3090 164 3138 vincia
186 3105 286 3152 regnum
308 3088 471 3150 contingebat.
509 3087 590 3135 Pulsis
622 3085 762 3147 suffragium
778 3086 858 3135 ferret.
891 3086 1006 3135 Ceterum
1024 3085 1070 3134 hoc
1087 3101 1130 3134 no·

77 3152 168 3204 Sicilia
189 3153 268 3215 primo
287 3152 382 3201 Punico
402 3152 469 3200 bello
488 3151 590 3201 Cartha·
621 3154 676 3197 tatu
702 3149 803 3212 dignum
830 3155 876 3207 est,
897 3165 982 3198 omnes
1009 3149 1130 3198 centurias

76 3217 239 3282 giniensibus,
248 3223 301 3266 tota
312 3216 391 3264 insula
401 3217 462 3264 duas
472 3215 498 3262 in
510 3219 591 3276 partes
623 3228 685 3274 quae
703 3228 720 3261 a
738 3213 809 3262 Livio
831 3213 948 3276 peculiari
970 3213 1067 3261 nomine
1087 3214 1128 3262 de-

76 3281 160 3332 divisa
172 3291 232 3340 erat,
243 3297 344 3344 quarum
361 3282 439 3328 altera
453 3284 505 3327 erat
519 3277 589 3326 ditio
621 3277 754 3338 signantur,
771 3277 881 3324 tribubus
897 3293 949 3326 esse
965 3277 1128 3338 cognomines,

77 3345 120 3395 nis
134 3346 310 3404 Romanorum,
321 3349 346 3392 et
362 3344 417 3392 ideo
433 3348 533 3390 vocatur
548 3343 588 3389 hic
622 3341 662 3388 hio
682 3341 822 3398 Aniensem,
841 3340 907 3390 xxvi.
927 3355 963 3389 aa.
991 3341 1128 3401 Veturiam,

73 3412 228 3475 provincia-
255 3410 332 3458 altera
353 3423 453 3470 regnum
474 3405 590 3455 Hieronis
622 3404 696 3453 xxvii.
714 3403 737 3453 6.
771 3403 913 3453 Galeriam:
935 3406 1000 3454 unde
1016 3411 1128 3467 apparet,

76 3475 260 3524 nerstcasv.
287 3472 399 3536 Pighium
409 3471 589 3534 sequiturBek·
622 3470 688 3532 quod
709 3473 735 3517 et
756 3469 856 3518 aliunde
878 3475 980 3530 constat,
999 3469 1128 3530 centurias,

78 3541 134 3588 lrer.
623 3547 685 3595 quas
695 3532 765 3581 initio
776 3533 808 3582 od
818 3533 926 3582 tribuum
937 3533 1079 3582 divisionem
1091 3533 1127 3581 ui-

114 3619 130 3667 9
148 3605 224 3662 Quem
236 3603 345 3664 primum
355 3602 416 3649 diem
431 3600 585 3658 comitialem]
621 3597 657 3645 hil
668 3597 843 3659 pertinuerant,
852 3605 937 3659 postea
947 3597 972 3644 in
983 3597 1012 3645 iis
1023 3598 1128 3647 inclusas

80 3669 144 3718 Non
162 3665 288 3715 interiecto
306 3665 456 3722 trhundino,
470 3665 544 3726 quod,
557 3679 588 3712 ex
621 3661 701 3711 ause.
736 3663 815 3724 Igitur
830 3662 877 3709 hoo
893 3662 1073 3711 locoAniensis
1088 3663 1126 3710 iu·

80 3734 137 3796 lege
149 3731 290 3788 Hortensia,
300 3729 391 3790 alioqui
405 3728 469 3776 inter
481 3728 588 3776 edictum
621 3728 718 3774 ntorum
729 3733 766 3774 est
777 3726 887 3774 centuria
896 3724 1016 3772 iuniorum
1028 3741 1058 3773 ex
1068 3727 1126 3774 Ani-

79 3803 107 3845 et
125 3795 224 3844 comitia
241 3795 412 3842 intercedebat.
447 3793 590 3854 Quippcea
622 3790 674 3838 ensi
684 3791 749 3838 tribu
760 3791 856 3839 educta
880 3789 936 3838 Vid.
948 3805 1012 3851 supr.
1024 3788 1039 3837 i.
1052 3803 1090 3852 43.
1102 3796 1127 3838 et

79 3863 137 3923 lege
149 3861 264 3908 effectum
276 3864 320 3918 est,
331 3863 358 3905 ut
373 3857 496 3906 nundinae
512 3857 598 3904 lastae¹
621 3871 643 3903 v.
660 3856 696 3904 18.
729 3855 845 3903 Ceterum
861 3854 933 3902 huius
950 3854 997 3902 loci
1013 3855 1127 3902 emenda·

79 3931 170 3974 essent.
204 3923 234 3972 oi.
253 3922 363 3971 Macrob.
386 3922 482 3970 Satura.
509 3921 525 3969 i.
551 3918 587 3969 16.
620 3919 655 3966 tio
664 3919 788 3967 Gronovio
797 3921 905 3968 debetur.
933 3918 982 3966 Adi
993 3918 1126 3968 doctissimi

79 3993 165 4038 Antea
176 3988 242 4036 enirn
253 3985 377 4034 nundinae
389 3987 497 4060 nefastae
508 3991 588 4060 erant,
621 3983 820 4032 viriobsemv.
834 3998 854 4032 1.
871 3984 952 4054 Cass.
982 3985 1126 4046 cisupm.

79 4050 415 4176 lcfnqqqprbqrcqprqrqulben
431 4064 480 4097 non
497 4049 587 4097 homi·
622 4063 668 4174 ²2‘3
685 4112 784 4159 Asellus
801 4111 931 4169 claudius]
967 4110 1037 4171 Supr.
1057 4109 1126 4161 xxiii.

117 4184 253 4230 rProetes·
268 4181 364 4239 urbem]
393 4178 452 4226 Non
470 4176 589 4238 ingressus
621 4173 661 4236 46,
671 4181 696 4223 et
707 4189 746 4236 47.
1025 4234 1039 4245 ..

80 4242 465 4307 urbem,sedpraetermoentain
474 4255 588 4303 campum
653 4258 668 4300 4
687 4242 712 4288 Τ.
724 4239 863 4298 Montium]
882 4237 912 4286 ct
925 4239 995 4298 supr.
1009 4249 1048 4285 vu.
1063 4252 1099 4287 ro.

81 4310 203 4363 Martium
213 4316 379 4372 transgressus.
