3002 4798
399 230 495 296 LIB.
520 228 616 296 xxi
652 229 763 296 CAP.
787 235 840 295 44.
1106 235 1147 294 39

94 458 243 516 ‘tantum
266 475 303 518 ac
327 452 515 531 Sardiniam,
537 453 722 540 parentibus
748 453 863 518 nostris
883 467 1016 540 ereptas,
1039 446 1185 518 nostrass·
1202 445 1232 495 ⁰·
1245 445 1299 492 ²¹&

94 537 236 602 ‘virtute
264 540 480 638 recuperaturi
508 561 657 618 essemus,
681 540 756 604 satis
784 551 893 604 tamen
915 539 1021 626 ampla
1045 540 1147 627 pretia

95 365 155 430 ‘ab
176 365 239 430 diis
257 366 388 452 quidem
410 366 640 433 immortalibus
657 381 766 454 optare
787 367 899 432 solent.
947 365 981 432 Si
1005 365 1145 432 Siciliam
1156 380 1190 429 U.
1203 379 1232 429 c.
1246 391 1300 442 534·

94 629 232 688 ‘essent
281 623 446 774 Qiucguid
463 625 601 689 Romani
624 639 672 690 tot
686 625 854 712 triumphis
868 637 994 712 partum
1015 648 1147 725 conges-

94 716 252 795 ‘tumque
277 711 362 797 possi
386 723 450 788 ent,
471 711 507 775 id
531 734 625 776 omne
648 722 789 776 vestrum
809 735 883 776 oum
909 710 984 798 ipsis
1009 711 1148 776 domrnis

94 796 260 860 ‘firtnrum
276 809 332 860 est.
378 795 419 860 In
433 797 516 862 hanc
531 809 596 861 tam
611 797 749 884 opimam
758 797 947 875 mercedem,
964 798 1057 884 agite,
1073 821 1146 862 cum

94 881 179 944 ‘diis
199 882 282 946 bene
304 882 485 946 iuvantibus
503 905 590 948 arma
611 885 725 970 capite:
771 881 853 948 Satis
873 882 978 948 adhuc
1000 883 1035 948 in
1052 885 1146 948 vasds

94 967 305 1032 ‘Lusitaniae
328 966 585 1055 Celtiberiaeque
603 969 773 1046 montibus,
792 990 907 1067 pecora
923 968 1145 1048 consectando,

94 1052 243 1117 ‘nullum
254 1052 506 1119 emolumentum
523 1067 571 1119 tot
584 1053 727 1119 laborum
738 1054 1015 1154 periculorumque
1028 1068 1147 1119 vestro-

93 1147 188 1202 ‘rum
201 1139 340 1204 vidisu‘s:
366 1153 492 1227 tempus
506 1153 555 1204 est
564 1141 637 1218 iam,
652 1139 806 1227 opulenta
813 1163 868 1207 vos
883 1163 920 1204 ac
935 1140 1014 1205 drtia
1027 1141 1147 1228 stipen-

94 1225 172 1289 ‘dia
185 1225 300 1303 facere,
316 1238 349 1289 et
366 1247 482 1312 magna
495 1249 609 1313 operae
624 1226 726 1312 pretia
748 1227 871 1304 mereri,
887 1239 1011 1292 tantum
1026 1227 1147 1292 itineris

94 1318 104 1348 ‘
159 1334 176 1375 r
190 1323 239 1376 tot
253 1324 378 1376 montes
391 1312 587 1397 fluminaque
603 1324 636 1376 et
650 1323 698 1376 tot
712 1325 846 1378 armatas
864 1325 978 1398 gentes
992 1335 1145 1394 emensos.

92 1334 184 1460 ‘iiic
199 1397 289 1460 vobis
310 1398 483 1461 terminum
500 1397 644 1462 laborum
663 1398 790 1462 fortuna
811 1397 917 1463 dedit:
941 1399 995 1463 hic
1017 1399 1146 1485 dignam

93 1481 310 1559 ‘mercedem
326 1483 464 1549 emeritis
484 1483 659 1570 stipendiis,
680 1483 777 1547 dabit
824 1482 906 1562 Nec,
922 1506 1018 1570 quam
1040 1485 1146 1572 magni

93 1569 258 1633 ‘nominis
273 1569 392 1633 bellum
414 1582 472 1646 est,
487 1583 553 1632 tam
575 1568 736 1634 difficilem
755 1570 969 1634 existimaritis
983 1571 1148 1635 victoriam

94 1655 194 1718 ‘fora
243 1653 344 1755 Saepe
374 1667 407 1718 et
420 1655 631 1742 ‘contemptus
661 1654 759 1720 hostis
788 1670 957 1720 cruentum
986 1669 1148 1722 certamen

95 1740 232 1818 ‘edidit
252 1753 286 1804 et
307 1740 420 1805 mcluti
441 1740 552 1829 populi
574 1763 727 1828 regesque
748 1740 869 1828 perlevi
890 1755 1052 1808 momento
1071 1743 1148 1808 victi

96 1835 201 1892 ‘sunt
249 1825 346 1903 Nam,
369 1826 501 1913 dempto
523 1826 584 1892 hoc
607 1850 672 1892 uuo
693 1827 815 1915 fulgore
837 1829 976 1894 nominis
998 1829 1147 1906 Romani,

95 1912 200 1998 ‘quid
215 1926 272 1989 est,
289 1935 346 1977 cur
366 1911 414 1976 illi
428 1913 517 1978 vobis
531 1913 736 2000 comparandi
751 1915 836 1978 siut?
859 1913 907 1979 Ut
943 1915 949 1929 '
975 1915 1032 1979 'nti
1048 1937 1148 1979 anno-

96 2005 191 2062 ‘rum
214 1998 359 2062 militiam
381 2011 518 2063 vestram
540 2021 613 2063 cum
634 1999 689 2063 illa
708 1999 834 2076 virtute,
853 2023 926 2064 cnm
948 1999 1149 2065 ila'fortuna

70 2091 261 2161 3‘taceam3
295 2085 335 2149 ab
358 2083 508 2149 Herculis
530 2083 695 2161 columnis,
718 2086 758 2150 ab
782 2084 913 2150 Oceano
941 2087 1083 2150 terminis
1106 2108 1147 2151 ue

97 2169 241 2233 ‘ultimis
255 2183 419 2248 terrarum,
430 2193 488 2256 per
503 2182 550 2235 tot
559 2169 769 2235 ferocissimos
784 2169 958 2256 Hispaniae
974 2184 1007 2234 et
1024 2171 1055 2234 G

97 2255 256 2342 ‘populos
269 2257 433 2322 vincentes
446 2256 510 2321 huc
532 2256 736 2343 pervenistis:
760 2256 942 2355 pugnabitis
963 2279 1037 2320 cum
1057 2279 1149 2321 exer-

96 2342 188 2405 ‘citu
209 2341 322 2419 tirone,
347 2342 406 2407 hac
430 2343 499 2429 ipsa
521 2355 638 2407 aestate
662 2364 763 2419 caeso,
786 2354 880 2420 vrcto,
903 2343 1106 2408 cucumsesso
1130 2366 1149 2408 a

96 2417 234 2504 ‘Gallia
250 2428 360 2515 ignoto
380 2427 485 2492 adhuc
506 2427 581 2492 duci
599 2451 666 2506 suo,
681 2428 904 2515 ignorantique
922 2428 1045 2494 ducem.
1092 2429 1148 2494 An

97 2521 183 2590 ‘me,
214 2513 249 2578 in
285 2515 442 2601 praetorio
474 2515 581 2601 patris,
615 2514 778 2578 clarissimi
813 2515 1019 2602 imperatoris,
1049 2538 1147 2604 prope

96 2607 241 2676 ‘natum
257 2612 343 2665 certe
364 2599 525 2676 eductum,
541 2600 731 2664 domitorem
754 2599 928 2688 Hispaniae
949 2601 1147 2689 Galliaeque,

97 2685 273 2751 ‘victorem
288 2685 427 2750 eundem
442 2709 508 2750 non
518 2685 709 2773 Alpinarum
719 2686 814 2752 modo
827 2688 982 2774 gentium,
994 2688 1076 2752 sedi
1100 2711 1148 2754 sa-

97 2779 202 2848 ‘rum,
223 2771 311 2857 quod
333 2771 435 2835 multo
456 2771 557 2835 maius
582 2784 639 2848 est,
659 2771 802 2859 Alpium,
825 2795 899 2837 cum
923 2775 1065 2838 semestri
1077 2711 1148 2840 lroc

72 2865 108 2921 4‘
120 2857 282 2922 conferam
311 2857 404 2934 duce,
434 2858 593 2921 desertore
623 2858 781 2922 exercitus
810 2860 882 2923 sni?
915 2857 979 2924 Cui
1008 2860 1034 2924 si
1065 2861 1146 2946 quis,

98 2942 260 3029 ‘demptis
269 2943 377 3030 signis,
393 2943 519 3007 Poenos
534 2943 759 3030 Romanosque
774 2944 871 3008 hodie
886 2945 1041 3023 ostendat,
1057 2946 1067 3009 i
1113 2969 1148 3009 o-

99 3035 265 3094 ‘raturum
285 3041 407 3092 certum
427 3028 538 3106 habeo,
555 3028 657 3094 utrius
676 3030 833 3094 exercitus
850 3031 890 3095 sit
905 3028 1022 3096 consul.
1068 2967 1148 3096 illan

99 3123 184 3200 ‘ego
204 3111 283 3178 illud
301 3114 388 3202 parvi
408 3115 549 3192 aestimo,
565 3114 691 3190 milites,
708 3116 795 3203 quod
815 3139 910 3181 nemo
929 3130 1068 3182 vestrum
1088 3131 1146 3195 cst,

99 3209 110 3238 ‘
122 3200 215 3264 cuius
228 3213 376 3264 nonanta
391 3199 499 3265 oculos
512 3200 579 3287 ipse
594 3221 688 3286 saepe
701 3201 835 3265 militare
850 3201 978 3288 aliquod
993 3203 1148 3266 ediderim

100 3285 262 3362 ‘facinus3
293 3287 346 3349 cui
368 3309 432 3350 non
457 3284 544 3350 idem
570 3309 639 3373 ego,
663 3285 788 3350 virtutis
811 3299 967 3372 spectator
989 3310 1026 3352 ac
1050 3288 1147 3365 testis,

101 3381 234 3436 ‘notata
263 3372 456 3471 temporibus
481 3370 622 3457 locisque
651 3371 767 3434 referre
792 3393 851 3435 sua
877 3371 994 3458 possim
1024 3373 1146 3438 decora.

101 3467 111 3496 ‘
125 3456 212 3521 Cum
225 3456 361 3521 laudans
375 3479 394 3520 a
407 3479 459 3522 me
475 3457 588 3521 millies
602 3456 801 3542 donatisque,
816 3456 963 3522 alumnus
977 3459 1064 3545 prius
1081 3481 1149 3523 om-

101 3552 112 3583 ‘
123 3543 213 3607 nium
235 3555 384 3620 vestrum,
400 3565 497 3644 quam
518 3543 697 3629 imperator,
720 3541 888 3628 procedam
910 3543 977 3608 acie
1001 3545 1149 3609 adversus

103 3628 249 3716 ‘ignotos
276 3628 360 3694 inter
384 3651 417 3693 se
435 3641 697 3728 ignorantesque.
745 3627 947 3730 Quocunque
971 3630 1150 3696 circumtuli
1253 3679 1261 3700 .

103 3713 347 3802 ‘oculoaplena
357 3737 464 3778 omma
474 3715 567 3779 video
576 3714 944 3793 animorumacrobons3
964 3729 1149 3782 veteranum

79 3799 275 3900 s‘peditem,
298 3800 608 3887 generosissimarum
633 3801 777 3887 genu'um
804 3802 927 3887 equites
951 3801 1089 3868 fienatos
1116 3816 1149 3868 et

103 3886 307 3964 ‘infrenatos
323 3909 378 3950 vos
395 3887 497 3952 socios
511 3885 709 3952 fidelissimos
723 3887 981 3975 fortissimosque,
997 3912 1052 3954 vos
1069 3889 1149 3954 Car·

135 4111 150 4160 3
166 4097 206 4144 Ab
216 4097 335 4146 Herculis
342 4097 471 4157 calamon]
491 4095 549 4144 Hae
559 4093 612 4157 qui-
644 4096 675 4144 de
686 4095 810 4158 Scipione,
823 4095 865 4156 qui
882 4094 1015 4145 maximam
1030 4097 1151 4147 exercitus

102 4157 612 4222 demduomontessrantqnorumaltcrin
644 4159 680 4207 sni
687 4159 811 4221 partemin
819 4159 1077 4222 Hispaniammiserat.
1085 4177 1150 4226 supr.

103 4224 229 4285 Hispania
240 4225 326 4286 Colpe,
335 4225 398 4273 alter
408 4223 433 4272 in
442 4223 613 4286 Amaranto
645 4238 666 4270 c.
679 4236 716 4286 3²·

103 4287 186 4336 dictus
198 4293 245 4346 est,
255 4287 448 4337 heddidraltar
459 4293 484 4336 st
495 4287 580 4337 Oeam.
678 4299 691 4348 5
708 4289 735 4334 Ε
749 4287 812 4336 uitas
827 4289 942 4348 semotos
957 4294 982 4337 at
999 4289 1149 4349 infrenatos]

137 4350 614 4411 4Daacrtorratarcitnssui11nvidiosc
647 4303 781 4410 Numidae,
800 4351 841 4412 qui
867 4351 965 4412 plurimi
988 4352 1024 4400 in·
1040 4352 1151 4414 equitatu
