2966 4778
355 241 419 304 160
737 231 852 299 ΤΙΤΙ
880 230 1017 298 LIVII

195 371 232 426 U·
244 374 273 426 0·
290 387 426 458 serpena
440 368 591 434 vo'onum
612 366 695 454 erat)
709 381 926 434 assuescerent
940 367 1030 456 signa
1048 366 1149 467 sequi,
1166 367 1250 431 etin
1272 367 1342 432 acie
1357 389 1421 454 ag·

195 438 227 490 Α·
244 439 274 491 ⁰·
291 453 345 502 ²¹⁵·
354 478 484 521 noscere
496 457 623 520 ordines
638 477 719 520 suoe
758 453 848 519 Inter
860 477 942 541 quae
955 453 1142 520 concordiae
1154 453 1298 518 maxima
1309 455 1441 518 inerats
1471 509 1472 512 ,

354 565 430 608 cura
444 542 530 620 duci,
547 542 654 629 itaque
675 541 788 628 legatis
811 540 1011 628 tribunisque
1033 551 1251 628 praeceperat,
1269 547 1420 627 ‘nequa

356 629 576 716 ‘exprobratio
591 629 742 715 cuiquam
756 628 871 692 veteris
885 628 1030 692 fortunae
1047 626 1239 691 discordiam
1255 625 1346 690 inter
1362 650 1418 691 or-

356 715 468 780 ‘dines
490 729 626 780 sereret:
651 726 741 779 vetus
762 713 853 778 miles
875 713 980 792 tironi,
996 713 1077 777 liber
1097 713 1204 777 voloni
1226 735 1299 777 sese
1318 735 1420 778 exae-

356 801 465 889 ‘quari
477 802 607 866 sineret:
632 823 742 866 omnes
753 800 828 865 satis
837 800 987 865 honestos
995 821 1229 950 {encresosque
1243 799 1416 876 ducerent,
1471 819 1472 832 ¹

356 889 491 975 ‘quibus
506 910 593 952 arma
606 910 663 952 sua
677 887 831 974 signaque
847 886 984 973 populus
1033 908 1165 950 omanus
1180 885 1415 950 commisisset:

356 984 456 1062 ‘quae
466 975 593 1039 fortuna
601 973 809 1060 coegissetita
820 972 899 1048 fieri,
910 972 1044 1038 eandem
1054 995 1166 1058 cogere
1176 972 1261 1036 tueri
1271 972 1418 1036 factum.'
1471 1033 1472 1044 ,

356 1061 406 1126 Ea
426 1083 492 1125 non
515 1061 633 1125 maiore
655 1082 730 1124 cura
752 1071 922 1146 praecepta
943 1060 982 1124 ab
1005 1058 1140 1122 ducibus
1160 1071 1247 1135 sunt,
1295 1081 1376 1122 uam
1399 1083 1418 1122 a
1471 1079 1472 1122 r

355 1147 509 1212 militibus
531 1148 714 1222 observata3
745 1145 897 1232 brevique
921 1158 1008 1210 tanta
1030 1145 1199 1210 concordia
1224 1082 1419 1209 colluerant
1471 1145 1472 1228 l

355 1233 499 1298 omnium
515 1232 623 1309 animi,
636 1243 672 1296 ut
686 1254 785 1319 prope
801 1231 835 1295 in
847 1230 1037 1296 oblivionem
1047 1231 1178 1307 veniret,
1194 1254 1261 1317 qua
1275 1253 1322 1295 ex
1339 1255 1419 1296 con-
1471 1249 1472 1312 }

354 1319 477 1384 ditione
496 1319 631 1405 quisque
650 1336 732 1382 esset
752 1317 842 1382 miles
861 1317 970 1386 factus
1017 1316 1109 1382 Haec
1188 1317 1235 1380 nti
1260 1316 1418 1382 Graccho

356 1405 453 1494 legati
470 1404 610 1470 Cumani
624 1405 824 1481 nuntiarunt,
840 1426 923 1490 quae
938 1426 958 1468 a
971 1403 1145 1491 Campanis
1170 1403 1276 1489 egatio
1291 1427 1418 1503 paucos
1471 1421 1472 1482 l

356 1505 430 1556 ante
445 1491 513 1556 dies
527 1491 674 1570 venisset,
691 1490 817 1577 etquid
832 1490 870 1554 iis
882 1490 942 1577 ipsi
957 1489 1199 1577 respondissent
1246 1489 1417 1554 Trrduum
1471 1483 1472 1562 l

356 1590 429 1678 post
450 1599 523 1641 eum
546 1577 632 1641 diem
653 1577 769 1642 festum
791 1598 878 1642 esse:
902 1598 969 1641 non
986 1589 1130 1640 senatum
1152 1575 1255 1640 solnm
1278 1599 1417 1640 omnem

356 1664 402 1728 rbi
424 1663 579 1740 futurum,
603 1663 660 1728 sed
686 1675 788 1728 castra
810 1663 907 1727 etiam
931 1675 965 1726 et
990 1663 1166 1727 exercitum
1192 1659 1416 1749 Campanum.

359 1749 532 1826 Gracchus,
548 1749 640 1814 iussis
662 1747 817 1815 Cumanis
831 1749 939 1813 omnia
956 1771 997 1813 ex
1069 1748 1094 1812 's
1115 1748 1149 1811 in
1163 1747 1276 1813 urbem
1292 1771 1418 1814 conve-

356 1835 442 1912 here,
459 1849 492 1900 et
507 1857 635 1900 manere
655 1836 739 1901 intra
757 1857 873 1912 muros,
889 1835 956 1922 ipse
971 1771 1084 1922 prifldbl,
1101 1856 1197 1921 quam
1220 1848 1346 1898 statum
1366 1859 1418 1900 sa-

357 1923 512 1988 crificium
538 1920 712 2010 Campanis
738 1934 830 1999 esset,
854 1920 975 1986 Cumas
997 1933 1105 1986 movet
1125 1932 1233 1985 castra
1282 1919 1417 1986 Hamae

357 2009 434 2074 inde
460 2009 520 2074 tria
541 2007 642 2072 millia
662 2030 811 2096 passuum
833 2008 956 2072 absunt.
1002 2006 1070 2071 lam
1097 2005 1256 2094 Campani
1283 2029 1326 2072 eo
1350 2007 1417 2072 fie-

358 2106 493 2182 quentes
519 2117 561 2160 ex
589 2116 659 2160 com
720 2095 765 2160 ito
795 2106 1018 2171 convenerant,
1045 2116 1106 2159 nec
1135 2092 1244 2179 procul
1269 2092 1353 2159 inde
1378 2095 1416 2159 in

356 2181 482 2247 occulto
502 2180 625 2246 Marius
691 2181 751 2245 tius
772 2179 1005 2246 Medixtuticus
1025 2178 1182 2267 (summus
1204 2180 1436 2265 magistratust

358 2283 426 2333 erat
457 2265 646 2356 Campanis)
670 2289 742 2333 cunr
770 2266 1025 2354 quattuordecim
1051 2265 1189 2330 millibus
1214 2279 1415 2331 moruorum

358 2354 495 2419 babebat
509 2368 610 2419 castra
617 2377 627 2431 ;
650 2353 802 2418 sacrificio
814 2352 1006 2440 apparando,
1015 2366 1049 2417 et
1062 2353 1147 2416 inter
1156 2351 1191 2415 id
1201 2350 1413 2417 instruendae

358 2439 462 2504 fraudi
477 2439 639 2525 aliquanto
653 2439 815 2517 intentior,
832 2461 928 2526 quam
949 2438 1131 2503 muniendis
1144 2437 1263 2514 castris,
1281 2451 1343 2503 aut
1356 2437 1414 2504 ulli

359 2525 486 2590 militari
516 2525 612 2613 operi.
662 2525 823 2590 Triduum
851 2524 1060 2589 sacrificatum
1089 2522 1131 2588 ad
1160 2522 1292 2588 Hamas
1343 2525 1432 2590 Nor

358 2625 506 2677 ctmnum
519 2625 587 2676 erat
597 2633 731 2689 sacrum,
744 2611 790 2676 ita
800 2625 836 2676 ut
848 2623 921 2676 ante
937 2611 1074 2675 mediam
1090 2621 1217 2675 noctem
1233 2610 1413 2698 complere-

359 2711 419 2762 tur.
459 2696 546 2761 Huic
563 2697 727 2762 Gracchus
738 2697 953 2764 insidiandum
968 2697 1104 2784 tempori
1119 2709 1214 2774 ratus,
1225 2697 1432 2762 custodibuse

359 2783 401 2849 ad
415 2795 521 2871 portas
535 2783 654 2884 positis,
669 2805 711 2848 ne
726 2784 798 2870 quis
813 2784 979 2848 enuntiare
990 2795 1097 2870 posset
1110 2795 1234 2869 coepta,
1248 2797 1284 2847 et
1298 2783 1343 2847 ad
1358 2783 1414 2848 de·

358 2871 474 2936 cimam
489 2869 552 2934 dier
568 2869 678 2934 horam
698 2870 814 2934 coactis
829 2868 982 2939 militibus
999 2890 1131 2956 corpora
1146 2891 1267 2946 curare,
1285 2892 1413 2934 somno·

359 2980 422 3045 que
443 2978 571 3045 operam
591 2955 676 3033 dare,
693 2969 729 3020 ut
748 2955 858 3043 primis
880 2955 1020 3020 tenebris
1038 2955 1207 3020 convenire
1222 2955 1264 3019 ad
1283 2956 1412 3042 signum

358 3056 496 3130 possent,
520 3041 628 3129 vigilia
649 3040 749 3107 ferme
771 3043 875 3129 prima
896 3041 964 3106 tolli
986 3041 1076 3106 iussit
1097 3041 1206 3128 signa3
1238 3041 1412 3130 silentique

399 3223 503 3272 blnter
525 3237 588 3286 quoe
604 3223 745 3271 maceratae
760 3223 868 3269 marim
900 3219 1000 3268 musibi
1011 3219 1107 3282 capitur
1118 3216 1231 3275 Meddix‚
1243 3217 1412 3267 occiditural-

359 3288 441 3334 inerat
451 3287 593 3346 carradeci]
615 3286 710 3335 Vocem
727 3286 868 3333 corcordiae
900 3286 963 3332 ter.”
995 3283 1036 3331 Ex
1058 3282 1146 3344 quibus
1167 3282 1247 3329 verbis
1274 3281 1412 3340 conficitur,

359 3349 492 3398 omiserunt
504 3349 710 3399 Drakeanrer.
723 3354 748 3396 et
759 3347 866 3396 Beklrer.
900 3347 1004 3396 Meddr'r
1021 3361 1152 3394 commune
1169 3360 1260 3394 nornen
1277 3345 1363 3404 brisce,
1379 3363 1412 3394 re

360 3413 512 3462 Gronovium
538 3413 624 3472 secuti,
645 3413 687 3474 qui
708 3413 791 3475 itaque
818 3426 868 3459 non
900 3411 1022 3472 spondens
1030 3411 1119 3459 Latino
1129 3412 1305 3471 mpetratum
1322 3411 1412 3460 Osonn

360 3475 868 3540 perticulamhieeeuselemeeasedpo
900 3489 991 3522 nomen
1016 3477 1107 3523 tuticus
1134 3473 1271 3536 exprimere
1297 3473 1411 3522 latinum

359 3540 409 3590 tius
424 3557 468 3605 pro
479 3548 503 3592 et
519 3543 555 3590 tra
572 3539 676 3604 positam
687 3538 867 3588 animadvertit
900 3553 1022 3586 remmus.-
1039 3543 1067 3586 nt
1084 3538 1146 3586 adeo
1163 3538 1348 3586 Medietaticus
1367 3553 1411 3586 non

360 3604 454 3654 Verum
467 3605 598 3654 Douiatius
608 3605 756 3662 corcordiae,
767 3603 832 3664 quod
843 3609 869 3650 et
900 3601 1000 3662 aliquod
1011 3602 1136 3663 proprirnn
1153 3599 1412 3663 magistrntdsnomen
1471 3649 1472 3672 Χ

359 3669 442 3732 scripti
458 3685 508 3717 non
525 3669 597 3731 pauci
612 3673 686 3730 atque
698 3667 756 3715 editi
768 3667 868 3726 babent,
901 3664 941 3724 sit,
952 3666 1025 3726 quale
1036 3681 1057 3714 e.
1068 3681 1090 3727 g.
1103 3665 1223 3714 Romanis
1233 3664 1351 3725 dictator,
1360 3681 1412 3714 eon-

358 3734 514 3782 retinendum
523 3739 613 3792 censet,
623 3731 735 3793 “alioqui
744 3730 809 3779 enim
818 3746 868 3778 sus-
901 3729 939 3776 sul
952 3735 1009 3789 ete,
1019 3729 1062 3777 sed
1079 3730 1144 3778 Osca
1159 3728 1244 3790 lingna
1263 3729 1329 3778 nihil
1346 3729 1411 3778 eliud

360 3811 461 3857 pensam
472 3797 652 3858 quodammodo
663 3795 769 3843 sunnam
781 3793 868 3842 oratio·
900 3793 1009 3851 denotet,
1026 3807 1100 3854 quarn
1119 3807 1250 3841 commune
1267 3793 1411 3842 Latinorum

360 3873 426 3918 nem,
433 3876 478 3909 nec
489 3859 667 3922 appariturum,
674 3859 743 3907 cuius
754 3859 789 3906 rei
800 3873 868 3906 max·
900 3871 991 3905 nomen
1001 3871 1109 3905 summus
1119 3859 1285 3918 manistram-r.
1299 3857 1406 3906 Suom.

313 3959 315 3964 f
359 3922 410 3970 ima
422 3923 565 3985 Sempronio
577 3937 635 3969 cura
646 3926 734 3969 eeset.”
939 3935 949 3968 1
968 3923 1138 3994 Soorificcturn
1157 3921 1190 3994 ad
1207 3921 1322 3980 Hamas]
1352 3921 1411 3969 Dn-

361 3986 753 4112 srlslllll‘llilffllll‘
770 3992 869 4108 {iffi
900 3983 1410 4110 ttlatatlttttffltttttdm

360 4114 469 4166 Bekker.
503 4112 601 4160 Nomen
620 4112 720 4170 Oscum,
735 4125 779 4160 seu
795 4112 867 4160 Carn-
900 4119 949 4161 tur.
983 4111 1073 4160 Seruus
1085 4113 1193 4168 fortasse,
1203 4113 1345 4173 sacnflcen'
1360 4115 1410 4162 asli

359 4193 452 4253 panum
461 4175 693 4249 magistretdaquod
701 4173 805 4223 occurrit
814 4175 867 4224 inb.
900 4183 952 4224 tam
962 4181 1045 4252 estut
1057 4174 1171 4238 Rascbig.
1183 4174 1277 4252 placet.
1315 4239 1321 4250 Ι
1351 4239 1375 4250 ..

360 4237 634 4354 atterrat
647 4237 868 4362 tutatae
901 4238 1410 4352 ettatttttrtarttatt

360 4365 647 4430 menmagistratiraest.”
663 4363 868 4413 Ennim:‘⁴Sum-
901 4365 1070 4417 maritorum.”
