2866 4770
335 215 399 278 496
727 206 840 274 ΤῙΤΙ
871 206 1005 274 LIVII

179 357 255 408 tho.
271 358 328 419 54⁸·
338 345 538 414 Masinissam
565 367 638 410 cum
664 345 809 431 equitatu
834 345 1042 445 praemissum
1068 346 1177 432 portis
1205 348 1387 434 obequitare,

178 423 208 471 Α·
225 423 255 472 ⁰·
273 435 356 500 ’Ἣ
392 457 432 496 ue
447 433 570 497 hostem
590 431 631 496 ad
649 453 790 518 pugnam
809 431 934 508 elicere,
949 432 1060 496 iubet:
1086 434 1146 496 ubi
1169 435 1280 498 omnis
1298 434 1388 498 mda-

337 534 372 584 tu
396 543 415 584 o
430 542 463 584 se
477 519 650 595 effudisset,
666 518 853 605 graviorque
869 518 932 582 iarn
947 517 980 580 in
995 518 1181 583 certamine
1198 533 1295 593 wat,
1309 543 1387 606 quam

338 620 374 671 ut
388 606 479 670 facile
495 605 643 670 sustineri
657 618 773 691 posset,
789 603 918 668 cederet
932 603 1100 690 paullatim
1114 629 1124 680 ;
1149 628 1188 669 se
1209 607 1245 670 in
1264 621 1387 694 tempore

338 715 464 780 pugnae
494 692 714 756 obventurum.
761 689 905 754 Tantum
941 704 1092 768 moratus,
1126 707 1297 778 quantum
1330 693 1402 756 ntist

338 779 488 864 temporis
510 799 692 864 praegresso
711 777 814 841 visum
836 777 880 839 ad
902 776 1075 840 eliciendos
1100 777 1229 856 hostem
1246 801 1320 843 cum
1337 779 1388 842 Ra·

338 887 433 929 mano
456 865 601 951 equitatu
623 877 759 940 secutus,
779 863 959 948 tegentibus
981 862 1127 940 tumulis,
1144 865 1209 951 qui
1234 887 1387 952 pempptu·

340 965 416 1016 tune
441 951 525 1014 circa
547 949 616 1014 viae
639 950 742 1014 flexus
767 949 904 1036 oppositi
929 961 1029 1026 erant,
1057 950 1217 1014 occultus
1244 952 1386 1038 procffiit

340 1038 519 1115 Masinissa,
549 1058 591 1101 ex
620 1037 804 1123 composito,
831 1057 918 1099 nunc
947 1037 1107 1113 terrentis,
1136 1060 1236 1102 nunc
1267 1039 1387 1102 timent's

340 1125 446 1201 modu,
473 1137 528 1188 aut
557 1122 567 1185 i
591 1122 632 1186 sis
658 1123 863 1210 obequitabat
888 1121 997 1208 portis,
1024 1135 1081 1186 aut
1109 1123 1280 1202 cedendo,
1306 1147 1386 1210 quun

341 1211 461 1276 timoris
480 1145 638 1273 simuititio
659 1208 822 1273 audaciam
846 1208 929 1273 hosti
950 1208 1077 1285 faceret,
1095 1209 1140 1272 ad
1164 1211 1386 1297 insequendum

340 1312 459 1362 temere
480 1295 633 1360 eliciebat
681 1294 837 1359 Nondum
858 1317 967 1359 omnes
986 1295 1106 1381 agreed
1128 1310 1241 1374 erant,
1258 1299 1386 1382 varieque

340 1383 408 1448 dux
422 1383 619 1469 fatigabatur,
636 1381 713 1445 alios
727 1382 803 1444 vino
818 1395 851 1446 et
865 1403 975 1444 somno
990 1403 1103 1467 graves
1118 1404 1217 1446 arma
1233 1406 1351 1470 capere,
1363 1397 1387 1445 et

340 1470 462 1533 frenare
486 1491 585 1554 equos
610 1468 765 1554 cogendo,
789 1467 866 1544 aliis,
889 1490 930 1530 ne
956 1467 1055 1554 sparsi
1080 1481 1117 1531 et
1144 1469 1312 1534 inconditi
1334 1470 1385 1532 sim

341 1555 463 1631 ordine,
479 1556 546 1617 sine
563 1554 660 1641 signis
681 1555 828 1618 omnibus
848 1553 946 1640 portis
966 1569 1192 1630 excurrerent,
1211 1555 1385 1620 obsistendo

341 1640 450 1704 Primo
476 1641 603 1704 incaute
630 1663 663 1704 se
690 1640 862 1704 evehentes
890 1639 1058 1702 Masinissa
1083 1641 1299 1727 excipiebat:
1328 1663 1385 1704 mot

341 1725 447 1813 plures
470 1726 564 1789 simul
586 1727 721 1790 conferti
743 1739 835 1813 porta
856 1726 947 1790 effusi
970 1741 1194 1811 aequaverant
1219 1743 1385 1792 certamen:

341 1826 510 1900 postremo,
527 1813 589 1876 iam
610 1814 713 1876 omnis
733 1813 893 1899 equitatus
912 1812 1033 1899 proelio
1054 1835 1161 1898 quum
1183 1814 1323 1891 adesset,
1336 1835 1386 1878 sus·

343 1900 437 1964 tineri
460 1898 542 1963 ultra
564 1901 725 1984 nequiere.
773 1898 849 1964 Non
871 1911 978 1962 tamen
1001 1897 1102 1962 effusa
1119 1899 1205 1986 tuga
1225 1900 1385 1970 Masinissa

342 1985 399 2049 sed
414 1985 558 2050 cedendo
573 1985 700 2060 sensim,
716 1985 853 2071 impetus
873 2007 981 2049 eorum
1004 1985 1215 2071 excipiebat:
1241 1985 1386 2051 donecsd

342 2071 481 2136 tumulos
511 2084 654 2158 tegentes
681 2071 863 2135 Romanum
893 2071 1071 2156 equitatum
1101 2074 1280 2158 pertraxit.
1324 2072 1387 2136 Inde

342 2159 445 2223 exorti
463 2159 596 2244 equites,
613 2171 644 2221 et
664 2158 724 2244 ipsi
745 2159 810 2222 inte
851 2158 876 2220 's
889 2157 1018 2234 viribus,
1034 2171 1068 2220 et
1087 2161 1285 2224 recentibus
1306 2160 1386 2245 equis¹

345 2244 498 2309 Hannoni
515 2244 664 2328 Afrisque
680 2181 859 2330 pugnandi>¹
871 2266 907 2307 ac
925 2243 1089 2330 sequendo
1104 2243 1203 2310 fessis
1220 2269 1256 2310 se
1272 2248 1388 2310 circum-

342 2329 474 2395 fudere:
499 2344 531 2394 et
547 2330 723 2406 Masinissa,
739 2331 831 2394 flexis
845 2330 950 2394 subito
964 2331 1065 2416 equis,
1080 2330 1117 2392 in
1134 2353 1287 2418 pugnam
1302 2331 1386 2396 rediit

187 2425 329 2501 vincuntur
345 2416 438 2482 Mitte
462 2417 570 2493 ferme,
594 2417 648 2503 qni
674 2417 768 2516 primi
794 2415 928 2502 agminis
950 2415 1086 2491 fuerant,
1112 2431 1151 2480 ut
1175 2418 1301 2504 quibus
1321 2415 1388 2481 haud

186 2489 312 2564 ΜΨ·
344 2503 443 2568 facilis
473 2517 618 2590 receptus
643 2503 712 2578 furt,
736 2525 809 2566 cum
839 2503 907 2589 ipso
932 2502 1013 2566 duce
1041 2501 1215 2567 Hannone
1244 2503 1387 2569 intentat

186 2569 289 2604 mamea
345 2603 440 2675 atque
470 2590 628 2653 interfecti
654 2602 736 2652 sunt
784 2587 927 2666 Ceteros,
954 2587 1044 2652 ducis
1071 2589 1254 2676 praecipue
1283 2591 1388 2655 territas

344 2675 452 2751 caede,
479 2676 577 2740 effuse
603 2675 761 2762 fugientes
787 2697 844 2761 per
873 2676 934 2738 tria
957 2673 1057 2738 millia
1081 2697 1244 2760 passuum
1272 2678 1402 2742 victores:

344 2762 455 2838 secuti,
471 2761 511 2824 ad
532 2761 597 2826 duo
617 2774 780 2849 praeterea
799 2761 898 2825 millia
917 2760 1061 2846 equitum
1083 2774 1142 2825 aut
1161 2778 1333 2850 ceperunt,
1346 2779 1386 2824 sut

345 2847 538 2912 occiderunt.
585 2847 675 2913 Inter
688 2871 743 2912 eos
757 2848 831 2911 satis
848 2848 1020 2922 constabat,
1036 2869 1100 2911 nou
1118 2847 1235 2913 minus
1250 2851 1386 2914 ducenta·

348 2932 659 3035 Carthaginiensium
689 2934 813 3020 equites
841 2933 945 3010 fuisse,
972 2947 1007 2997 et
1034 2933 1157 2996 divitiis
1186 2936 1385 3020 quosdsmet

345 3043 462 3108 genere
478 3021 622 3085 1llustres.

280 3157 288 3174 .
390 3107 515 3172 Eodem
529 3107 620 3184 forte,
637 3129 701 3193 quo
715 3106 794 3172 haec
809 3120 897 3193 gesta
913 3120 998 3184 suut,
1013 3106 1066 3170 die
1084 3128 1197 3184 naves,
1215 3131 1301 3195 quae
1315 3129 1386 3195 prae·

346 3193 420 3257 dam
439 3193 474 3257 in
499 3191 639 3258 Siciliam
661 3206 823 3270 vexerant,
844 3214 918 3258 cum
937 3205 1117 3257 commeatu
1137 3193 1293 3270 rediem
1318 3193 1386 3258 reiut

345 3279 514 3362 ominatae,
540 3279 581 3343 ed
605 3277 756 3366 praedam
780 3279 910 3344 alteram
934 3279 1142 3366 repetendam
1167 3301 1243 3344 sese
1270 3281 1386 3346 renim

346 3365 439 3430 Duos
471 3365 584 3430 eodem
621 3365 750 3430 nomine
786 3365 1098 3452 Carthaginiensium
1136 3365 1241 3431 duces
1279 3367 1389 3432 duobn·

346 3452 544 3539 equestribus
563 3451 690 3538 proeliis
711 3452 902 3529 interfectos,
918 3473 983 3516 non
1003 3473 1114 3516 omnes
1134 3467 1288 3518 auctores
1308 3465 1387 3516 snt:

346 3539 448 3616 veriti,
476 3538 581 3614 credo,
605 3560 646 3602 ne
670 3537 796 3603 falleret
820 3537 869 3603 bis
894 3535 994 3602 relata
1018 3538 1131 3602 eadem
1157 3560 1222 3603 res.
1273 3538 1404 3605 Coelium

347 3624 478 3710 quidem
492 3637 526 3688 et
540 3622 687 3688 Valerius
700 3634 828 3711 captum
844 3623 940 3688 etiam
957 3621 1152 3688 Hannonem
1167 3625 1315 3690 tradunt.
1398 3647 1404 3679 ε

379 3781 395 3832 6
412 3787 537 3842 Quantum
560 3785 621 3833 sarta
645 3785 758 3846 temporis
780 3797 852 3855 prae-
885 3785 936 3829 tam
945 3797 993 3845 per
1004 3784 1392 3845 mandamentum

344 3861 426 3907 eraso
441 3849 533 3907 enam]
552 3848 682 3904 Quantum
697 3847 800 3895 credidit
817 3861 853 3894 sa
886 3845 925 3894 sia
956 3845 1392 3908 Sodoukenbetmevtearraas

348 3909 380 3956 tis
395 3925 447 3958 esse
465 3910 592 3973 temporis,¹
610 3915 637 3958 ut
655 3910 794 3970 Masinissa,
812 3909 854 3970 qui
887 3924 937 3957 non
948 3909 1158 3970 admittunt‚quia
1168 3925 1293 3960 numam
1303 3910 1393 3958 credis

348 3987 500 4084 praegressus
530 3975 619 4034 hietat,
651 3980 734 4036 posset
765 3973 854 4022 elicere
886 3973 935 4021 lam
953 3973 1114 4036 persequendi
1129 3973 1393 4023 modumnimiseace

366 4038 473 4086 maced
484 4053 600 4100 pugnam.
616 4039 698 4087 Casu.
886 4037 937 4085 dat

383 4111 396 4162 7
411 4104 465 4150 Per
483 4104 533 4148 tria
551 4103 629 4150 millia
648 4103 781 4163 mam]
803 4103 855 4150 Per
919 4103 935 4148 8
951 4103 991 4151 Ne
1003 4102 1118 4162 falleret]
1138 4099 1179 4150 Ne
1198 4102 1239 4150 bis
1254 4117 1339 4151 amn
1356 4113 1393 4147 ret

349 4163 854 4226 mffimamillr'qquaerocesincoddqui-
887 4179 933 4227 per
941 4163 1132 4226 imprudentiam
1143 4173 1284 4214 narniam.
1302 4167 1380 4216 Cu*-

350 4226 453 4274 busdam
464 4229 586 4288 leguntur,
594 4228 701 4288 repostus
709 4227 856 4286 Gronovius,
919 4243 936 4292 9
952 4228 1058 4290 &ptura
1071 4229 1145 4276 aaa·
1156 4229 1330 4290 Ham]
1349 4227 1393 4278 ΝΕ

350 4301 425 4345 quum
436 4303 488 4336 rem
498 4289 538 4335 vix
548 4295 685 4337 memoratu
694 4291 792 4353 dignam
804 4305 856 4339 esse
888 4291 1053 4350 interfectum,
1060 4298 1088 4340 ut
1099 4305 1164 4352 supr.
1175 4301 1351 4342 memoratum
1362 4300 1390 4339 cst
1425 4297 1427 4360 4

350 4351 754 4412 censeat,sivictorequeshostem
763 4354 855 4414 fugien-
889 4355 969 4404 Csutv.
1417 4361 1427 4737 ι
