2874 4772
330 222 393 282 354
713 209 991 292 T1T1L1v11
1020 266 1033 279 „

175 364 209 416 u.
221 364 251 414 0.
267 362 421 427 sacrant
440 349 568 436 signum
586 347 682 426 Iovis,
697 348 774 414 arbo
812 371 853 413 ue
876 347 992 436 templo
1012 348 1212 437 propinqua,
1230 364 1268 418 ct
1283 351 1402 418 Ostiae

174 429 205 479 l„
222 429 251 478 0·
268 439 427 514 warocus,
447 447 482 500 et
500 435 631 522 Capuae
653 457 774 512 murus,
817 446 1012 522 ortunaeque
1033 433 1141 512 aedes,
1161 451 1200 502 et
1223 437 1391 504 sium

332 545 441 589 murus
460 535 624 609 portaque.
672 520 764 586 Haec
778 519 820 586 de
840 521 930 586 coelo
950 535 1039 586 tacta.
1087 520 1284 590 Cruentam
1302 525 1391 590 etism

332 609 461 676 fluxisse
476 631 592 695 aquam
605 606 775 684 Albanam,
811 607 917 672 uidam
930 621 1072 673 auctores
1086 623 1204 676 erent:
1224 624 1263 678 et
1275 611 1392 676 Rome

333 697 419 798 intus
438 693 552 760 cellam
571 693 659 794 aedis
674 693 779 758 Fortis
820 707 953 760 onunae
967 693 1008 758 de
1023 695 1127 782 capite
1144 697 1299 784 signum,
1313 695 1403 848 qpppt

332 780 1321 958 isitii:ztirirffiiiiiiiititistimi
1342 870 1392 934 e-

334 954 446 1043 quenti
460 954 528 1020 foro
542 953 577 1018 in
592 954 755 1019 tabernam
771 952 942 1031 devolasse,
959 966 992 1018 et
1008 953 1184 1022 Sinuessae
1199 971 1324 1022 natum
1337 979 1392 1021 sm·

332 1043 430 1130 biguo
451 1039 536 1106 inter
557 1061 678 1104 marem
699 1062 736 1104 ac
754 1039 906 1104 feminam
926 1063 1005 1106 sexu
1027 1040 1214 1108 infantem:
1269 1065 1330 1108 uos
1348 1066 1393 1106 sn-

333 1127 494 1216 drogynos
508 1126 622 1214 vulgus
636 1127 689 1212 (ut
702 1125 863 1213 pleraque,
876 1125 1015 1192 faciliore
1030 1127 1073 1192 ad
1086 1068 1302 1215 duplicantis:
1312 1131 1394 1195 rerba

259 1275 262 1282 .
336 1214 461 1280 Graeco
486 1211 648 1299 sermone)
670 1211 827 1300 appellat:
859 1225 894 1277 et
916 1212 996 1278 lacte
1019 1213 1151 1300 pluisse,
1177 1230 1217 1281 et
1241 1239 1321 1282 eum
1341 1216 1394 1281 ele

356 1301 447 1366 banti
461 1299 565 1386 capite
580 1320 715 1386 puerum
730 1312 850 1364 natum.
896 1297 947 1363 Ea
965 1299 1113 1387 prodigia
1133 1299 1262 1367 hostiis
1280 1302 1394 1368 maiori·

333 1323 394 1454 bus
406 1397 584 1474 procurata,
600 1398 634 1450 et
647 1384 835 1485 supplicatio
855 1384 939 1450 circa
955 1386 1064 1451 omnia
1077 1385 1289 1473 pulvinaria,
1304 1403 1337 1454 et
1349 1389 1408 1454 obs

334 1474 467 1540 sectatio
487 1473 522 1536 in
542 1493 644 1538 unum
658 1470 745 1536 diem
765 1470 904 1536 indicta:
928 1484 962 1537 et
976 1471 1155 1552 decretum,
1175 1489 1218 1540 ut
1236 1475 1281 1542 C.
1297 1475 1395 1541 Hosi-

333 1559 395 1624 lius
419 1571 547 1645 praetor
571 1556 664 1623 ludos
685 1555 839 1644 Apollini,
863 1559 947 1624 sicut
972 1558 1022 1624 hia
1045 1560 1140 1625 annis
1163 1563 1242 1628 voti
1266 1563 1393 1649 fictique

102 1715 105 1720 ,
334 1659 435 1723 erant,
449 1657 580 1710 voveret
593 1643 783 1730 faceretque.

176 1739 304 1792 Cenares
378 1731 443 1796 Per
465 1753 520 1796 eos
539 1729 609 1795 dies
631 1743 665 1794 et
688 1730 871 1796 censoribus
894 1729 1040 1796 creandis
1066 1730 1108 1807 Q
1127 1731 1277 1800 Fulvius
1296 1733 1393 1801 canui

335 1817 465 1884 comitia
483 1817 602 1882 babuit.
651 1815 762 1882 Cresti
781 1837 938 1895 censores,
954 1817 1048 1883 ambo
1067 1819 1126 1905 qui
1146 1821 1309 1886 nondum
1330 1843 1393 1888 con-

334 1903 419 1970 sules
437 1904 573 1980 firerant,
594 1901 642 1966 M.
659 1900 828 1968 Cornelius
848 1901 1022 1992 Cethegus,
1043 1903 1079 1968 P.
1095 1903 1323 1994 Sempronius
1337 1907 1392 1972 Tu·

335 1989 471 2055 ditanus
519 1989 566 2054 Hi
597 2011 742 2054 censores
773 2001 809 2054 ut
839 2011 950 2076 agrum
981 1989 1192 2078 Campanum
1226 1993 1404 2060 fruendus

334 2075 487 2154 locarent,
502 2098 543 2142 ex
566 2074 751 2141 auctoritate
770 2075 902 2140 Patrum
922 2075 1022 2142 latum
1041 2077 1076 2142 in
1095 2076 1237 2164 plebem
1259 2095 1321 2158 est,
1334 2081 1404 2168 pls-t

177 2171 309 2236 beregen-
335 2163 455 2250 besque
470 2161 569 2228 scivit.
619 2160 754 2228 Senatus
774 2159 945 2227 lectionem
958 2163 1122 2228 contentio
1142 2164 1238 2230 inter
1254 2188 1390 2232 censores

177 2238 210 2312 ‘¹9
221 2237 286 2301 prin-
335 2249 376 2315 de
391 2249 534 2337 principe
554 2247 692 2334 legendo
712 2247 824 2313 tenuit.
871 2247 1052 2336 Sempronii
1071 2249 1171 2318 lectio
1194 2267 1293 2319 erat:
1317 2267 1388 2320 cetr-

176 2315 327 2416 ifflffi‘,
335 2357 406 2400 rum
432 2334 602 2401 Cornelius
629 2342 771 2398 ‘morem
793 2334 945 2400 traditum
967 2358 986 2399 a
1007 2336 1150 2437 patribus
1174 2339 1387 2426 sequendrm'

176 2427 219 2482 tio.
335 2423 449 2499 aiebat,
473 2419 613 2521 ‘utqui
632 2421 753 2570 primus
770 2441 882 2486 censor
901 2443 942 2486 ex
962 2422 1082 2572 ἱίᾟίιιι
1096 2439 1263 2504 viverent,
1280 2427 1386 2500 miser,

336 2515 433 2575 ‘eum
447 2509 625 2595 princlpem
651 2507 802 2592 egerent'
846 2505 879 2572 Is
894 2507 933 2572 T.
951 2506 990 2572 M
1057 2531 1093 2573 us
1108 2509 1309 2599 Torquatis
1322 2527 1385 2578 ersi

337 2592 552 2680 Sempronius,
583 2591 656 2657 ‘cui
675 2591 722 2656 dii
743 2605 859 2658 sortem
881 2593 1010 2682 legendi
1030 2594 1210 2675 dedissent,
1233 2613 1272 2664 et
1293 2598 1385 2666 imii-

336 2680 469 2744 ‘berum
483 2678 612 2744 eosdem
627 2677 752 2743 dedisse
767 2679 852 2744 deos
890 2679 931 2746 Se
946 2679 981 2746 id
994 2704 1052 2747 suo
1067 2682 1203 2748 arbitrio
1215 2685 1383 2752 incursum:

336 2763 578 2851 ‘lecturumque
597 2764 638 2840 Q.
653 2765 787 2830 Fabium
802 2765 994 2845 Maximum,
1010 2789 1106 2855 quem
1123 2782 1197 2834 tum
1213 2771 1384 2859 principem

336 2850 523 2916 ‘Romanae
546 2850 683 2916 civitatis
709 2874 788 2930 esse,
813 2852 864 2918 vel
892 2851 1073 2920 Hannibale
1100 2855 1225 2934 iudice,
1252 2859 1397 2924 victmrs:

335 2937 458 3004 ‘esset’
505 2936 616 3013 Quum
630 2937 688 3002 diu
707 2950 862 3004 certatum
877 2940 981 3006 verbis
1000 2952 1091 3018 esset,
1106 2943 1319 3010 concedente
1332 2944 1383 3008 ool·

333 3023 414 3178 iffa
439 3023 540 3090 lectus
565 3046 585 3088 a
611 3022 801 3112 Sempronio
827 3025 976 3114 princeps
999 3027 1035 3092 in
1060 3039 1175 3094 senatu
1205 3029 1252 3106 Q.
1279 3030 1382 3096 Fabius

374 3133 499 3176 snmus
513 3109 642 3176 consuls
659 3108 735 3176 inde
750 3111 831 3176 alius
844 3111 946 3178 leonis
960 3129 1096 3192 senatus,
1108 3130 1184 3180 octo
1199 3118 1382 3203 praeteritis

367 3333 482 3381 sortiar
499 3333 580 3391 horu]
607 3331 693 3388 Quum
713 3333 793 3380 lacrsm
811 3332 842 3380 de
875 3335 938 3392 rent,
958 3333 1113 3395 mancipibus
1134 3334 1259 3386 locarent
1294 3337 1381 3390 itus.

334 3396 404 3445 coelo
414 3401 508 3444 mum
519 3395 593 3444 finisse
603 3395 717 3458 nuspiam
731 3395 791 3444 nlibi
808 3396 842 3444 le-
874 3401 903 3446 ut
919 3395 1026 3447 Crevier.
1044 3402 1136 3458 monet,
1154 3401 1311 3450 memoruit
1328 3415 1380 3463 npt-

332 3459 404 3523 gerit,
413 3475 460 3510 nec
470 3459 593 3572 pnomodo
609 3458 636 3508 id
650 3459 698 3509 dici
712 3459 796 3522 possit,
806 3459 841 3508 in·
876 3474 898 3524 3.
909 3475 994 3523 ugrum
1009 3461 1167 3535 Campanum
1183 3478 1200 3512 s
1218 3463 1314 3514 Fulvio
1328 3467 1381 3516 lu·

333 3525 466 3584 teilexerit,
486 3539 548 3573 nous
557 3522 605 3571 hoc
619 3523 674 3571 loco
686 3523 783 3572 Livium
795 3523 840 3572 ior-
874 3527 928 3572 tum
939 3540 998 3575 esse.
1026 3524 1075 3575 Sed
1085 3525 1203 3575 nimirum
1217 3527 1283 3577 bssc
1298 3545 1335 3577 res
1344 3529 1380 3576 sol

333 3587 532 3651 tmescripsisse
543 3586 648 3636 coniecit
659 3587 766 3637 Crevier.
873 3588 983 3638 lenniore
998 3587 1047 3636 ritu
1064 3604 1096 3662 pa
1138 3589 1189 3639 'tur
1205 3607 1223 3639 s
1242 3593 1381 3649 cambus,

367 3655 469 3715 slatus
477 3653 575 3712 callam]
587 3653 661 3699 Intus
670 3653 791 3700 domum
809 3651 842 3700 ud
874 3667 977 3713 quornm
989 3665 1033 3714 pro
1052 3667 1115 3701 rrum
1143 3666 1381 3712 oomrmnserstsx

335 3715 418 3765 Plaut.
433 3713 489 3765 Mil.
502 3714 571 3764 Glor.
582 3713 607 3763 ii.
619 3713 642 3764 6.
655 3727 693 3777 55.
709 3713 769 3764 citat
780 3667 841 3764 ἐκ»
874 3667 1130 3766 mundandorum
1141 3718 1186 3778 ple
1204 3717 1211 3728 '
1243 3735 1278 3768 ns
1287 3719 1359 3770 inm

333 3778 426 3829 novius.
906 3777 923 3830 6
937 3781 1029 3830 Latass
1044 3783 1072 3829 ia
1085 3782 1194 3842 plain]
1252 3799 1302 3833 suc
1317 3783 1380 3833 insu

365 3859 381 3902 4
398 3843 536 3892 Obsecratic
547 3877 554 3892 .
565 3877 573 3894 .
584 3878 591 3892 .
602 3842 709 3902 indicta]
726 3843 841 3893 Obsecra-
873 3847 951 3892 tetam
968 3844 1083 3907 loquendi
1097 3845 1204 3894 formam
1222 3852 1325 3897 tantm
1339 3863 1380 3896 sn

333 3907 366 3954 tio
376 3906 480 3954 sumitur
494 3905 536 3954 hic
551 3906 694 3968 specialiora
708 3921 780 3955 sensu
796 3914 841 3969 pro
873 3908 967 3983 respuit
984 3908 1090 3958 Crevier.
1108 3923 1188 3972 quum
1205 3925 1311 3974 emper
1329 3913 1380 3962 sl*-

332 3967 381 4016 ritn
408 3969 516 4030 quodam
543 3968 660 4032 peculiari
684 3969 841 4034 supplicandi
873 3979 1002 4034 scriptores
1022 3972 1116 4034 antiqui
1136 3971 1248 4024 dixerint
1264 3978 1338 4036 sarrs
1354 3977 1380 4022 si

333 4029 389 4091 diis,
399 4033 606 4094 quemadmodum
623 4048 688 4095 supr.
699 4033 731 4084 iv.
743 4049 781 4084 ar.
794 4035 840 4084 Ob-
870 4037 972 4097 plebem,
989 4050 1063 4098 quam
1082 4035 1215 4086 lectionem
1238 4039 1298 4089 edd.
1317 4055 1378 4103 φῶ

332 4097 840 4161 mab...apopulodunmoirirprae
873 4097 1138 4164 dsmprseseierunt.

331 4161 446 4210 cantibus
456 4161 576 4220 ertsaotu
595 4157 676 4209 eurr,
907 4174 920 4226 7
942 4165 1056 4214 licturus
1068 4167 1140 4226 sust]
1163 4163 1305 4218 Ericturu
1318 4176 1377 4216 esss-

366 4235 379 4284 5
400 4223 433 4272 Ut
443 4238 531 4284 aprum
542 4221 695 4283 Campanum
702 4224 841 4284 fumidum
873 4225 904 4275 ci
916 4226 969 4277 cio.
986 4228 1019 4276 sd
1036 4227 1134 4279 Divers.
1145 4229 1180 4279 xi.
1193 4230 1235 4282 28.
1254 4233 1273 4258 ‘⁶
1282 4231 1377 4282 reim

331 4285 453 4345 burm]
466 4283 548 4336 cht
559 4283 665 4333 nucum
676 4301 719 4334 seu
729 4285 840 4350 vectigal,
872 4303 902 4337 so
923 4289 943 4339 si
964 4289 1014 4339 ism
1036 4291 1129 4350 vicerit,
1148 4291 1251 4344 obitum
1274 4295 1328 4346 sim
1350 4293 1376 4342 rs¹

332 4347 398 4408 quod
416 4361 564 4410 possessores
580 4346 731 4410 reipublicae
750 4351 840 4411 pende·
873 4353 987 4414 publicae
997 4355 1072 4404 ilrisse
1082 4355 1196 4405 utilem.”
