2874 4772
341 237 405 303 306
651 237 655 242 ’
727 229 840 298 ΤΙΤΙ
867 227 1005 298 LIVII

187 388 222 440 u.
233 388 264 438 c.
280 373 467 452 541.coronis
481 371 584 436 aureis
601 369 828 458 praecedentes
850 367 935 435 Sosis
957 368 1183 458 Syracusanam,
1198 381 1234 434 et
1256 367 1391 435 Menses

185 453 218 503 A*
234 453 265 504 ⁰⁶
280 465 336 500 ³¹¹·
344 459 525 547 Hispanus:
561 477 696 545 quorum
722 456 820 522 altero
846 455 928 521 duce
957 468 1115 521 nocturno
1146 455 1323 544 Syracusm
1350 455 1392 518 in·

344 547 475 613 troitum
491 557 576 622 erat;
600 543 680 609 alter
694 541 829 620 Nasum,
842 539 930 630 quod
953 563 994 608 ue
1008 543 1053 608 ibi
1067 542 1220 630 praesidii
1236 555 1318 618 erat,
1328 556 1404 630 pro-s

187 643 305 717 Sosidie
345 631 477 698 diderat
524 630 587 695 His
616 631 769 696 ambobus
794 629 903 694 civitas
925 565 1009 706 data,
1036 642 1069 694 et
1097 629 1305 715 quingenni

188 706 302 820 Me'nffiti
345 719 421 806 agri.
470 716 573 783 Sosidi
595 717 630 780 in
645 737 720 804 agro
745 715 952 804 Syracusana
968 714 1024 802 qui
1046 729 1102 780 aut
1115 716 1237 802 regius,
1254 729 1313 780 aut
1352 737 1392 778 os·

188 783 239 834 ⁰⁸³
304 805 310 821 '
346 805 427 870 tium
442 803 553 891 populi
569 803 707 867 Romani
721 801 842 880 suisset,
858 815 891 866 et
905 801 1000 866 aedes
1013 801 1187 890 Syracusis,
1198 801 1296 866 cuius
1309 801 1392 866 vellet

345 911 466 969 eornm,
478 891 513 954 in
525 912 605 976 quos
618 889 695 955 belli
710 889 778 953 iure
794 887 1047 953 animadversum
1059 900 1157 953 esset:
1185 887 1320 953 Merieo
1330 885 1393 952 His

346 977 511 1066 panisque,
530 976 587 1063 qui
609 997 682 1042 eum
701 995 740 1040 eo
763 975 961 1053 transierant,
978 975 1052 1039 urbs
1071 994 1215 1062 agerque
1240 975 1279 1038 in
1300 973 1394 1039 Sicilia

346 1085 388 1129 ex
410 1063 458 1141 iis,
478 1063 535 1150 qui
557 1085 577 1126 a
597 1061 716 1149 populo
739 1061 887 1126 Romano
909 1060 1106 1138 defecissent,
1129 1059 1217 1125 iussa
1239 1061 1323 1126 dari
1362 1059 1394 1124 Id

348 1149 396 1214 M.
412 1149 564 1216 Cornelio
579 1147 773 1225 mandatum,
790 1160 835 1225 ut,
848 1145 904 1212 ubi
918 1148 949 1212 ei
963 1146 1134 1224 rideretur,
1144 1149 1266 1212 urbem
1281 1169 1394 1236 agrum-

347 1259 411 1324 que
420 1236 458 1300 iis
467 1235 648 1322 assignaret
687 1233 727 1298 ln
742 1233 856 1298 eodem
867 1253 943 1321 agre
955 1233 1121 1320 Belligeni,
1134 1255 1313 1321 perquem
1321 1234 1395 1297 illae·

347 1337 399 1474 plus
414 1322 455 1386 ad
470 1320 689 1386 transitionem
705 1313 848 1384 Mericus
867 1332 944 1397 erat,
960 1319 1196 1407 quadringenta
1211 1321 1329 1408 iugera
1341 1319 1394 1406 agri

370 1421 484 1474 cereta

391 1495 469 1560 Post
483 1491 710 1582 prosectionem
725 1515 767 1557 ex
781 1491 889 1558 Sicilia
904 1489 1060 1570 Marcelli,
1070 1491 1198 1557 Punica
1213 1492 1328 1558 clamis
1337 1507 1396 1557 octo

191 1586 306 1662 barjesus
348 1581 448 1645 millia
468 1581 623 1667 peditum,
647 1579 708 1644 tria
730 1578 944 1643 Numidarum
968 1579 1112 1665 equitum
1135 1579 1304 1666 exposuit.
1353 1577 1397 1642 sd

191 1653 333 1764 ffibffiffi,
348 1689 403 1732 eos
425 1665 487 1730 Mu
525 1667 651 1730 entinae
672 1665 874 1731 desciverunt
893 1677 1012 1730 terrae:
1037 1677 1163 1730 secutae
1186 1665 1413 1736 defectionems

193 1729 312 1829 culmum
349 1775 458 1818 earum
488 1687 599 1840 llybla
624 1763 658 1816 et
682 1750 821 1816 Macella
843 1764 927 1829 sunt,
952 1763 985 1816 et
1008 1751 1216 1852 ignobiliores
1247 1752 1398 1840 quaedam

348 1839 436 1904 aliae.
483 1837 527 1902 Et
558 1837 730 1916 Numidae,
757 1838 916 1926 praefecto
946 1837 1085 1915 Mutine,
1175 1838 1183 1852 '
1217 1859 1284 1926 per
1313 1853 1401 1903 toun

351 1925 501 2003 Siciliam,
521 1924 678 1989 sociorum
700 1924 811 2012 populi
833 1923 972 1989 Romani
994 1945 1084 2011 agros
1105 1945 1162 1988 ure
1232 1937 1258 1988 t.
1311 1923 1401 2011 Super

348 2011 428 2077 haec
442 2011 601 2076 exereitus
622 2009 788 2075 Romanus
809 2009 916 2088 iratus,
932 2011 1047 2097 partim
1063 2009 1151 2112 quod
1171 2031 1252 2074 cum
1275 2012 1401 2099 impen-

349 2110 418 2163 tore
429 2117 495 2162 non
507 2096 658 2162 devectus
672 2119 714 2162 ex
724 2097 888 2184 provincia
901 2109 992 2176 esset,
1004 2109 1118 2184 partim
1130 2096 1224 2196 quod
1236 2097 1276 2162 in
1287 2095 1401 2184 oppidis

349 2184 517 2250 hibernare
532 2183 623 2248 vetiti
638 2195 737 2261 erant,
748 2183 836 2270 segni
851 2183 1065 2270 fungebantur
1081 2181 1216 2247 mihtia:
1241 2187 1402 2272 magisque

349 2271 389 2335 iis
406 2284 516 2336 auctor
530 2269 571 2334 ad
591 2269 791 2347 seditionem,
808 2291 903 2356 quam
922 2270 1054 2346 animus,
1070 2267 1189 2333 deerat.
1239 2268 1340 2335 Inter
1357 2271 1403 2334 bs

350 2356 551 2421 difficultates
572 2355 619 2420 M.
635 2354 806 2420 Cornelius
820 2367 947 2443 praetor
960 2371 994 2420 et
1013 2354 1151 2419 militurn
1165 2353 1312 2435 animos,
1329 2377 1403 2420 nune

349 2442 552 2520 consolando,
575 2462 663 2506 nuno
685 2441 878 2543 castigando,
901 2441 1031 2519 sedarit,
1055 2453 1088 2505 et
1114 2441 1268 2507 civitates
1293 2463 1404 2518 omnes,

351 2551 433 2616 quae
455 2529 647 2606 defecerant,
663 2527 698 2592 in
718 2528 873 2594 ditionem
895 2527 1036 2615 redegitr
1059 2540 1156 2615 atque
1178 2551 1224 2592 ex
1242 2529 1302 2594 his
1323 2529 1404 2594 Mur

350 2615 490 2701 gantiam
528 2613 691 2699 Hispanis,
722 2616 838 2702 quibus
866 2615 941 2680 urbs
975 2633 1114 2702 agerque
1144 2611 1337 2681 debebatur
1369 2635 1402 2680 ex

351 2700 632 2778 senatusconsulto,
648 2701 800 2767 attribuit

285 2826 295 2848 .
398 2784 564 2864 Consules,
592 2809 691 2873 quum
717 2787 811 2852 ambo
835 2785 988 2874 Apuliam
1017 2786 1216 2874 provinciam
1239 2787 1405 2854 haberent

351 2873 520 2959 minusque
536 2873 599 2938 iam
621 2874 747 2938 terroris
762 2897 782 2938 a
795 2873 913 2938 Poenis
931 2884 964 2938 et
985 2868 1167 2937 Hannibale
1189 2887 1294 2952 esset,
1311 2873 1406 2940 sortiri

351 2959 428 3024 iussi
442 2959 593 3046 Apuliam
605 2959 893 3046 Macedoniamque
904 2959 1089 3046 provincias
1137 2957 1292 3046 Sulpicio
1304 2959 1405 3026 Mace

352 3045 449 3111 donia
474 3046 590 3123 evenit,
613 3046 704 3132 isque
727 3045 870 3111 Laevino
896 3045 1053 3110 suecessit
1099 3041 1244 3123 Fulvius,
1273 3046 1405 3112 Romam

352 3131 553 3197 comitiorum
572 3153 667 3196 causa
686 3132 862 3209 arcessitus,
901 3153 978 3196 unm
997 3130 1126 3196 comitia
1147 3131 1345 3198 oonsulibus
1364 3155 1404 3196 ro·

415 3218 464 3282 dis
485 3216 627 3296 haberet,
650 3219 868 3305 praerogativa
922 3217 1024 3283 eturie
1049 3217 1210 3282 iuniorum
1234 3217 1416 3284 declararit:

196 3307 308 3359 Mutius
385 3301 568 3370 ‚Manlium
594 3301 794 3391 Torquatum
824 3317 857 3368 et
882 3303 922 3369 Τ.
938 3303 1119 3370 Otacilium.
1165 3301 1331 3383 Manlius,
1358 3301 1403 3392 qni

195 3373 349 3488 mrum
375 3411 501 3454 raesens
529 3404 605 3468 erat,
632 3389 811 3477 gratulandi
837 3413 932 3455 causa
956 3411 1055 3476 quum
1082 3389 1175 3454 turba
1204 3391 1324 3468 eoiret,
1354 3411 1405 3455 nec

352 3412 470 3541 Eubius
485 3488 567 3542 esset
581 3498 752 3541 consensus
766 3476 886 3564 populi,
903 3498 1019 3563 magna
1031 3475 1242 3541 circumfusus
1257 3481 1357 3542 turba
1370 3473 1406 3538 sd

353 3561 492 3628 tribunal
526 3563 663 3628 consulis
692 3562 797 3641 venit3
834 3561 916 3650 petit
939 3584 989 3640 ue,
1022 3575 1059 3627 ut
1109 3583 1187 3626 auca
1222 3584 1286 3628 sua
1317 3563 1406 3628 verbe

353 3649 488 3726 audiret,
515 3650 765 3736 centeniamque,
790 3671 871 3735 quae
898 3649 954 3713 tu'
1006 3660 1079 3713 tau
1159 3648 1238 3726 um,
1267 3646 1407 3714 rerooen

353 3735 486 3800 iuberet
532 3734 656 3800 Erectis
670 3735 817 3800 omnibus
832 3733 1078 3834 exspectatione,
1093 3733 1253 3822 qurdnam
1268 3735 1407 3824 poenale

355 3831 443 3884 turus
460 3835 551 3899 esset,
572 3821 736 3887 oculorum
755 3819 970 3886 valetudinem
990 3820 1159 3887 excusavit
1208 3819 1407 3910 ‘imperdere

388 3986 490 4037 BAlter
500 3989 609 4049 Nasum]
631 3989 690 4039 Non
703 3990 862 4050 Nasam,sed
894 3987 1057 4049 Mamm,
1075 3989 1163 4039 omissa
1182 4005 1245 4041 roes
1263 3999 1361 4053 unse,
1376 4007 1406 4040 re

355 4049 521 4099 Achradinam
530 4067 546 4100 ιι
553 4053 647 4100 Merico
656 4053 778 4115 proditam
789 4054 863 4102 fidssa
895 4055 977 4116 posuit
988 4053 1095 4104 Bekker.

354 4127 422 4176 supr.
436 4129 494 4163 xxv.
511 4128 548 4174 30.
564 4115 674 4165 traditur.
714 4117 755 4166 De
772 4118 863 4168 Scaidis
929 4131 940 4166 1
957 4119 1136 4180 Praesoysttss
1153 4119 1257 4168 Vetraria
1268 4121 1405 4178 duim]

355 4179 432 4226 ductu
449 4177 534 4226 Livius
549 4178 649 4226 omnino
663 4185 738 4239 tacet,
752 4188 780 4229 ut
795 4181 861 4232 Peri·
896 4197 929 4230 sc.
941 4182 1059 4232 Centuria
1073 4181 1194 4230 iuniorum
1207 4198 1241 4231 ex
1253 4185 1364 4234 Veturia
1374 4183 1406 4231 ni

355 4257 408 4290 son.
420 4241 598 4289 animadvertit.
895 4247 938 4304 bu,
954 4259 1018 4307 quae
1036 4245 1231 4308 praerogativam
1246 4251 1339 4298 sortita
1355 4256 1406 4298 en·-

387 4319 403 4367 9
414 4307 595 4366 Mamertinae
605 4305 758 4355 deadcemnt
768 4309 861 4367 enne]
895 4309 927 4358 cf.
935 4318 1001 4370 supr.
1009 4324 1031 4358 r.
1042 4311 1079 4360 18.
1095 4309 1164 4360 Faus,
1174 4307 1251 4362 Rom.
1261 4313 1329 4364 Ant.
1338 4314 1352 4373 ς
1362 4311 1407 4371 ree

357 4366 562 4416 Emendationem
575 4367 692 4416 Gronovii
703 4371 863 4430 Metapontini
896 4371 951 4421 infr.
962 4372 1037 4421 xxvii.
1049 4371 1072 4422 6.
