2878 4772
340 235 410 298 ’396
484 269 488 278 =
736 231 850 297 ΤΙΤΙ
877 229 1013 297 LIVII

284 381 437 436 545·tanto
459 367 622 434 altioribus
647 370 866 434 coercentibus
891 391 1019 434 amnem
1044 368 1137 470 ripis,
1165 391 1255 436 non
1286 367 1380 434 iniret

285 449 339 500 ²⁰⁷·
348 455 437 533 vada,
461 456 549 520 diem
575 455 707 521 terendo
729 457 867 543 spatium
890 455 982 520 dedit
1006 455 1049 520 ad
1071 458 1307 543 insequendi
1325 475 1379 518 sese

348 543 441 608 hosti.

237 641 290 702 48.
393 627 482 693 Nem
501 629 641 716 primum
660 651 734 693 cum
752 628 840 693 omni
855 628 1000 715 equitatu
1019 625 1166 694 advenitr
1194 627 1326 692 Porcius
1337 627 1378 690 de

192 721 329 784 tanquan.
348 715 424 780 inde
453 728 614 780 assecutus
643 737 718 780 curn
746 714 808 780 levi
836 729 1003 779 armatura.
1054 714 1120 789 Qui
1145 735 1255 801 quum
1283 713 1377 778 fessum

191 791 300 899 ἓξὲξ),
349 821 464 888 agmen
487 813 654 888 carperent
678 801 718 866 ab
745 801 832 865 omni
855 814 944 888 parte
967 802 1245 887 incursarentque,
1271 813 1303 864 et
1322 801 1377 872 ian,

301 885 308 902 ⁸
348 888 463 952 omisso
477 888 601 964 itinere,
613 888 701 974 quod
714 887 808 975 fugae
824 887 926 952 simile
942 904 1017 966 erat,
1028 900 1129 952 castra
1141 886 1263 952 metari
1274 885 1378 951 Poenus

348 974 383 1038 in
405 974 529 1038 tumulo
546 995 641 1061 super
654 973 795 1038 fluminis
810 974 912 1074 ripam
926 973 1039 1051 vellet3
1062 973 1195 1038 advenit
1211 973 1321 1036 livius
1337 993 1379 1058 pc·

348 1061 453 1125 ditum
467 1060 615 1124 omnibus
629 1060 737 1146 copiis,
753 1059 957 1124 non1tineris
979 1060 1084 1136 modo,
1099 1058 1157 1124 sed
1172 1058 1217 1124 ad
1233 1079 1377 1123 conseres

193 1156 326 1232 Instnritur
348 1145 427 1211 dum
452 1147 613 1234 extemplo
636 1145 793 1232 proelium
819 1146 980 1211 instructis
1006 1146 1210 1232 armatisque.
1260 1144 1322 1210 Sed
1339 1143 1378 1206 ubi

193 1226 315 1294 utrimque
349 1255 460 1298 omnes
481 1233 587 1319 copias
608 1231 853 1310 coniunxerunt,
869 1231 1052 1320 directaque
1067 1232 1151 1296 acies
1165 1245 1229 1310 est,
1246 1229 1378 1296 Claudius

191 1299 265 1335 ω
349 1319 463 1384 dextro
485 1319 520 1382 in
541 1340 651 1396 comu,
667 1317 779 1383 Livius
793 1319 833 1384 ab
847 1319 975 1383 sinistro
996 1341 1138 1406 pugnam
1159 1318 1308 1383 instruit:
1329 1337 1378 1380 ne·

349 1405 404 1470 dia
417 1405 500 1470 acies
513 1406 649 1492 praetori
665 1405 785 1469 tuenda
798 1404 901 1469 datur.
947 1403 1140 1485 Hasdrubal,
1154 1405 1278 1468 omioea
1295 1399 1379 1466 muni·

267 1539 270 1546 ,
350 1491 437 1556 tione
452 1504 635 1568 castrorum,
650 1504 818 1578 postquam
832 1490 1041 1579 pugnandum
1055 1491 1146 1568 vidit,
1162 1489 1199 1554 in
1215 1491 1317 1578 prima
1327 1487 1378 1552 acie

348 1589 424 1641 ante
441 1577 531 1664 signa
548 1577 596 1641 ele
619 1577 733 1641 hantos
747 1576 891 1642 collocat.
936 1575 1104 1642 Circaeos
1130 1575 1227 1641 laevo
1248 1578 1283 1641 in
1301 1595 1378 1639 cornu

350 1661 498 1726 adversus
514 1599 687 1727 Claudium
706 1661 816 1728 Gallos
830 1664 973 1752 opponit,
988 1663 1075 1728 haud
1090 1673 1222 1726 tanturn
1237 1663 1277 1728 iis
1289 1659 1376 1734 fidens,

349 1761 505 1836 quantum
523 1749 563 1814 ab
577 1749 668 1814 hoste
683 1749 788 1814 timeri
802 1773 857 1815 eos
871 1750 1029 1814 credebat.
1074 1748 1148 1850 Ipse
1163 1749 1316 1814 dexmrm
1327 1767 1378 1811 oon

349 1857 396 1898 nu
413 1833 560 1900 adversus
575 1833 623 1899 M.
637 1835 766 1900 Livium
782 1835 842 1900 sibi
856 1848 953 1923 atquc
969 1835 1122 1922 Hispanis
1135 1834 1188 1922 (et
1203 1837 1252 1900 ibi
1267 1833 1377 1898 maxine

350 1919 385 1985 in
398 1933 505 1986 vetere
520 1921 621 1985 milite
636 1943 725 2008 spem
740 1921 892 2008 habebat)
905 1923 1048 2010 sumpsit.
1089 1920 1234 2008 Ligures
1248 1923 1282 1986 in
1295 1918 1377 1985 medio

349 2021 421 2094 post
435 2007 620 2094 elephantos
634 2008 746 2095 positi3
770 2008 828 2072 scd
842 2007 975 2095 longior,
991 2029 1088 2094 quam
1102 2007 1210 2086 latior,
1227 2009 1308 2073 acies
1320 2017 1376 2068 erat

352 2091 462 2158 Gallos
483 2095 666 2180 prominens
686 2093 775 2158 collis
789 2095 924 2181 tegebat.
971 2093 1020 2158 Ea
1032 2093 1128 2172 frons,
1145 2115 1250 2179 quam
1267 2089 1377 2178 Hispani

350 2181 511 2256 tenebant,
527 2202 601 2244 cum
615 2180 742 2245 sinistro
758 2179 976 2244 Romanorum
991 2201 1090 2245 comu
1105 2183 1281 2246 concurrit.
1368 2209 1377 2222 ·
1416 2197 1417 2260 3

350 2278 398 2330 tra
412 2267 515 2331 omnis
530 2266 612 2330 acics
626 2278 716 2329 extra
729 2265 887 2352 proelium
901 2266 1045 2330 eminens
1059 2267 1225 2332 cemabat:
1247 2265 1329 2332 collis
1337 2285 1377 2348 op
1416 2267 1417 2359 l

349 2352 470 2438 positus
491 2352 626 2428 arcebat,
641 2373 683 2415 ne
701 2363 758 2415 aut
778 2375 798 2416 a
819 2351 933 2430 fronte,
949 2365 1005 2416 aut
1018 2353 1058 2417 ab
1072 2351 1169 2417 latere
1187 2352 1376 2441 aggrederer

269 2453 274 2466 ·
351 2451 409 2504 tur.
459 2437 549 2503 Inter
574 2438 703 2503 Livium
730 2436 1028 2525 Hasdrubalemque
1056 2439 1168 2525 ingens
1201 2449 1375 2504 contractum

194 2518 225 2529 ”
265 2551 274 2572 ·
349 2537 510 2589 certamen
536 2538 612 2601 crat,
637 2538 792 2611 atroxque
818 2525 931 2589 caedes
954 2525 1113 2611 utrimque
1137 2523 1305 2591 edebatun
1342 2519 1375 2584 lli

348 2610 447 2675 duces
469 2611 573 2688 ambo,
595 2611 641 2675 ibi
662 2632 733 2697 pars
755 2611 856 2674 maior
875 2610 1021 2698 peditum
1043 2611 1262 2711 equitumque
1285 2609 1376 2676 Rom·

349 2717 482 2761 nomm:
521 2696 567 2761 ibi
597 2696 744 2784 Hispani,
773 2709 865 2762 vetus
894 2696 985 2761 miles
1013 2709 1202 2784 penusque
1238 2697 1374 2788 Romane

348 2805 484 2869 pugnae,
500 2794 534 2846 et
548 2781 693 2869 Ligures,
709 2783 825 2848 durum
847 2783 882 2848 in
903 2782 998 2864 armis
1018 2805 1127 2870 genus.
1174 2783 1306 2850 Eodem
1318 2797 1374 2843 ms
1414 2817 1415 2862 3

348 2868 520 2958 elephanti,
539 2869 594 2955 qui
617 2869 721 2956 primo
744 2869 866 2956 impetu
887 2871 1089 2934 turbaverant
1108 2871 1339 2958 antesignanos,
1354 2876 1375 2927 et
1414 2863 1415 2888 ³

348 2955 412 3019 iarn
433 2954 524 3042 signa
544 2968 708 3020 moverant
725 2954 813 3020 loco:
836 2955 955 3020 deinde
979 2968 1139 3020 crescente
1165 2955 1336 3021 certamine
1353 2963 1375 3012 et

348 3041 493 3119 clamore,
509 3041 715 3142 impotentius
737 3042 801 3105 iam
819 3041 897 3128 regi,
913 3053 946 3106 et
965 3042 1050 3106 inter
1064 3041 1144 3106 duas
1165 3043 1257 3106 acies
1276 3035 1375 3109 versu

347 3126 435 3192 velut
449 3129 563 3192 incerti
578 3149 713 3227 quorum
729 3141 852 3228 essent:
872 3127 958 3192 haud
971 3127 1165 3192 dissimiliter
1177 3129 1315 3194 navibus
1327 3125 1375 3188 sine

346 3214 684 3386 llllhffilil.
711 3213 1012 3365 Slttlththtl
1026 3227 1376 3366 “tumlti
1413 3335 1414 3378 .

347 3407 448 3472 quum
467 3386 503 3449 in
520 3385 686 3450 adversum
701 3385 815 3450 collem
830 3385 944 3450 frustra
958 3386 1048 3472 signa
1063 3386 1184 3472 erigere
1202 3399 1375 3453 conanus
1413 3381 1414 3459 l

347 3485 403 3549 set,
420 3484 587 3559 postquam
602 3494 641 3536 ea
655 3472 783 3559 regione
802 3473 962 3559 penetrari
985 3472 1025 3536 ad
1046 3472 1171 3536 hostem
1187 3495 1261 3538 non
1275 3469 1375 3537 videm

346 3576 454 3644 posse3
478 3557 623 3623 cohortes
645 3557 766 3644 aliquot
788 3558 959 3623 subductas
974 3581 992 3622 e
1007 3557 1119 3622 dextro
1133 3579 1252 3638 cornu,
1270 3557 1321 3622 ubi
1332 3563 1376 3617 su

347 3643 466 3709 tionem
488 3645 589 3731 magis
610 3667 750 3731 segnem,
773 3665 870 3731 quam
896 3667 918 3732 p
986 3667 1046 3722 am,
1069 3645 1213 3708 futuram
1242 3643 1375 3710 ueniebat¹

346 3743 418 3816 post
437 3731 537 3796 aciem
554 3730 780 3796 circumducit:
807 3743 849 3807 et,
864 3753 931 3796 non
969 3730 1088 3795 ostibus
1104 3730 1214 3806 modo,
1231 3731 1289 3797 sed
1303 3729 1376 3824 etiam
1412 3733 1413 3825 l

346 3817 410 3880 suis
438 3817 683 3904 inopinantibus,
711 3817 747 3880 in
772 3815 934 3882 sinistrum
963 3815 1101 3882 hostium
1130 3815 1218 3882 latus
1249 3819 1388 3882 incurntzz

346 3915 496 4002 tantaque
511 3903 655 3968 celeritas
669 3903 739 3980 fuit,
755 3917 802 3981 ut,
818 3926 919 3990 quum
934 3901 1146 3968 ostendissent
1168 3925 1204 3967 se
1230 3905 1271 3969 ab
1290 3903 1375 3966 lates.

345 4009 421 4052 mox
441 4011 475 4052 1n
490 4001 578 4076 terga
592 3991 655 4054 iam
668 4002 858 4078 pugnarent.
905 3989 955 4054 Ita
969 4011 1010 4054 ex
1025 3990 1174 4056 omnibus
1188 3991 1336 4080 partibus,
1349 3983 1375 4047 ab

379 4191 393 4242 7
403 4181 437 4228 In
447 4182 572 4229 eleutrum
582 4182 685 4230 bostium
696 4185 774 4243 lanu]
785 4185 851 4232 Dec
884 4183 986 4231 nistrum
1004 4181 1112 4231 hostium
1122 4185 1188 4232 latus
1198 4183 1325 4234 incurri&
1333 4177 1374 4228 did

345 4251 411 4291 trum
435 4245 566 4318 legandum
592 4247 678 4293 suadet
702 4246 852 4306 Perizonius,
884 4251 932 4304 tur,
943 4261 992 4294 non
1006 4247 1073 4308 quod
1090 4245 1188 4306 Poenis,
1205 4250 1252 4298 sed
1268 4248 1328 4311 quod
1341 4245 1374 4292 lle

346 4319 422 4378 quum
434 4307 539 4368 Hispani
550 4307 576 4354 in
586 4311 670 4357 desero
680 4309 788 4357 hostiurn
800 4325 850 4358 cor·
883 4309 963 4358 manis
977 4311 1008 4358 ad
1022 4309 1145 4358 cimanum
1157 4317 1211 4360 erut
1223 4313 1297 4371 latita
1307 4307 1374 4359 ntul-

346 4383 389 4426 nu,
407 4369 517 4417 instructi
537 4375 623 4419 essent.
659 4371 754 4427 Quodsi
773 4373 799 4421 in
821 4373 850 4421 si·
883 4375 1045 4434 gendumest.
1063 4374 1159 4423 Rascu.
