2874 4772
352 211 416 272 330
735 203 848 270 ΤΙΤΙ
875 201 1011 272 LIVII

86 361 90 368 ·
197 356 231 407 u.
243 355 272 408 o.
289 343 469 419 ,anuum
480 341 617 429 regionis
628 341 697 406 erus
711 339 759 406 u
773 340 976 419 simaeum
992 341 1092 407 mon
1105 340 1250 407 mensus
1259 341 1386 429 penum

196 423 387 534 &guffiifmet
408 428 557 494 trecentis
577 428 747 514 equitibus,
767 441 887 494 ceteras
909 450 1019 494 omnes
1040 428 1149 530 copias
1166 428 1278 516 (erant
1297 443 1385 493 auten

198 549 306 600 Iberum.
353 515 466 603 viginti
490 515 632 666 qunque
658 514 759 580 millia
782 514 937 602 peditum,
961 514 1027 581 duo
1050 514 1152 580 mrlha
1176 529 1214 580 et
1237 515 1385 602 quingenti
1414 593 1415 602 ἵ

354 600 494 690 equites)
550 624 639 666 erum
661 601 793 667 traiecit.
839 601 889 668 lbi
908 601 1099 688 quibusdam
1117 601 1335 677 suadentibus,
1352 615 1385 676 ut,

355 689 506 777 quoniam
520 686 554 753 in
575 702 638 754 tres
654 701 717 754 tam
736 687 873 754 diversas
887 689 1031 774 regiones
1051 688 1273 754 discessissent
1291 688 1398 752 Punici1

355 776 521 852 exercitus,
537 776 717 863 proximum
733 775 965 862 aggrederetur,
977 775 1155 862 periculum
1170 798 1243 840 esse
1258 789 1347 852 ratus,
1356 798 1385 838 ue
1414 811 1415 842 ;

355 885 394 928 co
408 862 491 927 facto
506 862 541 926 in
555 885 654 926 unum
670 883 780 927 omnes
794 861 1004 940 contraheret,
1013 885 1073 927 nec
1087 885 1147 950 par
1161 875 1250 927 esset
1264 885 1341 926 unus
1352 875 1385 924 tot

199 957 322 1020 Carthago
356 949 556 1026 exercitibus,
569 948 794 1034 Carthaginem
808 947 933 1013 Novam
942 949 1068 1013 interim
1078 971 1272 1036 oppugnare
1280 949 1384 1022 statuiu
1414 951 1415 956 ’

200 1023 326 1085 Novsop
356 1037 467 1102 urbem
511 1058 589 1100 uum
610 1035 710 1122 ipsam
732 1035 915 1121 opulentam
937 1036 1001 1100 suis
1026 1036 1149 1122 opibus,
1173 1049 1249 1100 mm
1271 1035 1385 1102 hostiurn
1414 1053 1415 1060 ¹

200 1091 315 1150 pugnata
357 1123 445 1189 omni
462 1059 575 1190 bdllieo
592 1135 745 1209 apparatu
763 1121 908 1208 plenam3
931 1121 991 1209 (ibi
1011 1144 1106 1199 arma,
1126 1121 1173 1188 ibi
1199 1123 1343 1210 pecunia,
1354 1121 1385 1185 ibi
1414 1133 1415 1138 ’

357 1211 454 1275 totius
467 1207 641 1296 Hispaniae
652 1208 776 1274 obsides
786 1208 892 1293 erant)
900 1208 991 1273 sitam
1002 1223 1168 1296 praeterea
1179 1231 1286 1296 quum
1295 1231 1387 1294 oppor·
1414 1217 1415 1284 ᾗ

358 1309 435 1362 tune
455 1295 497 1360 ad
518 1295 738 1362 traiiciendnm
753 1295 788 1360 in
810 1295 962 1371 Africam,
978 1308 1046 1360 tum
1067 1317 1164 1382 super
1183 1309 1316 1383 portum
1332 1294 1387 1359 ets

358 1381 499 1471 amplum
514 1381 698 1469 quantaevis
713 1380 812 1459 classi,
828 1393 862 1448 et
875 1383 983 1448 nescio
998 1405 1039 1447 an
1053 1404 1156 1448 unum
1170 1383 1210 1448 in
1232 1382 1384 1470 Hispaniae
1414 1401 1415 1466 ,

358 1493 423 1547 ora,
438 1492 503 1555 qua
515 1480 623 1534 nostro
641 1467 766 1534 adiacet
779 1468 866 1534 mari.
913 1467 1020 1534 Nemo
1039 1469 1197 1547 omnium,
1214 1492 1283 1556 quo
1300 1471 1386 1542 iretur,
1414 1469 1415 1554 l

358 1556 485 1632 sciebat,
506 1567 632 1655 praeter
654 1556 693 1621 C.
707 1554 862 1620 laelium.
907 1554 950 1634 Is,
972 1555 1070 1620 classe
1091 1557 1339 1632 circummisun,
1356 1555 1387 1618 in

359 1642 517 1707 moderari
538 1663 663 1706 cursum
685 1641 813 1707 navium
838 1642 940 1708 iussus
961 1655 1038 1720 erat,
1059 1655 1097 1706 ut
1119 1643 1245 1708 eodem
1270 1657 1386 1729 tempore
1414 1669 1415 1704 l

358 1728 517 1794 exercitus
531 1728 759 1806 ostenderetur,
769 1741 802 1793 et
815 1728 920 1794 classis
934 1741 1062 1816 portum
1071 1729 1220 1796 intraret.
1270 1729 1388 1816 Septim

360 1813 413 1879 die
429 1815 469 1879 ab
484 1813 578 1880 Ibero
594 1815 693 1880 Carth
735 1815 742 1830 ‘
769 1838 819 1880 em
834 1829 966 1881 ventum
980 1829 1029 1880 est
1042 1815 1137 1880 simul
1151 1829 1246 1882 terra
1259 1817 1386 1901 marique

361 1902 473 1968 Castra
487 1902 527 1967 ab
538 1902 666 1988 regione
681 1838 777 1980 nibli,
788 1925 852 1989 qua
864 1902 900 1966 in
913 1903 1163 1990 septentrionem
1176 1926 1277 1968 versa
1289 1917 1340 1978 est,
1348 1925 1387 1988 po

360 1988 433 2054 sita:
457 1987 507 2052 his
521 1987 561 2054 ab
576 2001 665 2074 tergo
680 1987 769 2074 (nam
783 1989 869 2068 frons
882 2003 995 2054 natura
1009 2001 1079 2054 tuta
1092 1988 1175 2074 erat)
1185 1990 1312 2055 vallum
1324 1989 1387 2053 obie

204 2073 330 2150 ΜΨ·
361 2089 456 2140 ctum.
483 2073 636 2140 Ceterum
645 2075 704 2140 sita
717 2074 878 2162 Carthago
890 2076 935 2141 sic
945 2088 1002 2141 est
1028 2074 1122 2141 Sinus
1133 2089 1183 2141 est
1196 2077 1298 2142 maris
1308 2073 1388 2140 medie

204 2139 352 2189 ¹¹¹⁵N³¹t¹¹²
360 2162 425 2227 lere
438 2160 612 2249 Hispaniae
624 2185 688 2240 ora,
698 2162 836 2228 maxime
848 2162 958 2228 Afrioo
972 2174 1067 2228 vento
1082 2163 1265 2250 oppositus,
1276 2178 1310 2228 et
1319 2162 1398 2249 quin:

400 2261 472 2314 ntus
486 2271 595 2336 passus
609 2249 761 2314 introrsus
775 2261 937 2326 retractus,
952 2248 1092 2336 paullulo
1113 2247 1187 2336 plus
1212 2249 1388 2337 passuumin

393 2335 562 2401 titudinem
583 2347 704 2423 patens.
751 2334 858 2400 Huius
871 2336 906 2400 in
921 2336 1002 2400 ostio
1016 2336 1103 2400 sinus
1116 2358 1219 2422 parva
1240 2335 1388 2402 insulaob

361 2422 444 2488 iecta
454 2422 494 2487 ab
504 2422 568 2487 alto
582 2435 710 2509 portum
722 2422 761 2487 ab
772 2422 919 2488 omnibus
929 2422 1041 2500 ventis,
1127 2435 1284 2510 terquam
1292 2423 1387 2495 Atra

362 2521 468 2573 tutum
481 2508 563 2574 facit
609 2509 664 2574 Ab
679 2509 792 2575 intimo
808 2509 881 2574 sinu
900 2445 1258 2597 paeninsullleexcurrtt,
1275 2508 1388 2574 tumuln

362 2595 482 2681 isipse,
499 2595 535 2658 in
549 2618 613 2694 quo
627 2595 757 2662 condita
771 2596 846 2661 urbs
860 2609 916 2674 est,
933 2596 972 2661 ab
990 2608 1061 2661 ortu
1082 2595 1156 2661 solis
1176 2611 1217 2661 et
1240 2621 1262 2663 a
1283 2593 1387 2662 meridie

362 2681 467 2746 cincta
489 2703 585 2745 man:
613 2683 654 2747 ab
672 2705 785 2748 occasu
811 2695 958 2770 stagnum
983 2681 1113 2760 claudit,
1138 2683 1290 2769 paullum
1315 2677 1387 2748 etad

363 2767 610 2853 septentrionem
637 2768 760 2847 firsum3
784 2769 923 2834 incertae
949 2768 1134 2847 altitudinis,
1157 2783 1330 2858 utermque
1350 2779 1398 2830 eni

363 2865 486 2920 aestuat
499 2869 555 2918 aut
568 2853 677 2920 delicit
691 2877 785 2920 mare.
834 2854 1022 2921 Continenti
1036 2857 1148 2922 urbem
1161 2857 1285 2944 iugum
1294 2857 1388 2922 ducere

364 2953 413 3006 tos
433 2941 499 3006 fere
522 2953 555 3006 et
572 2941 805 3030 quinquaginta
824 2964 933 3030 passus
953 2954 1065 3030 patens
1086 2943 1270 3032 coniungit.
1316 2939 1387 3008 teo

364 3050 465 3115 quum
485 3041 551 3094 tam
572 3029 662 3116 parvi
683 3029 786 3116 operis
807 3029 944 3094 munitio
966 3042 1058 3106 esset,
1073 3052 1139 3095 non
1157 3029 1284 3098 obiecit
1296 3028 1387 3095 vallum

364 3115 535 3203 imperator
548 3116 730 3180 Romanus:
754 3138 811 3180 seu
824 3114 974 3180 fiduciam
988 3116 1072 3181 hosti
1086 3116 1223 3204 superbe
1240 3129 1387 3182 ostennm

365 3201 429 3266 sive
452 3214 490 3266 ut
509 3202 658 3267 subeunti
679 3225 730 3267 sae
792 3202 834 3267 ad
855 3203 981 3268 moenia
1001 3202 1087 3268 urbis
1106 3225 1258 3268 recurars
1282 3217 1386 3293 peteret

299 3324 307 3340 ·
368 3285 494 3364 Cetera,
504 3312 585 3376 quae
598 3289 728 3353 munien
752 3301 880 3368 nerant,
890 3313 989 3377 quum
1001 3288 1192 3378 perfecisset,
1205 3313 1308 3356 naves
1317 3289 1386 3354 etim

365 3373 400 3438 in
421 3389 526 3460 portu,
548 3374 636 3440 velut
656 3376 845 3441 maritimam
867 3399 994 3525 guoque
1017 3389 1176 3442 ostentans
1200 3377 1385 3444 obsidiones.

364 3460 531 3526 instmxit:
557 3463 848 3550 circumvectusque
862 3485 880 3526 c
892 3485 1002 3541 assem,
1014 3485 1115 3549 quum
1129 3465 1309 3530 monuimet
1321 3481 1387 3550 prae·

364 3546 463 3613 sectos
477 3549 615 3627 navium,
627 3561 663 3614 ut
673 3549 794 3636 vigilias
809 3562 978 3615 nocturnas
992 3549 1109 3615 intenti
1120 3564 1296 3628 servarent,
1305 3545 1386 3614 enuit

364 3634 484 3722 ubique
522 3635 602 3701 rimo
616 3636 777 3701 obsessum
791 3635 915 3702 hostem
930 3637 1056 3702 conari:
1076 3659 1236 3724 regressus
1250 3638 1290 3702 in
1302 3651 1385 3702 casm

365 3733 402 3785 ut
421 3659 544 3786 canalii
565 3723 614 3788 sui
636 3723 800 3801 rationem,
816 3723 904 3810 quod
926 3724 965 3788 ab
986 3724 1064 3789 urbe
1086 3723 1290 3811 potissimum
1309 3739 1387 3809 appur

399 3988 409 4022 1
428 3977 461 4023 In
482 3982 530 4026 tm
551 3983 601 4026 tam
617 3979 725 4029 diverses
745 3981 867 4044 rapimur]
901 3987 1159 4044 marmannorum
1176 3981 1259 4030 0¹¹*-

366 4037 397 4088 cf.
409 4038 481 4101 Supr.
493 4054 531 4088 eo.
934 4059 949 4107 3
967 4047 1107 4110 unum]
1132 4045 1263 4109 omnm
1277 4059 1321 4107 p&
1332 4048 1385 4105 r·

397 4117 412 4151 a
429 4104 578 4164 &wantos
589 4108 690 4167 ρωεω]
707 4107 747 4156 Ex
757 4109 870 4171 Polybio,
901 4109 1091 4172 interpretantur
1107 4109 1150 4158 riri
1166 4109 1241 4169 docti,
1249 4107 1384 4172 querendi!t

365 4182 390 4215 x.
408 4181 445 4216 ιο.
460 4166 590 4228 legendum
606 4174 651 4228 eet,
666 4172 700 4218 ad
715 4173 751 4220 bic
766 4175 831 4221 milla
846 4180 870 4224 st
902 4174 961 4222 dum
977 4189 1043 4237 supr.
1057 4173 1107 4222 xxi.
1124 4185 1163 4236 35.
1180 4173 1243 4222 banc
1261 4169 1383 4236 putata

366 4233 509 4306 pompantes
520 4245 625 4291 possea:
642 4232 695 4294 ipse
708 4235 774 4282 enim
787 4237 820 4282 ad
834 4239 869 4284 oi·
902 4237 960 4296 diei,
969 4237 1046 4286 allato
1063 4237 1144 4286 Plauti
1157 4251 1198 4300 ap.
1210 4237 1290 4288 Peon.
1304 4236 1335 4286 fii.
1345 4246 1384 4294 tt

364 4301 430 4354 pean
439 4295 520 4342 stadia
534 4293 614 4342 babet
647 4295 696 4344 Sed
706 4302 732 4344 at
741 4313 773 4345 ex
783 4300 870 4347 eodem
902 4301 966 4363 loco,
976 4307 1060 4352 monet
1071 4303 1179 4354 Gronov.

367 4369 425 4404 mox
441 4358 508 4418 legas
520 4359 633 4420 paullulo
645 4360 704 4422 plere
718 4361 782 4410 mille
792 4369 816 4412 at
826 4363 869 4411 du·
