2966 4778
370 215 464 282 LIB.
489 215 621 282 XXIII.
653 215 764 282 CAP.
789 222 819 283 8.
1064 223 1124 282 129

41 371 132 436 rope
148 349 270 415 Decius
285 349 424 439 Magius,
437 352 494 430 vir,
507 352 558 416 cui
574 353 615 416 ad
629 375 784 417 summam
801 352 1020 417 auctoritatem
1031 352 1121 429 nibil,
1134 363 1168 414 U.
1179 364 1209 414 c,
1226 363 1279 428 536·

65 449 197 522 praeter
215 460 322 502 sanam
343 439 460 502 civium
478 451 628 516 mentem,
645 438 755 516 defuit,
772 439 937 504 restiterat
984 439 1032 503 Ut
1046 460 1121 503 vero
1132 427 1162 476 Α·
1179 430 1209 504 9·
1225 427 1280 477 ²¹⁶·

38 523 260 609 epraesidium
284 523 368 589 mitti
391 525 431 590 ab
455 523 636 590 Hannibale
660 526 790 603 audIvit,
815 525 931 614 Pyrrhi
953 525 1121 625 superbam
1129 493 1282 620 gffiffli'

64 609 331 689 dominationem,
355 610 627 698 miserabilemque
652 611 898 677 Tarentinorum
924 625 1119 688 servitutem,
1129 627 1196 696 eatur
1207 621 1269 670 Poe·

63 695 218 783 exempla
232 697 381 774 referens,
396 698 509 784 primo,
525 720 566 762 ne
589 698 783 785 reciperetur
796 698 998 785 praesidium,
1015 697 1173 784 palamm‘

63 782 258 846 vociferatus
277 795 341 848 est:
367 783 494 860 deinde,
511 797 547 848 ut
566 787 730 872 receptum
750 797 807 849 ant
821 784 996 860 eiiceretur,
1012 797 1078 862 aut,
1094 785 1120 848 si

65 867 190 932 malum
204 868 336 946 facilius,
346 869 435 957 quod
449 871 695 934 avetustissimis
710 871 802 935 sociis
813 870 1119 958 consanguineisque

64 953 269 1031 defecissent,
280 956 354 1020 forti
369 979 406 1020 ae
422 957 618 1021 memorabili
632 957 770 1021 facinore
784 979 919 1044 purgare
934 955 1061 1032 vellent,
1072 968 1118 1034 nt,

63 1041 235 1105 interiecto
244 1040 369 1106 Punico
380 1043 547 1129 praesidio,
560 1045 762 1108 restituerent
771 1066 804 1107 se
818 1041 980 1108 Romanis.
1027 1041 1118 1106 Haec
1129 1053 1276 1130 Vocequsah

63 1126 191 1213 (neque
220 1127 306 1192 enim
330 1129 453 1193 occulte
480 1129 654 1216 agebantur
693 1153 792 1216 quum
820 1128 918 1193 relata
944 1127 1118 1194 Hannibali
1129 1119 1271 1168 ³³¹¹¹¹¹b²¹⁰

63 1226 184 1290 efflent,
200 1213 304 1300 primo
312 1215 408 1292 misit,
421 1215 476 1301 qni
491 1230 641 1280 vocarent
692 1216 799 1302 agium
814 1215 854 1280 ad
867 1238 934 1280 sese
950 1215 984 1279 in
999 1228 1116 1280 castra:
1126 1189 1237 1296 iffi?

63 1299 198 1375 deinde,
219 1322 318 1385 quum
341 1302 367 1365 is
389 1301 536 1366 ferociter
558 1315 703 1389 negasset
725 1325 758 1366 se
781 1302 911 1379 iturum,
934 1302 1009 1389 (nec
1031 1303 1118 1365 enirn

64 1385 245 1451 Hannibali
268 1387 317 1450 ius
343 1411 410 1452 esse
436 1388 471 1451 in
497 1388 599 1452 civem
627 1387 844 1475 Campanum)
870 1390 1046 1452 concitatus
1071 1388 1119 1451 ira

62 1471 208 1550 Poenus,
223 1473 451 1561 comprehendi
471 1474 645 1552 hominem,
661 1475 867 1560 vinctumque
887 1474 1002 1538 attrahi
1022 1473 1064 1538 ad
1084 1495 1117 1537 se

62 1558 167 1624 iussit.
214 1559 344 1625 Veritus
359 1560 487 1637 deinde,
502 1583 543 1625 ne
562 1561 641 1661 quid
656 1561 741 1624 inter
753 1561 817 1625 vim
840 1559 1004 1638 tumultus,
1020 1571 1117 1647 atque

62 1667 109 1710 ex
132 1645 344 1711 concitatione
370 1646 547 1712 animorum
574 1647 745 1711 mconsulti
768 1647 948 1711 certaminis
971 1647 1116 1723 oriretur,

63 1732 147 1818 ipsc,
157 1733 329 1819 praemisso
344 1733 458 1798 nuntio
469 1731 510 1796 ad
522 1731 664 1798 Marium
676 1731 820 1797 Blosium
831 1747 1008 1820 praetorem
1020 1731 1118 1798 Cam·

62 1841 198 1906 panum,
221 1829 348 1906 postero
377 1818 430 1883 die
460 1842 493 1883 se
522 1817 653 1906 Capuae
682 1818 834 1896 futurum,
861 1819 1070 1919 proficiscitur
1098 1842 1117 1883 e

62 1905 175 1968 castris
190 1927 264 1969 cnm
286 1904 412 1969 modico
430 1905 597 1991 praesidio.
644 1903 767 1970 Marius
788 1927 941 1970 concione
965 1905 1118 1969 advocata

62 1991 175 2068 edicit,
191 2003 228 2055 nt
237 1991 419 2076 frequentes
434 2013 508 2056 cnm
518 1993 706 2079 coniugibus
721 2015 757 2056 ac
773 1991 879 2056 liberis
894 1991 1019 2055 obviam
1033 1991 1117 2054 irent

64 2075 252 2142 Hannibali.
299 2076 353 2141 Ab
379 2079 533 2142 universis
562 2077 597 2142 id
626 2101 691 2142 non
718 2077 904 2142 obedienter
928 2076 1034 2154 modo,
1060 2075 1117 2140 sed

62 2163 173 2240 enixe,
187 2163 292 2227 favore
308 2163 405 2228 etiam
416 2164 513 2252 vulgi,
528 2177 563 2230 et
575 2163 681 2228 studio
695 2163 818 2226 visendi
834 2175 881 2227 tot
900 2163 963 2227 iam
978 2161 1117 2226 victoriis

62 2249 188 2314 clarum
221 2250 454 2336 imperatorem,
481 2251 600 2315 factum
633 2262 690 2314 est.
736 2248 858 2312 Decius
892 2247 1021 2334 Magius
1055 2255 1263 2332 necllleciists

63 2335 192 2400 obviam
203 2349 556 2423 egressusestnec,qno
566 2336 711 2400 timorem
721 2333 860 2420 aliquem
870 2356 911 2398 ex
920 2333 1114 2398 conscientia
1122 2337 1154 2433 ᾗ]
1163 2327 1274 2370 comun-

37 2421 244 2508 3significare
255 2436 371 2510 posset,
383 2423 530 2524 privatim
542 2445 576 2486 se
592 2422 712 2486 tenuit:
736 2419 930 2484 inforocum
939 2419 1006 2484 filio
1017 2420 1117 2484 clien—
1144 2401 1166 2435 ⁹⁶

36 2509 216 2596 4tibnsque
230 2510 340 2608 paucis
355 2523 454 2574 otrose
475 2507 692 2585 inambulavit,
707 2505 886 2595 trepidante
908 2519 975 2571 tota
988 2506 1116 2572 civitate

62 2593 109 2660 ad
138 2593 363 2682 excipiendum
392 2594 539 2660 Poenum
568 2594 808 2680 visendumque.
864 2592 1037 2671 Hannibal,
1067 2593 1117 2657 in·

62 2701 192 2782 granna
206 2681 328 2757 urbem,
343 2693 489 2746 senatum
511 2680 672 2768 extemplo
687 2679 835 2768 postulat,
850 2680 1116 2768 precantibusque

63 2766 144 2832 mde
166 2767 357 2854 primoribus
380 2765 628 2854 Campanorum,
650 2789 691 2831 ne
714 2766 793 2916 qnid
815 2789 854 2830 eo
875 2767 928 2831 die
950 2767 1048 2832 seriae
1071 2767 1117 2830 rei

64 2865 202 2939 gereret,
212 2853 363 2940 diemque
375 2866 411 2918 nt
420 2853 486 2942 ipse
503 2854 643 2918 adventu
657 2875 714 2917 suo
738 2865 841 2917 estum
856 2853 957 2917 laetus
968 2876 1005 2918 ac
1014 2853 1116 2917 libens

64 2938 258 3016 celebraret3
283 2963 465 3040 quanquam
475 2962 625 3027 praeceps
636 2939 766 3026 ingenio
775 2939 809 3002 in
821 2939 900 3003 iram
909 2952 985 3016 erat,
998 2951 1114 3013 tamen,

65 3048 108 3089 ne
133 3026 213 3112 qnid
231 3026 265 3090 in
288 3027 445 3114 princrpio
467 3039 608 3114 negaret,
630 3025 762 3089 visenda
782 3025 859 3089 urbe
882 3046 1029 3112 magnam
1051 3023 1116 3087 diei

65 3125 191 3198 partem
205 3113 408 3200 consumpsit.
1111 3117 1114 3126 ¹

111 3197 305 3264 Deversatus
313 3212 388 3264 esta
411 3198 456 3266 ud
467 3198 607 3264 Ninnios
618 3196 758 3275 Celeres,
771 3197 916 3262 Stenium
925 3194 1116 3260 Pacuvium·
1204 3245 1212 3261 .

65 3307 142 3436 que,
157 3284 294 3350 inclutos
308 3286 382 3350 nob'
399 3287 473 3351 'tate
489 3308 526 3350 ac
541 3284 668 3348 divitiis.
715 3283 764 3348 Eo
780 3281 938 3346 Pacuvius
955 3280 1114 3357 Calavius,

90 3393 190 3458 equo
207 3385 281 3436 ante
296 3371 490 3449 dictumest,
508 3371 655 3459 princeps
669 3366 814 3433 factionis
833 3367 911 3444 eius,
928 3389 1009 3518 qprae
1030 3379 1116 3431 trax·

66 3470 136 3522 erat
155 3480 223 3522 rem
244 3458 286 3523 ad
305 3457 440 3535 Poenos,
461 3458 562 3522 filium
588 3457 737 3521 invenem
758 3453 903 3531 adduxit,
926 3476 945 3517 a
965 3465 1115 3518 stractum

65 3545 122 3608 abs
144 3542 240 3608 Decii
257 3543 358 3632 Magii
379 3545 488 3621 latere,
504 3565 578 3608 cum
601 3565 666 3629 quo
684 3540 875 3606 ferocissime
890 3562 948 3628 pro
970 3538 1117 3604 Romana

65 3629 217 3695 societate
240 3630 387 3696 adversus
410 3629 570 3694 Punicum
584 3629 696 3694 foedus
718 3639 866 3703 steterat3
890 3647 951 3690 nec
972 3649 1046 3690 eum
1061 3638 1117 3690 aut

65 3716 219 3782 inclinata
233 3717 266 3780 in
281 3730 404 3803 partem
419 3717 549 3781 alteram
565 3715 684 3791 civitas,
700 3727 756 3778 aut
770 3714 872 3800 patria
886 3713 1031 3778 maiestas
1045 3735 1116 3778 sen·

100 3971 338 4032 rDeeimMaqiu]
352 3968 579 4031 Quamprincipem
646 3967 906 4029 anlt'auperbom
917 3965 1115 4024 ὼηιὲπιιίίοηωη]

68 4034 255 4096 Campanomm
274 4039 299 4082 et
316 4035 392 4082 virum
410 4032 579 4082 fidelissimum
613 4031 643 4080 cil
660 4031 786 4080 Plutarch.
805 4031 831 4078 in
850 4029 953 4092 Pyrrho,
969 4035 995 4078 et
1009 4029 1116 4092 Appian.

69 4096 450 4148 nudatverl‚1>atere.ii.16.
486 4099 580 4146 Derim
611 4096 644 4144 do
656 4095 742 4144 Rebus
752 4092 853 4143 Samnii.
866 4093 982 4155 Excerpt
994 4094 1017 4142 8.

68 4161 110 4210 bic
127 4177 287 4224 praenomen,
303 4178 379 4225 quum
396 4162 460 4210 inter
476 4160 579 4209 Italicos
645 4173 658 4222 3
674 4160 798 4206 Privatim
808 4175 833 4207 aa
844 4159 935 4216 tenuit]
954 4159 1117 4205 Privatoma·

67 4227 176 4289 populo·
192 4227 264 4288 longe
279 4227 353 4274 aliam
373 4226 492 4275 rationem
504 4239 578 4337 prae·
612 4223 678 4271 lebat
690 4221 796 4270 Gronov.
808 4222 872 4282 quod
885 4221 992 4270 Bekker.
1003 4219 1117 4282 reposuit.

66 4291 205 4350 nominum,
213 4305 287 4352 quam
295 4291 360 4354 apud
367 4291 501 4350 Romanos,
515 4289 578 4338 uisse
643 4303 659 4345 4
677 4287 880 4348 Trepidantetoto
888 4286 1000 4343 donate]
1019 4299 1051 4332 sc.
1061 4283 1117 4330 Fes

64 4371 134 4418 supr.
147 4355 294 4404 monuimus.
313 4355 401 4404 Dnau.
611 4350 714 4408 tinente,
726 4353 877 4411 properante.

109 4438 188 4483 VOL.
204 4438 238 4482 11.
922 4429 946 4470 K
