2966 4778
349 189 445 256 LIB.
471 189 602 256 XXIII.
636 189 748 258 CAP.
775 197 824 257 18.
1052 197 1111 258 141

65 322 167 388 moliri
182 336 286 412 portas
300 337 334 390 et
347 325 483 392 claustra
496 326 668 414 refringere
691 339 798 413 paratz
822 349 933 426 quum,
949 325 1113 413 patefactis
1123 339 1157 390 U.
1169 339 1199 389 u.
1215 339 1272 402 536·

64 423 193 498 repente
208 412 316 498 portis,
332 412 477 478 cohortes
492 413 585 490 duae,
601 413 643 477 ad
660 413 814 500 idipsum
829 425 1001 478 instructae
1016 413 1112 490 intus,
1122 405 1153 455 Α
1170 405 1200 454 ⁰·
1216 401 1278 486 ²¹⁶³,

64 497 185 583 ingenti
194 520 267 564 cum
279 499 419 564 tumultu
428 512 610 587 erumpunt,
622 513 822 588 stragemque
832 499 971 564 bostium
982 497 1111 564 faciunt

64 581 113 648 Ita
130 584 239 670 primis
260 585 404 672 repulsis,
420 585 598 662 Maharbal,
614 609 688 651 cum
706 587 825 650 maiore
848 586 958 650 robore
974 585 1113 650 virorum

64 670 184 746 missus,
194 693 254 736 nec
263 671 331 758 ipse
343 673 543 759 eruptionem
554 672 733 738 cohortium
745 672 902 736 sustinuit.
948 671 1113 736 Postremo

65 755 237 836 Hannibal,
254 759 361 822 castris
377 771 451 824 ante
466 759 535 846 ipsa
545 757 672 824 moenia
682 759 844 846 oppositis,
856 781 985 858 parvam
1000 758 1112 823 urbem

65 865 259 930 parvumque
274 845 468 931 praesidium
483 869 607 910 summa
620 846 652 909 vi
667 859 763 931 atque
780 845 927 910 omnrbus
942 844 1042 931 copiis
1056 867 1113 932 op-

65 952 205 1016 pugnare
217 943 314 1016 parat
361 931 422 1008 Ac,
433 931 510 996 dum
522 932 620 997 instat
632 929 831 1018 lacessitque,
841 954 959 996 corona
969 929 1113 1016 undique

65 1015 265 1082 circumdatis
294 1018 470 1096 moenibus,
495 1018 617 1105 aliquot
646 1017 763 1084 milites
788 1029 822 1084 et
843 1016 1113 1104 promptissimum

43 1125 268 1189 squemque,e
289 1126 380 1168 muro
401 1105 602 1191 turribusque
626 1104 714 1181 ictos,
730 1104 842 1168 amisit.
905 1102 1011 1168 Semel
1031 1102 1114 1166 ultro

65 1211 151 1256 emm
196 1201 267 1254 ntes
275 1190 400 1276 agmine
410 1190 652 1290 elephantorum
663 1191 809 1277 opposito
841 1212 917 1278 rope
927 1189 1112 1265 interclusit,

65 1275 144 1361 trepi
167 1298 269 1362 osque
290 1276 445 1363 compulit
466 1300 499 1340 rn
524 1278 646 1354 urbem,
670 1277 743 1341 satis
763 1213 881 1352 multis,
904 1289 941 1339 ut
962 1299 1003 1340 ex
1027 1287 1114 1340 tanta

65 1361 234 1460 paucitate,
257 1361 438 1428 interfectis.
494 1362 607 1430 Plures
628 1363 826 1440 cecidissent,
849 1362 884 1426 ni
905 1385 974 1426 nors
992 1360 1113 1448 proelio

65 1447 293 1514 intervenisset
339 1447 471 1514 Postero
486 1449 691 1514 dieomnium
701 1449 849 1514 animiad
864 1471 927 1535 opp
1036 1447 1114 1512 dum

65 1533 300 1612 accenduntur;
324 1535 435 1622 utique
446 1548 615 1622 postquam
629 1558 747 1601 corona
755 1558 850 1600 aurea
861 1535 970 1600 mura'
998 1556 1114 1620 propo-

65 1619 123 1684 sita
144 1631 204 1696 est,
219 1632 316 1707 atque
336 1621 404 1708 ipse
425 1621 492 1686 dux
512 1621 641 1699 castelli,
659 1621 756 1709 plano
775 1621 845 1686 loco
862 1621 968 1708 positi,
983 1642 1114 1708 segnem

66 1706 336 1794 oppugnationem
353 1706 486 1794 Sagunti
507 1710 777 1795 expugnatoribus
791 1731 832 1774 ex
855 1708 1010 1784 robrabat,
1028 1705 1116 1772 Can·

65 1815 177 1858 nartun
195 1793 437 1880 Trasimenique
452 1807 486 1860 et
496 1794 632 1860 Trebiae
647 1794 788 1882 singulos
844 1817 977 1859 monens
988 1793 1115 1858 univer·

66 1901 188 1966 sosque.
234 1879 315 1946 Inde
327 1879 438 1946 macae
453 1903 582 1968 quoque
598 1894 728 1968 coeptae
744 1881 795 1968 agi
809 1880 1031 1967 cuniculique:
1055 1901 1115 1944 nec

46 1965 106 2032 aad
115 1965 219 2032 varios
228 1977 360 2032 conatus
368 1966 508 2032 hostium
523 1979 578 2032 aut
588 1968 636 2032 vis
651 1967 725 2046 ulla,
735 1979 790 2032 aut
801 1989 850 2031 ars
864 1966 982 2031 deerat
1030 1964 1115 2030 Socii

68 2051 286 2118 Romanorum
306 2053 544 2154 propugnacula
560 2053 708 2118 adversita
722 2054 831 2118 vineas
850 2065 999 2128 statuere,
1015 2065 1116 2116 trans·

67 2137 160 2204 versis
175 2137 331 2204 cuniculis
342 2138 480 2206 bostrum
490 2139 654 2204 cuniculos
668 2140 824 2240 excipere,
835 2151 868 2204 et
877 2137 981 2226 palam
991 2150 1024 2203 et
1034 2137 1117 2202 clani

67 2224 186 2311 coeptis
212 2225 338 2290 obviam
361 2226 425 2304 ire3
456 2226 560 2291 donec
584 2225 689 2313 pudor
711 2238 808 2291 etiam
836 2223 1051 2288 Hannibalem
1076 2223 1255 2288 abHaunuu

45 2311 195 2399 6incepto
205 2311 338 2376 avertitr
362 2313 534 2399 castrisque
544 2311 756 2388 communitis,
767 2333 804 2375 ac
818 2309 976 2398 praesidio
991 2308 1116 2374 modico
1125 2302 1268 2415 3²2}ng

67 2397 224 2498 imposito,
240 2420 281 2462 ne
296 2397 411 2464 omissa
424 2421 475 2464 res
488 2397 659 2476 videratur,
675 2399 710 2462 in
729 2397 864 2462 hiberna
880 2395 1027 2484 Capuam
1041 2381 1150 2461 con-¹¹¹
1219 2380 1270 2415 “¹⁸⁴

68 2497 166 2550 cessit

108 2569 159 2635 Ibi
170 2581 296 2658 partem
306 2570 459 2636 maiorem
468 2571 581 2636 hiemis
591 2569 767 2636 exercitum
779 2571 813 2634 in
823 2570 914 2636 tectis
928 2568 1049 2646 babuit,
1062 2569 1119 2634 ad·

68 2679 173 2722 versus
190 2657 298 2722 omnia
311 2656 452 2722 humana
466 2657 549 2722 mala
562 2679 655 2744 saepe
671 2680 708 2722 ac
722 2656 780 2721 diu
794 2656 953 2733 duratum,
962 2656 1054 2720 bonis
1068 2656 1119 2720 in·

69 2755 237 2830 expertum
252 2755 349 2830 atque
364 2742 534 2809 insuetum.
580 2743 598 2808 I
653 2767 703 2821 ue,
714 2765 794 2830 quos
809 2743 898 2808 nulla
911 2741 986 2808 mali
1000 2742 1119 2808 vicerat

49 2829 122 2907 tris,
137 2828 308 2917 perdidere
328 2829 428 2894 nirnia
446 2830 531 2894 bona
550 2853 586 2894 ac
601 2853 641 2894 vo
654 2841 779 2917 uptates
798 2829 1002 2905 immodicae3
1026 2841 1060 2893 et
1078 2851 1118 2894 eo

69 2914 251 3003 impensius,
267 2938 332 3002 quo
354 2915 477 2982 avidius
497 2939 537 2980 ex
560 2916 728 2981 insolentia
749 2916 784 2980 in
804 2938 856 2980 eas
878 2938 912 2980 se
933 2926 1116 2980 merserant.

71 2999 208 3068 Somnm
222 3002 318 3080 eninr,
334 3015 369 3068 et
381 3002 501 3080 unum,
518 3015 551 3067 et
565 3025 583 3067 e
607 3002 688 3079 ulae,
701 3013 734 3066 et
748 3014 860 3078 scorta,
875 3001 1075 3087 balineaque,
1085 3011 1266 3082 etcormmpi-

69 3086 179 3166 otium,
195 3089 426 3154 oonsuemdine
441 3089 476 3153 in
490 3088 559 3153 dies
573 3090 595 3153 b
648 3088 729 3165 dius,
745 3089 791 3153 its
804 3099 1035 3152 enerravemnt
1048 3082 1227 3158 cor-h,lrillic

69 3195 144 3259 pora
158 3175 356 3262 animosque,
372 3187 409 3240 ut
430 3175 530 3262 magis
545 3174 663 3240 deinde
685 3173 873 3262 praeteritae
887 3173 1037 3238 victoriae
1052 3195 1117 3251 eos,
1126 3161 1256 3260 {fflm

92 3283 164 3326 uam
185 3274 367 3348 praesentes
389 3273 569 3327 tutarentur
582 3260 684 3337 vires3
711 3260 876 3346 maiusque
897 3258 931 3324 id
952 3269 1119 3346 peccatum

70 3281 158 3412 iacis
173 3347 386 3436 apudpetitos
401 3348 517 3414 artium
529 3346 713 3412 militarium
728 3346 907 3422 baberetur,
920 3367 1015 3432 quam
1031 3344 1120 3496 quod

69 3453 133 3498 non
155 3456 198 3498 ex
215 3431 378 3499 Cannensi
393 3434 460 3500 acie
482 3435 628 3521 protinus
642 3433 685 3498 ad
706 3433 818 3498 urbem
841 3431 1022 3496 Romanam
1060 3453 1121 3496 ux·

102 3707 118 3750 4
141 3693 211 3742 Ultro
236 3693 402 3755 erumpentes]
432 3707 466 3741 sc.
489 3692 577 3748 Quum
610 3691 837 3754 videtur‚quoniam
847 3693 920 3742 rerba
930 3694 1056 3742 comitet
1066 3708 1120 3742 aare

72 3753 144 3802 etiam
155 3770 205 3802 non
216 3755 321 3804 lacessiti
332 3771 460 3818 erumpere
473 3755 526 3804 ausi
540 3769 575 3804 es
609 3757 679 3805 cerat
690 3771 734 3818 per
745 3755 892 3818 particulam
903 3773 950 3820 pus
961 3755 1121 3816 iunctaeun-

72 3823 131 3867 sent
149 3819 224 3868 Unde
233 3835 287 3868 vero
297 3819 433 3868 Hannibali
442 3818 577 3882 elephanti,
610 3821 666 3868 dem
688 3819 867 3868 nominativum
889 3821 1035 3869 desiderant.
1071 3821 1121 3871 sed

73 3881 113 3941 qui
122 3883 354 3946 omnesintlpibus
364 3883 495 3946 perierant,
505 3883 577 3932 exsti·
610 3883 657 3932 hoc
670 3883 787 3946 loquendi
802 3899 880 3948 genus
893 3890 961 3933 amat
972 3885 1065 3936 Livius.
1088 3886 1120 3936 cs.

72 3945 144 3994 tarint
155 3948 249 4008 quaerit
259 3947 351 3996 stroth.
368 3947 473 4010 ctsupr.
482 3947 542 3996 xxii.
555 3961 577 3995 a.
610 3947 635 3996 ii.
648 3945 686 4009 56.
703 3948 736 3997 iii.
749 3949 788 4010 38.
805 3949 837 3997 iv.
852 3959 888 4010 17.

104 4021 117 4071 5
135 4013 189 4060 Aut
204 4027 246 4061 arr
262 4013 352 4062 dena.
384 4013 577 4061 Sosiiliomuno·
644 4014 747 4086 7Eteo
757 4013 903 4074 imperitius]
923 4011 1068 4074 utquam
1079 4015 1120 4062 de·

71 4075 140 4133 rum]
159 4077 213 4124 Aut
228 4091 270 4126 ara
283 4077 366 4126 decrat
379 4077 450 4124 sociis
459 4077 578 4124 Romouo·
610 4073 682 4124 lictae
692 4092 722 4125 eo
733 4075 866 4138 impensius
877 4077 1004 4138 perdidero
1016 4079 1120 4136 Poenos,

71 4153 134 4188 nors.
157 4141 359 4202 Propupnueulo,
368 4139 577 4189 exconiect.Gro·
610 4154 643 4188 sc.
655 4155 685 4188 eo
698 4141 806 4202 gmriore
817 4139 893 4189 exitio
903 4147 1012 4190 avertem
1024 4142 1118 4189 Poeno-

72 4215 127 4250 nor.
138 4204 245 4265 reposuit
257 4203 364 4253 Beklrsr.
613 4219 666 4251 rum
678 4203 749 4264 vires,
760 4219 809 4265 quo
824 4205 921 4253 ariolus
933 4205 958 4252 in
969 4219 1120 4253 masmar·

103 4263 119 4314 6
136 4267 275 4332 Gratim
289 4269 454 4328 monnau]
478 4265 581 4329 Aliquid
613 4273 702 4327 aarum,
711 4273 839 4330 propterea
847 4270 912 4332 quod
924 4269 1043 4317 hactenus
1050 4273 1120 4317 erant

73 4329 150 4378 ambri
166 4331 223 4380 buic
239 4331 342 4380 orationi
359 4333 438 4381 insere
451 4332 580 4380 Drakenb·
612 4331 710 4380 illarum
722 4331 818 4381 insueti.
