3002 4798
437 187 532 254 LIB.
556 187 652 254 XXI.
684 183 793 254 CAP.
821 195 868 254 14.
1140 196 1179 256 13

135 327 146 358 ‘
155 322 269 399 tiones,
284 344 342 409 pro
364 335 487 388 vetusto
509 323 655 410 hospitio,
672 322 759 410 quod
777 323 854 387 mihi
876 325 1037 389 vobiscum
1060 336 1117 402 est,
1138 325 1179 389 ad
1190 341 1224 390 U.
1236 340 1265 390 c.
1280 353 1334 402 ⁵34

135 416 212 473 ‘vos
234 409 315 473 veui.
376 409 490 474 Vestra
511 424 617 475 autem
638 433 732 474 causa
760 432 822 488 me,
844 433 904 476 nec
925 411 1019 476 ullius
1041 412 1179 489 alterius,
1190 407 1220 454 Α·
1236 407 1264 456 ⁰·
1280 407 1334 452 ²¹⁸·

113 495 256 582 7‘loqui,
272 519 352 582 quae
367 497 481 583 loquor
495 497 580 585 apud
599 519 663 574 vos,
678 495 729 561 vel
744 520 782 561 ea
801 497 880 562 fides
894 499 944 574 sit,
960 499 1058 586 quod,
1073 523 1114 563 ne
1139 523 1179 565 ue

136 581 235 646 ‘dum
254 583 363 648 vestris
382 584 499 648 viribus
520 583 684 659 restitistis,
700 606 804 670 neque
824 584 902 648 dum
922 585 1040 651 auxilia
1057 587 1097 650 ab
1114 523 1181 651 do·

136 669 259 734 ‘manis
274 670 428 756 sperastis,
466 670 529 734 aeis
550 692 691 770 unquam
714 670 800 756 apud
820 694 876 735 vos
898 673 1093 738 mentionem
1108 673 1179 738 feci.

136 755 331 843 ‘Postquam
346 779 406 822 nee
421 693 466 822 abJ
484 757 637 822 Romanis
658 756 746 821 vobis
762 756 826 821 ulla
932 775 988 836 eat,
1003 783 1064 824 nec
1079 773 1182 824 vestra

136 843 222 907 ‘iam
237 856 292 908 aut
302 865 389 908 arma
398 867 463 922 vos,
475 857 531 908 aut
540 843 666 908 moenia
676 843 750 909 satis
764 842 859 908 defen
883 858 950 922 unt,
962 869 1073 932 paoem
1085 847 1181 912 affero

138 930 200 994 ‘ad
215 953 269 994 vos
284 931 383 1017 magis
397 931 612 1007 neeessariam,
627 953 724 1016 quam
738 953 889 1016 aequam:
914 933 1003 996 euius
1017 934 1063 998 ita
1077 932 1183 1019 aliqua

138 1024 230 1118 ‘spes
252 1029 309 1094 est,
327 1017 354 1082 si
376 1041 445 1082 eam
468 1016 737 1103 quemadmodum
758 1029 794 1080 ut
811 1018 911 1083 victor
924 1017 986 1084 fert
1008 1017 1181 1095 Hannibal,

139 1112 204 1168 ‘sic
226 1126 281 1168 vos
302 1116 339 1167 ut
359 1104 434 1169 vieti
458 1103 609 1168 audiatis:
647 1103 673 1166 si
696 1126 761 1168 non
783 1103 826 1181 id,
873 1104 937 1170 uod
959 1105 1123 1183 amittitur,
1147 1106 1182 1168 in

139 1189 287 1266 ‘damna
310 1189 425 1278 (quum
446 1191 553 1256 omnia
573 1190 700 1254 victoris
721 1189 800 1277 sint)
821 1127 888 1268 sel,
910 1193 1065 1279 quicquid
1086 1192 1183 1257 relin-

139 1277 277 1363 ‘quitur,
301 1300 358 1364 pro
380 1299 510 1344 munere
533 1276 670 1344 habituri
692 1277 773 1342 estis.
821 1277 943 1344 Urbem
964 1280 1063 1358 vobis,
1086 1301 1183 1366 quam

139 1371 201 1428 ‘ex
223 1385 337 1451 magua
357 1364 420 1428 iam
466 1376 531 1428 arte
553 1363 700 1440 dirutam,
723 1375 847 1450 captam
868 1364 933 1429 fere
956 1378 1055 1431 totam
1077 1365 1182 1442 habet,

139 1449 281 1526 ‘adimit
296 1473 386 1537 agros
400 1385 561 1537 relinquit,
576 1449 681 1515 locum
699 1451 920 1538 assignaturus,
935 1451 970 1516 in
985 1475 1049 1538 quo
1064 1474 1182 1516 novum

139 1537 314 1624 ‘oppidum
325 1537 513 1602 aedificetis:
530 1559 641 1601 amum
657 1550 891 1638 argentumque·
901 1560 1007 1616 omne,
1019 1538 1182 1626 publicum

140 1625 392 1712 ‘privatumque,
416 1623 457 1687 ad
481 1647 523 1702 se
541 1623 629 1690 iubet
654 1622 785 1688 deferri:
821 1647 892 1688 com
1017 1639 1182 1711 vestraque

140 1719 291 1798 ‘corpora
305 1733 341 1776 ac
351 1710 521 1775 liberorum
531 1723 704 1774 vestrorum
720 1723 822 1776 servat
832 1647 992 1789 invilffi
1006 1712 1032 1776 si
1047 1713 1184 1777 inermes

115 1805 235 1865 8‘cum
260 1797 344 1862 binis
368 1796 565 1862 vestimentis
589 1795 692 1860 velitis
717 1797 757 1860 ab
782 1796 925 1883 Sagunto
951 1798 1045 1864 exire.
1092 1797 1183 1862 Haec

140 1893 152 1922 ‘
160 1885 261 1948 vietor
274 1884 373 1948 hostis
387 1885 528 1970 imperat
575 1882 676 1960 Haec,
692 1906 875 1971 quanquam
890 1885 953 1949 sint
967 1884 1074 1972 gravia
1088 1897 1119 1948 at
1143 1906 1184 1948 ue

142 1973 282 2047 ‘acerba
303 1971 428 2036 fortuna
447 1983 550 2036 vestra
568 1969 656 2035 vobis
675 1970 794 2034 suadet
841 1969 1000 2058 Equidem
1023 1971 1111 2035 haud
1120 1907 1185 2034 de-

142 2067 263 2145 ‘spero‚
279 2080 379 2143 quum
401 2057 544 2122 omnium
565 2067 703 2142 potestas
724 2056 755 2120 ei
776 2056 859 2121 faeta
878 2058 927 2135 sit,
944 2057 1065 2144 aliquid
1079 2079 1120 2121 ex
1135 2057 1185 2120 his

143 2144 257 2209 ‘rebus
270 2143 482 2209 remissunrm.
530 2141 593 2208 Sed
613 2141 664 2206 vel
683 2142 762 2206 haec
777 2141 926 2229 patienda
940 2165 1054 2208 censeo
1069 2143 1185 2230 potius,

143 2240 260 2318 ‘quam
288 2230 438 2296 trucidari
466 2252 504 2294 oo
543 2241 734 2304 oravestra,
761 2228 829 2314 rapi
859 2228 1004 2315 trahique
1029 2241 1103 2292 ante
1130 2251 1185 2292 ora

145 2327 266 2382 ‘vestra
278 2318 429 2404 coniuges
443 2338 479 2380 ac
493 2314 517 2378 li
538 2337 608 2379 eros
626 2313 700 2378 belli
714 2313 782 2380 iure
797 2313 925 2380 sinatis’

187 2403 243 2468 Ad
256 2403 334 2468 haee
354 2401 513 2468 audienda
532 2423 641 2488 quum,
658 2400 845 2466 circumfusa
863 2400 1026 2489 paullatim
1041 2401 1185 2466 multitu·
1288 2459 1296 2475 ,

143 2491 229 2568 dine,
247 2489 440 2578 permixtum
462 2489 584 2554 senatui
606 2501 689 2553 esset
710 2487 819 2576 populi
841 2489 1028 2566 concilium3
1052 2501 1184 2576 repente

142 2578 304 2666 primores,
326 2577 500 2642 secessione
522 2577 613 2652 facta,
633 2575 705 2663 priu
743 2597 817 2639 uam
838 2598 1024 2663 responsum
1046 2576 1183 2653 daretur,

143 2687 178 2730 ar
218 2678 308 2729 ntum
324 2686 499 2750 aurumque
515 2685 618 2740 omne,
634 2685 675 2726 ex
690 2685 732 2748 pu
756 2661 818 2726 lico
832 2663 1018 2749 privatoque
1032 2663 1067 2726 in
1082 2661 1185 2727 forum

118 2775 181 2825 9eo
205 2766 302 2828 atum,
314 2751 349 2814 in
363 2750 470 2837 ignem
481 2749 522 2814 ad
537 2749 571 2814 id
585 2749 699 2850 raptim
714 2747 831 2813 factum
846 2749 1059 2828 coniicientes,
1072 2748 1185 2813 eodem

143 2838 286 2926 plerique
301 2849 402 2902 semet
415 2836 475 2922 ipsi
495 2836 788 2922 praeciprtaverunt
838 2834 947 2910 Quum
970 2859 1011 2900 ex
1031 2859 1070 2901 eo
1085 2855 1186 2921 pavor

144 2948 180 2990 ae
190 2923 357 3010 trepidatio
370 2935 467 2988 totam
480 2923 589 2987 urbem
599 2921 793 3009 pervasisset,
803 2921 882 2986 alius
894 2924 1022 3009 insuper
1032 2921 1185 2986 tumultus

144 3033 185 3076 ex
206 3033 276 3074 arce
297 3009 430 3074 auditur.
476 3009 588 3074 Turris
608 3009 663 3073 diu
683 3021 828 3094 quassata
842 3009 1039 3158 prociderat:
1064 3031 1184 3108 perque

102 3147 108 3152 .
143 3097 269 3160 ruinam
284 3097 351 3160 eius
370 3097 481 3160 cohors
500 3097 680 3161 Poenorum
701 3096 822 3182 impetu
854 3109 925 3160 aeto
968 3118 1044 3160 uum
1059 3117 1184 3182 signum

145 3182 325 3269 imperatori
340 3182 486 3260 dedisset,
499 3181 650 3246 nudatam
661 3181 847 3246 stationibus
858 3118 1070 3268 custodiisque
1086 3181 1185 3246 solitis

146 3269 283 3334 hostium
306 3291 371 3334 esse
395 3271 521 3345 urbem3
560 3291 624 3332 non
651 3267 866 3331 cunctandum
887 3269 922 3330 in
945 3267 999 3331 tali
1021 3268 1184 3332 occasione
1194 3281 1302 3341 Captum

143 3370 231 3421 ratus
254 3354 425 3434 Hannibal,
448 3357 522 3421 totis
547 3355 665 3419 viribus
687 3375 849 3440 aggressus
879 3355 999 3430 urbem,
1023 3365 1184 3418 momento
1194 3345 1337 3405 Saguntum.

144 3443 239 3531 cepit,
255 3443 345 3530 signo
360 3441 444 3520 dato,
461 3455 496 3506 ut
510 3464 620 3506 omnes
634 3441 769 3527 puberes
784 3437 1044 3503 interficerentur.
1088 3438 1187 3514 Quod

144 3530 314 3618 imperium
343 3528 480 3607 crudele,
503 3541 643 3593 ceterum
665 3549 763 3614 prope
786 3525 995 3590 necessarium
1024 3525 1186 3611 cognitum

144 3617 213 3704 ipso
235 3628 351 3680 eventu
373 3628 428 3680 est
491 3613 555 3679 Cui
577 3614 662 3678 enim
684 3613 771 3701 parci
794 3613 898 3700 potuit
920 3635 961 3676 ex
983 3611 1030 3688 iis,
1054 3611 1109 3697 qui
1131 3624 1187 3674 aut

599 3765 602 3774 ¹
700 3760 706 3790 l

179 3841 191 3891 7
214 3831 257 3879 Vel
272 3845 301 3880 aa
312 3830 378 3892 fidas
393 3829 437 3888 ait]
459 3829 513 3876 lam
530 3825 556 3876 id
575 3827 649 3874 fidem
683 3837 721 3888 37.
737 3827 779 3875 sed
795 3827 910 3889 Doering.
925 3841 969 3889 per
986 3828 1043 3876 ὀίιια
1061 3843 1091 3876 ea
1104 3825 1186 3884 simul,

144 3893 225 3942 faeiat.
244 3893 308 3941 Rue.
682 3891 769 3950 quibus
787 3891 889 3952 quisque
910 3891 1010 3941 indutus
1027 3897 1098 3950 esset,
1116 3891 1186 3940 iutel-

180 3959 195 4005 8
212 3959 273 4005 Cam
285 3959 349 4006 binis
358 3955 518 4015 aestimantis]
537 3955 567 4002 ef.
578 3955 649 4016 Supr.
682 3953 742 4015 tigit.

150 4035 184 4070 ιι.
219 4020 345 4069 Hannibal
362 4021 479 4082 postulat,
490 4025 517 4066 ut
532 4033 587 4065 curn
603 4017 650 4066 ain-
715 4021 779 4082 91n
793 4021 872 4080 iffioem
887 4020 920 4066 ad
935 4021 961 4066 id
976 4022 1065 4082 raptim
1074 4021 1184 4079 saalum]

145 4085 209 4148 gulis
231 4085 381 4134 vestimentis
403 4083 530 4146 Saguntini
554 4089 650 4130 exeant.
685 4082 725 4130 De
733 4081 1021 4132 similiNamantlnomm
1030 4084 1144 4140 faeinme,
1156 4085 1186 4132 cs.

148 4151 236 4211 ltaque
253 4154 318 4197 reete
336 4147 430 4196 ridetur
447 4147 544 4209 Lipsius
559 4145 600 4193 hie
616 4161 651 4194 re·
684 4146 737 4193 infr.
754 4146 837 4194 xxviii.
854 4161 891 4207 ²3·
924 4149 1119 4205 Neraotlnoram,
1133 4145 1187 4194 infr.

146 4229 252 4276 ponere:
281 4229 336 4261 eam
356 4214 444 4276 priuis,
466 4212 481 4259 i.
499 4227 520 4260 e.
543 4209 652 4272 singulis,
685 4210 728 4258 xli.
752 4225 789 4258 ιι.
821 4212 1013 4270 Xontbeuaiam,
1035 4213 1141 4274 Appisu.
1165 4229 1187 4271 4.

146 4279 301 4328 vestimentis.
333 4276 443 4324 Tametsi
457 4291 502 4324 vox
514 4275 557 4324 illa
569 4275 653 4337 paullo
687 4274 752 4324 Plut.
764 4273 788 4322 in
801 4273 871 4323 Brut.

146 4342 242 4390 rarioris
258 4347 295 4389 est
311 4356 375 4390 usus.
392 4341 472 4390 Oaav.
490 4341 520 4389 es.
534 4339 652 4402 superii.
