<?xml version="1.0" encoding="UTF-8"?>
<!DOCTYPE html PUBLIC "-//W3C//DTD XHTML 1.0 Transitional//EN"
    "http://www.w3.org/TR/xhtml1/DTD/xhtml1-transitional.dtd">
<html xmlns="http://www.w3.org/1999/xhtml" xml:lang="en" lang="en">
 <head>
  <title>
</title>
<meta http-equiv="Content-Type" content="text/html;charset=utf-8" />
  <meta name='ocr-system' content='tesseract 3.04.00' />
  <meta name='ocr-capabilities' content='ocr_page ocr_carea ocr_par ocr_line ocrx_word'/>
</head>
<body>
  <div class='ocr_page' id='page_1' title='image "./tliviipatavinih00kreygoog_0313.png"; bbox 0 0 2874 4772; ppageno 0'>
   <div class='ocr_carea' id='block_1_1' title="bbox 362 203 1021 276">
    <p class='ocr_par' dir='ltr' id='par_1_1' title="bbox 362 203 1021 276">
     <span class='ocr_line' id='line_1_1' title="bbox 362 203 1021 276; baseline -0.006 -1"><span class='ocrx_word' id='word_1_1' title='bbox 362 215 425 276; x_wconf 82' lang='lat'>302</span> <span class='ocrx_word' id='word_1_2' title='bbox 744 203 857 271; x_wconf 87' lang='grc' dir='ltr'>ΤΙΤΙ</span> <span class='ocrx_word' id='word_1_3' title='bbox 886 203 1021 271; x_wconf 86' lang='lat' dir='ltr'><strong>LIVII</strong></span> 
     </span>
    </p>
   </div>
   <div class='ocr_carea' id='block_1_2' title="bbox 205 340 1387 2434">
    <p class='ocr_par' dir='ltr' id='par_1_2' title="bbox 206 340 1384 1036">
     <span class='ocr_line' id='line_1_2' title="bbox 207 340 1371 429; baseline -0.005 -20"><span class='ocrx_word' id='word_1_4' title='bbox 207 359 283 410; x_wconf 78' lang='lat' dir='ltr'>tte.</span> <span class='ocrx_word' id='word_1_5' title='bbox 299 341 490 424; x_wconf 73' lang='lat' dir='ltr'>541.comitia</span> <span class='ocrx_word' id='word_1_6' title='bbox 518 340 666 407; x_wconf 78' lang='lat' dir='ltr'>haberetr</span> <span class='ocrx_word' id='word_1_7' title='bbox 704 341 854 429; x_wconf 85' lang='lat' dir='ltr'><strong>diemque</strong></span> <span class='ocrx_word' id='word_1_8' title='bbox 886 342 1022 407; x_wconf 88' lang='lat' dir='ltr'>comitiis</span> <span class='ocrx_word' id='word_1_9' title='bbox 1051 341 1194 406; x_wconf 77' lang='lat' dir='ltr'>comulas</span> <span class='ocrx_word' id='word_1_10' title='bbox 1225 340 1371 406; x_wconf 86' lang='lat' dir='ltr'>edixerout</span> 
     </span>
     <span class='ocr_line' id='line_1_3' title="bbox 206 425 1372 530; baseline -0.004 -35"><span class='ocrx_word' id='word_1_11' title='bbox 206 425 237 475; x_wconf 63' lang='grc' dir='ltr'>Δ·</span> <span class='ocrx_word' id='word_1_12' title='bbox 254 425 284 475; x_wconf 78' lang='lat'>⁰·</span> <span class='ocrx_word' id='word_1_13' title='bbox 300 439 354 475; x_wconf 76' lang='lat'>²¹¹·</span> <span class='ocrx_word' id='word_1_14' title='bbox 362 428 472 494; x_wconf 90' lang='lat' dir='ltr'>Primo</span> <span class='ocrx_word' id='word_1_15' title='bbox 483 441 751 530; x_wconf 84' lang='lat' dir='ltr'>exspectaverant,</span> <span class='ocrx_word' id='word_1_16' title='bbox 762 442 807 505; x_wconf 91' lang='lat' dir='ltr'>ut,</span> <span class='ocrx_word' id='word_1_17' title='bbox 819 428 876 515; x_wconf 92' lang='lat' dir='ltr'>qui</span> <span class='ocrx_word' id='word_1_18' title='bbox 887 451 920 492; x_wconf 90' lang='lat' dir='ltr'>se</span> <span class='ocrx_word' id='word_1_19' title='bbox 930 441 1019 494; x_wconf 88' lang='lat' dir='ltr'>tanto</span> <span class='ocrx_word' id='word_1_20' title='bbox 1029 428 1163 516; x_wconf 90' lang='lat' dir='ltr'>imperio</span> <span class='ocrx_word' id='word_1_21' title='bbox 1171 428 1279 516; x_wconf 79' lang='lat' dir='ltr'>dignos</span> <span class='ocrx_word' id='word_1_22' title='bbox 1290 427 1372 491; x_wconf 85' lang='lat' dir='ltr'>crede·</span> 
     </span>
     <span class='ocr_line' id='line_1_4' title="bbox 362 513 1384 604; baseline -0.005 -23"><span class='ocrx_word' id='word_1_23' title='bbox 362 529 444 593; x_wconf 91' lang='lat' dir='ltr'>rent,</span> <span class='ocrx_word' id='word_1_24' title='bbox 460 539 591 581; x_wconf 80' lang='lat' dir='ltr'>nomme</span> <span class='ocrx_word' id='word_1_25' title='bbox 610 516 842 604; x_wconf 84' lang='lat' dir='ltr'>profiterentur.</span> <span class='ocrx_word' id='word_1_26' title='bbox 891 513 983 591; x_wconf 84' lang='lat' dir='ltr'>Quae</span> <span class='ocrx_word' id='word_1_27' title='bbox 998 529 1036 581; x_wconf 94' lang='lat' dir='ltr'>ut</span> <span class='ocrx_word' id='word_1_28' title='bbox 1049 514 1201 580; x_wconf 84' lang='lat' dir='ltr'>destituta</span> <span class='ocrx_word' id='word_1_29' title='bbox 1213 513 1384 600; x_wconf 79' lang='lat' dir='ltr'>exspectetim</span> 
     </span>
     <span class='ocr_line' id='line_1_5' title="bbox 363 600 1373 690; baseline -0.005 -22"><span class='ocrx_word' id='word_1_30' title='bbox 363 616 421 680; x_wconf 83' lang='lat' dir='ltr'>est,</span> <span class='ocrx_word' id='word_1_31' title='bbox 436 602 667 690; x_wconf 81' lang='lat' dir='ltr'>redintegratus</span> <span class='ocrx_word' id='word_1_32' title='bbox 681 602 784 667; x_wconf 89' lang='lat' dir='ltr'>luctus</span> <span class='ocrx_word' id='word_1_33' title='bbox 799 615 947 690; x_wconf 80' lang='lat' dir='ltr'>acceptae</span> <span class='ocrx_word' id='word_1_34' title='bbox 958 601 1066 680; x_wconf 85' lang='lat' dir='ltr'>cladis,</span> <span class='ocrx_word' id='word_1_35' title='bbox 1080 601 1324 686; x_wconf 84' lang='lat' dir='ltr'>desideriumque</span> <span class='ocrx_word' id='word_1_36' title='bbox 1333 600 1373 662; x_wconf 81' lang='lat' dir='ltr'>in</span> 
     </span>
     <span class='ocr_line' id='line_1_6' title="bbox 362 686 1373 777; baseline -0.005 -23"><span class='ocrx_word' id='word_1_37' title='bbox 362 702 543 777; x_wconf 90' lang='lat' dir='ltr'>peratorum</span> <span class='ocrx_word' id='word_1_38' title='bbox 563 690 755 754; x_wconf 87' lang='lat' dir='ltr'>amissorum.</span> <span class='ocrx_word' id='word_1_39' title='bbox 801 687 927 754; x_wconf 85' lang='lat' dir='ltr'>Maesta</span> <span class='ocrx_word' id='word_1_40' title='bbox 940 689 1048 776; x_wconf 83' lang='lat' dir='ltr'>itaque</span> <span class='ocrx_word' id='word_1_41' title='bbox 1065 689 1183 766; x_wconf 87' lang='lat' dir='ltr'>civitas,</span> <span class='ocrx_word' id='word_1_42' title='bbox 1199 709 1291 775; x_wconf 87' lang='lat' dir='ltr'>prope</span> <span class='ocrx_word' id='word_1_43' title='bbox 1307 686 1373 772; x_wconf 80' lang='lat' dir='ltr'>inops</span> 
     </span>
     <span class='ocr_line' id='line_1_7' title="bbox 363 774 1372 862; baseline -0.007 -21"><span class='ocrx_word' id='word_1_44' title='bbox 363 775 496 853; x_wconf 89' lang='lat' dir='ltr'>consilii,</span> <span class='ocrx_word' id='word_1_45' title='bbox 506 776 706 842; x_wconf 89' lang='lat' dir='ltr'>comitiorum</span> <span class='ocrx_word' id='word_1_46' title='bbox 717 775 769 839; x_wconf 90' lang='lat' dir='ltr'>die</span> <span class='ocrx_word' id='word_1_47' title='bbox 785 788 892 840; x_wconf 88' lang='lat' dir='ltr'>tamen</span> <span class='ocrx_word' id='word_1_48' title='bbox 903 775 938 840; x_wconf 92' lang='lat' dir='ltr'>in</span> <span class='ocrx_word' id='word_1_49' title='bbox 948 797 1095 862; x_wconf 88' lang='lat' dir='ltr'>campum</span> <span class='ocrx_word' id='word_1_50' title='bbox 1106 774 1284 840; x_wconf 86' lang='lat' dir='ltr'>descendit:</span> <span class='ocrx_word' id='word_1_51' title='bbox 1305 787 1372 858; x_wconf 87' lang='lat' dir='ltr'>atque</span> 
     </span>
     <span class='ocr_line' id='line_1_8' title="bbox 363 858 1372 964; baseline -0.008 -36"><span class='ocrx_word' id='word_1_52' title='bbox 363 863 397 928; x_wconf 92' lang='lat' dir='ltr'>in</span> <span class='ocrx_word' id='word_1_53' title='bbox 413 863 611 964; x_wconf 73' lang='lat' dir='ltr'><strong>magistratus</strong></span> <span class='ocrx_word' id='word_1_54' title='bbox 626 863 706 928; x_wconf 86' lang='lat' dir='ltr'>versi</span> <span class='ocrx_word' id='word_1_55' title='bbox 721 863 986 950; x_wconf 72' lang='lat' dir='ltr'>circumspectant</span> <span class='ocrx_word' id='word_1_56' title='bbox 1002 884 1058 927; x_wconf 89' lang='lat' dir='ltr'>ora</span> <span class='ocrx_word' id='word_1_57' title='bbox 1070 861 1259 950; x_wconf 86' lang='lat' dir='ltr'>principum,</span> <span class='ocrx_word' id='word_1_58' title='bbox 1273 858 1372 924; x_wconf 87' lang='lat' dir='ltr'>aliorun</span> 
     </span>
     <span class='ocr_line' id='line_1_9' title="bbox 363 945 1374 1036; baseline -0.004 -22"><span class='ocrx_word' id='word_1_59' title='bbox 363 950 441 1016; x_wconf 87' lang='lat' dir='ltr'>alios</span> <span class='ocrx_word' id='word_1_60' title='bbox 466 949 669 1026; x_wconf 81' lang='lat' dir='ltr'>intuentium,</span> <span class='ocrx_word' id='word_1_61' title='bbox 693 947 905 1036; x_wconf 83' lang='lat' dir='ltr'>fremuntque,</span> <span class='ocrx_word' id='word_1_62' title='bbox 928 947 1008 1014; x_wconf 87' lang='lat' dir='ltr'>adeo</span> <span class='ocrx_word' id='word_1_63' title='bbox 1029 947 1168 1036; x_wconf 82' lang='lat' dir='ltr'>perditas</span> <span class='ocrx_word' id='word_1_64' title='bbox 1190 969 1240 1012; x_wconf 92' lang='lat' dir='ltr'>res</span> <span class='ocrx_word' id='word_1_65' title='bbox 1261 945 1374 1032; x_wconf 83' lang='lat' dir='ltr'>despen-</span> 
     </span>
    </p>

    <p class='ocr_par' dir='ltr' id='par_1_3' title="bbox 205 1032 1387 2434">
     <span class='ocr_line' id='line_1_10' title="bbox 363 1032 1338 1124; baseline -0.004 -23"><span class='ocrx_word' id='word_1_66' title='bbox 363 1050 495 1124; x_wconf 88' lang='lat' dir='ltr'>tumque</span> <span class='ocrx_word' id='word_1_67' title='bbox 518 1036 559 1100; x_wconf 92' lang='lat' dir='ltr'>de</span> <span class='ocrx_word' id='word_1_68' title='bbox 582 1035 744 1123; x_wconf 78' lang='lat' dir='ltr'>republica</span> <span class='ocrx_word' id='word_1_69' title='bbox 763 1058 840 1112; x_wconf 88' lang='lat' dir='ltr'>esse,</span> <span class='ocrx_word' id='word_1_70' title='bbox 856 1047 893 1100; x_wconf 90' lang='lat' dir='ltr'>ut</span> <span class='ocrx_word' id='word_1_71' title='bbox 914 1058 1009 1100; x_wconf 89' lang='lat' dir='ltr'>nemo</span> <span class='ocrx_word' id='word_1_72' title='bbox 1029 1035 1143 1099; x_wconf 84' lang='lat' dir='ltr'>audeat</span> <span class='ocrx_word' id='word_1_73' title='bbox 1163 1035 1199 1098; x_wconf 90' lang='lat' dir='ltr'>in</span> <span class='ocrx_word' id='word_1_74' title='bbox 1256 1034 1265 1047; x_wconf 81' lang='lat'>’</span> <span class='ocrx_word' id='word_1_75' title='bbox 1334 1032 1338 1044; x_wconf 91' lang='lat'>&#39;</span> 
     </span>
     <span class='ocr_line' id='line_1_11' title="bbox 362 1115 1386 1209; baseline -0.009 -22"><span class='ocrx_word' id='word_1_76' title='bbox 362 1123 406 1187; x_wconf 91' lang='lat' dir='ltr'>im</span> <span class='ocrx_word' id='word_1_77' title='bbox 450 1123 532 1186; x_wconf 90' lang='lat' dir='ltr'>rium</span> <span class='ocrx_word' id='word_1_78' title='bbox 554 1123 714 1209; x_wconf 87' lang='lat' dir='ltr'>accipere:</span> <span class='ocrx_word' id='word_1_79' title='bbox 738 1143 839 1208; x_wconf 91' lang='lat' dir='ltr'>quum</span> <span class='ocrx_word' id='word_1_80' title='bbox 860 1122 964 1186; x_wconf 89' lang='lat' dir='ltr'>subito</span> <span class='ocrx_word' id='word_1_81' title='bbox 986 1121 1023 1185; x_wconf 90' lang='lat' dir='ltr'>P.</span> <span class='ocrx_word' id='word_1_82' title='bbox 1038 1119 1218 1197; x_wconf 87' lang='lat' dir='ltr'>Cornelius,</span> <span class='ocrx_word' id='word_1_83' title='bbox 1238 1119 1321 1194; x_wconf 84' lang='lat' dir='ltr'>illius,</span> <span class='ocrx_word' id='word_1_84' title='bbox 1337 1115 1386 1202; x_wconf 86' lang='lat' dir='ltr'>quil</span> 
     </span>
     <span class='ocr_line' id='line_1_12' title="bbox 353 1207 1374 1297; baseline -0.007 -23"><span class='ocrx_word' id='word_1_85' title='bbox 353 1210 397 1292; x_wconf 77' lang='lat' dir='ltr'>¹in</span> <span class='ocrx_word' id='word_1_86' title='bbox 451 1210 570 1297; x_wconf 87' lang='lat' dir='ltr'>&#39;spania</span> <span class='ocrx_word' id='word_1_87' title='bbox 583 1208 749 1285; x_wconf 84' lang='lat' dir='ltr'>ceciderat,</span> <span class='ocrx_word' id='word_1_88' title='bbox 759 1207 852 1286; x_wconf 88' lang='lat' dir='ltr'>filius,</span> <span class='ocrx_word' id='word_1_89' title='bbox 868 1221 1019 1295; x_wconf 88' lang='lat' dir='ltr'>quattuor</span> <span class='ocrx_word' id='word_1_90' title='bbox 1032 1221 1064 1272; x_wconf 91' lang='lat' dir='ltr'>et</span> <span class='ocrx_word' id='word_1_91' title='bbox 1072 1207 1187 1294; x_wconf 87' lang='lat' dir='ltr'>viginti</span> <span class='ocrx_word' id='word_1_92' title='bbox 1201 1207 1294 1272; x_wconf 87' lang='lat' dir='ltr'>ferme</span> <span class='ocrx_word' id='word_1_93' title='bbox 1303 1225 1374 1268; x_wconf 76' lang='lat' dir='ltr'>annu</span> 
     </span>
     <span class='ocr_line' id='line_1_13' title="bbox 363 1293 1375 1383; baseline -0.006 -22"><span class='ocrx_word' id='word_1_94' title='bbox 363 1309 466 1372; x_wconf 88' lang='lat' dir='ltr'>natus,</span> <span class='ocrx_word' id='word_1_95' title='bbox 482 1297 638 1383; x_wconf 85' lang='lat' dir='ltr'>professus</span> <span class='ocrx_word' id='word_1_96' title='bbox 658 1319 690 1360; x_wconf 92' lang='lat' dir='ltr'>se</span> <span class='ocrx_word' id='word_1_97' title='bbox 705 1308 823 1383; x_wconf 90' lang='lat' dir='ltr'>petere,</span> <span class='ocrx_word' id='word_1_98' title='bbox 838 1296 874 1358; x_wconf 90' lang='lat' dir='ltr'>in</span> <span class='ocrx_word' id='word_1_99' title='bbox 892 1294 1062 1381; x_wconf 83' lang='lat' dir='ltr'>superiore,</span> <span class='ocrx_word' id='word_1_100' title='bbox 1078 1294 1164 1358; x_wconf 91' lang='lat' dir='ltr'>unde</span> <span class='ocrx_word' id='word_1_101' title='bbox 1184 1293 1314 1380; x_wconf 84' lang='lat' dir='ltr'>conspici</span> <span class='ocrx_word' id='word_1_102' title='bbox 1325 1311 1375 1378; x_wconf 78' lang='lat' dir='ltr'>pos·</span> 
     </span>
     <span class='ocr_line' id='line_1_14' title="bbox 362 1381 1375 1469; baseline -0.006 -22"><span class='ocrx_word' id='word_1_103' title='bbox 362 1397 420 1460; x_wconf 92' lang='lat' dir='ltr'>set,</span> <span class='ocrx_word' id='word_1_104' title='bbox 441 1381 511 1447; x_wconf 93' lang='lat' dir='ltr'>loco</span> <span class='ocrx_word' id='word_1_105' title='bbox 534 1382 683 1447; x_wconf 89' lang='lat' dir='ltr'>constitit.</span> <span class='ocrx_word' id='word_1_106' title='bbox 729 1381 769 1446; x_wconf 93' lang='lat' dir='ltr'>In</span> <span class='ocrx_word' id='word_1_107' title='bbox 787 1403 882 1469; x_wconf 90' lang='lat' dir='ltr'>quem</span> <span class='ocrx_word' id='word_1_108' title='bbox 904 1393 1071 1469; x_wconf 86' lang='lat' dir='ltr'>postquam</span> <span class='ocrx_word' id='word_1_109' title='bbox 1093 1381 1238 1445; x_wconf 92' lang='lat' dir='ltr'>omnium</span> <span class='ocrx_word' id='word_1_110' title='bbox 1260 1402 1307 1443; x_wconf 87' lang='lat' dir='ltr'>ora</span> <span class='ocrx_word' id='word_1_111' title='bbox 1322 1399 1375 1440; x_wconf 78' lang='lat' dir='ltr'>oon</span> 
     </span>
     <span class='ocr_line' id='line_1_15' title="bbox 362 1461 1374 1554; baseline -0.008 -20"><span class='ocrx_word' id='word_1_112' title='bbox 362 1492 452 1534; x_wconf 87' lang='lat' dir='ltr'>versa</span> <span class='ocrx_word' id='word_1_113' title='bbox 472 1482 556 1547; x_wconf 83' lang='lat' dir='ltr'>sunt,</span> <span class='ocrx_word' id='word_1_114' title='bbox 572 1469 706 1534; x_wconf 89' lang='lat' dir='ltr'>elamore</span> <span class='ocrx_word' id='word_1_115' title='bbox 727 1491 763 1532; x_wconf 90' lang='lat' dir='ltr'>ac</span> <span class='ocrx_word' id='word_1_116' title='bbox 778 1468 882 1532; x_wconf 81' lang='lat' dir='ltr'>favore</span> <span class='ocrx_word' id='word_1_117' title='bbox 904 1468 1035 1532; x_wconf 88' lang='lat' dir='ltr'>ominati</span> <span class='ocrx_word' id='word_1_118' title='bbox 1055 1466 1219 1554; x_wconf 85' lang='lat' dir='ltr'>extemplo</span> <span class='ocrx_word' id='word_1_119' title='bbox 1241 1479 1309 1530; x_wconf 84' lang='lat' dir='ltr'>sunt</span> <span class='ocrx_word' id='word_1_120' title='bbox 1322 1461 1374 1527; x_wconf 83' lang='lat' dir='ltr'>felir</span> 
     </span>
     <span class='ocr_line' id='line_1_16' title="bbox 362 1551 1386 1706; baseline -0.006 -86"><span class='ocrx_word' id='word_1_121' title='bbox 362 1555 563 1706; x_wconf 59' lang='lat' dir='ltr'>faustunpque</span> <span class='ocrx_word' id='word_1_122' title='bbox 579 1555 755 1643; x_wconf 88' lang='lat' dir='ltr'>imperium.</span> <span class='ocrx_word' id='word_1_123' title='bbox 801 1553 882 1619; x_wconf 85' lang='lat' dir='ltr'>Iussi</span> <span class='ocrx_word' id='word_1_124' title='bbox 895 1554 1013 1619; x_wconf 93' lang='lat' dir='ltr'>deinde</span> <span class='ocrx_word' id='word_1_125' title='bbox 1029 1554 1108 1618; x_wconf 90' lang='lat' dir='ltr'>inire</span> <span class='ocrx_word' id='word_1_126' title='bbox 1117 1555 1282 1618; x_wconf 88' lang='lat' dir='ltr'>confusum</span> <span class='ocrx_word' id='word_1_127' title='bbox 1295 1551 1386 1615; x_wconf 68' lang='lat' dir='ltr'>sudrei</span> 
     </span>
     <span class='ocr_line' id='line_1_17' title="bbox 387 1637 1387 1720; baseline -0.011 -14"><span class='ocrx_word' id='word_1_128' title='bbox 387 1641 462 1720; x_wconf 82' lang='lat' dir='ltr'>‘um‚</span> <span class='ocrx_word' id='word_1_129' title='bbox 550 1665 650 1708; x_wconf 88' lang='lat' dir='ltr'>unum</span> <span class='ocrx_word' id='word_1_130' title='bbox 680 1663 789 1706; x_wconf 87' lang='lat' dir='ltr'>ornnes</span> <span class='ocrx_word' id='word_1_131' title='bbox 818 1664 884 1706; x_wconf 90' lang='lat' dir='ltr'>non</span> <span class='ocrx_word' id='word_1_132' title='bbox 907 1641 1067 1706; x_wconf 85' lang='lat' dir='ltr'>centuriae</span> <span class='ocrx_word' id='word_1_133' title='bbox 1098 1641 1205 1717; x_wconf 91' lang='lat' dir='ltr'>modo,</span> <span class='ocrx_word' id='word_1_134' title='bbox 1229 1639 1283 1704; x_wconf 88' lang='lat' dir='ltr'>sed</span> <span class='ocrx_word' id='word_1_135' title='bbox 1307 1637 1387 1701; x_wconf 81' lang='lat' dir='ltr'>etiam</span> 
     </span>
     <span class='ocr_line' id='line_1_18' title="bbox 363 1665 1374 1816; baseline -0.003 -25"><span class='ocrx_word' id='word_1_136' title='bbox 363 1665 518 1806; x_wconf 55' lang='lat' dir='ltr'>ldmines,</span> <span class='ocrx_word' id='word_1_137' title='bbox 535 1727 571 1793; x_wconf 89' lang='lat' dir='ltr'>P.</span> <span class='ocrx_word' id='word_1_138' title='bbox 587 1727 728 1816; x_wconf 86' lang='lat' dir='ltr'>Scipioni</span> <span class='ocrx_word' id='word_1_139' title='bbox 746 1728 913 1814; x_wconf 89' lang='lat' dir='ltr'>imperium</span> <span class='ocrx_word' id='word_1_140' title='bbox 929 1751 996 1792; x_wconf 85' lang='lat' dir='ltr'>esse</span> <span class='ocrx_word' id='word_1_141' title='bbox 1018 1727 1053 1790; x_wconf 93' lang='lat' dir='ltr'>in</span> <span class='ocrx_word' id='word_1_142' title='bbox 1069 1725 1228 1814; x_wconf 82' lang='lat' dir='ltr'>Hispania</span> <span class='ocrx_word' id='word_1_143' title='bbox 1241 1726 1374 1790; x_wconf 73' lang='lat' dir='ltr'>iumennt</span> 
     </span>
     <span class='ocr_line' id='line_1_19' title="bbox 207 1813 1376 1914; baseline -0.006 -34"><span class='ocrx_word' id='word_1_144' title='bbox 207 1830 331 1906; x_wconf 62' lang='lat' dir='ltr'>Deliqitur</span> <span class='ocrx_word' id='word_1_145' title='bbox 366 1813 518 1879; x_wconf 86' lang='lat' dir='ltr'>Ceterum</span> <span class='ocrx_word' id='word_1_146' title='bbox 533 1827 605 1903; x_wconf 87' lang='lat' dir='ltr'>post</span> <span class='ocrx_word' id='word_1_147' title='bbox 618 1837 685 1879; x_wconf 91' lang='lat' dir='ltr'>rem</span> <span class='ocrx_word' id='word_1_148' title='bbox 704 1828 815 1892; x_wconf 87' lang='lat' dir='ltr'>actam,</span> <span class='ocrx_word' id='word_1_149' title='bbox 831 1828 868 1878; x_wconf 91' lang='lat' dir='ltr'>ut</span> <span class='ocrx_word' id='word_1_150' title='bbox 882 1814 945 1878; x_wconf 90' lang='lat' dir='ltr'>iam</span> <span class='ocrx_word' id='word_1_151' title='bbox 959 1813 1118 1878; x_wconf 85' lang='lat' dir='ltr'>resederat</span> <span class='ocrx_word' id='word_1_152' title='bbox 1136 1815 1273 1914; x_wconf 83' lang='lat' dir='ltr'>impenrs</span> <span class='ocrx_word' id='word_1_153' title='bbox 1286 1813 1376 1875; x_wconf 76' lang='lat' dir='ltr'>auno</span> 
     </span>
     <span class='ocr_line' id='line_1_20' title="bbox 208 1895 1374 1988; baseline -0.001 -21"><span class='ocrx_word' id='word_1_154' title='bbox 208 1895 237 1944; x_wconf 77' lang='lat'>1³.</span> <span class='ocrx_word' id='word_1_155' title='bbox 247 1897 329 1958; x_wconf 65' lang='grc' dir='ltr'>801Ρ10</span> <span class='ocrx_word' id='word_1_156' title='bbox 365 1923 435 1966; x_wconf 89' lang='lat' dir='ltr'>rum</span> <span class='ocrx_word' id='word_1_157' title='bbox 461 1902 627 1988; x_wconf 86' lang='lat' dir='ltr'>ardorque,</span> <span class='ocrx_word' id='word_1_158' title='bbox 646 1902 807 1966; x_wconf 86' lang='lat' dir='ltr'>silentium</span> <span class='ocrx_word' id='word_1_159' title='bbox 829 1901 932 1965; x_wconf 89' lang='lat' dir='ltr'>subito</span> <span class='ocrx_word' id='word_1_160' title='bbox 956 1915 1060 1965; x_wconf 86' lang='lat' dir='ltr'>ortum</span> <span class='ocrx_word' id='word_1_161' title='bbox 1079 1915 1112 1965; x_wconf 91' lang='lat' dir='ltr'>et</span> <span class='ocrx_word' id='word_1_162' title='bbox 1134 1913 1233 1965; x_wconf 77' lang='lat' dir='ltr'>tacita</span> <span class='ocrx_word' id='word_1_163' title='bbox 1250 1896 1374 1986; x_wconf 71' lang='lat' dir='ltr'>cogitatio,</span> 
     </span>
     <span class='ocr_line' id='line_1_21' title="bbox 205 1974 1374 2140; baseline -0.008 -87"><span class='ocrx_word' id='word_1_164' title='bbox 205 1974 332 2075; x_wconf 47' lang='lat'>353²*</span> <span class='ocrx_word' id='word_1_165' title='bbox 365 1988 518 2140; x_wconf 79' lang='lat' dir='ltr'>quidnam</span> <span class='ocrx_word' id='word_1_166' title='bbox 540 1990 699 2076; x_wconf 80' lang='lat' dir='ltr'>egissent?</span> <span class='ocrx_word' id='word_1_167' title='bbox 721 2010 799 2051; x_wconf 90' lang='lat' dir='ltr'>num</span> <span class='ocrx_word' id='word_1_168' title='bbox 821 1987 907 2052; x_wconf 86' lang='lat' dir='ltr'>favor</span> <span class='ocrx_word' id='word_1_169' title='bbox 928 1987 999 2074; x_wconf 89' lang='lat' dir='ltr'>plus</span> <span class='ocrx_word' id='word_1_170' title='bbox 1018 1987 1166 2052; x_wconf 84' lang='lat' dir='ltr'>valuisset</span> <span class='ocrx_word' id='word_1_171' title='bbox 1188 2009 1283 2074; x_wconf 86' lang='lat' dir='ltr'>quam</span> <span class='ocrx_word' id='word_1_172' title='bbox 1302 1979 1374 2047; x_wconf 77' lang='lat' dir='ltr'>ratio?</span> 
     </span>
     <span class='ocr_line' id='line_1_22' title="bbox 398 2067 1375 2162; baseline -0.006 -21"><span class='ocrx_word' id='word_1_173' title='bbox 398 2076 490 2141; x_wconf 86' lang='lat' dir='ltr'>etatis</span> <span class='ocrx_word' id='word_1_174' title='bbox 512 2075 650 2140; x_wconf 84' lang='lat' dir='ltr'>maxime</span> <span class='ocrx_word' id='word_1_175' title='bbox 672 2075 872 2162; x_wconf 85' lang='lat' dir='ltr'>poenitebat:</span> <span class='ocrx_word' id='word_1_176' title='bbox 903 2073 1031 2160; x_wconf 86' lang='lat' dir='ltr'>quidam</span> <span class='ocrx_word' id='word_1_177' title='bbox 1053 2073 1215 2138; x_wconf 84' lang='lat' dir='ltr'>fortunam</span> <span class='ocrx_word' id='word_1_178' title='bbox 1235 2073 1321 2138; x_wconf 86' lang='lat' dir='ltr'>etiam</span> <span class='ocrx_word' id='word_1_179' title='bbox 1337 2067 1375 2130; x_wconf 78' lang='lat' dir='ltr'>de</span> 
     </span>
     <span class='ocr_line' id='line_1_23' title="bbox 364 2153 1375 2248; baseline -0.003 -22"><span class='ocrx_word' id='word_1_180' title='bbox 364 2185 434 2227; x_wconf 87' lang='lat' dir='ltr'>mus</span> <span class='ocrx_word' id='word_1_181' title='bbox 454 2163 624 2228; x_wconf 88' lang='lat' dir='ltr'>horrebant</span> <span class='ocrx_word' id='word_1_182' title='bbox 643 2183 834 2248; x_wconf 88' lang='lat' dir='ltr'>nomenque,</span> <span class='ocrx_word' id='word_1_183' title='bbox 858 2183 899 2225; x_wconf 88' lang='lat' dir='ltr'>ex</span> <span class='ocrx_word' id='word_1_184' title='bbox 918 2160 1050 2225; x_wconf 85' lang='lat' dir='ltr'>funestis</span> <span class='ocrx_word' id='word_1_185' title='bbox 1072 2159 1196 2224; x_wconf 87' lang='lat' dir='ltr'>duabus</span> <span class='ocrx_word' id='word_1_186' title='bbox 1216 2157 1338 2232; x_wconf 64' lang='lat' dir='ltr'>fandlin</span> <span class='ocrx_word' id='word_1_187' title='bbox 1353 2153 1375 2214; x_wconf 78' lang='lat' dir='ltr'>lss</span> 
     </span>
     <span class='ocr_line' id='line_1_24' title="bbox 363 2246 1375 2337; baseline -0.004 -24"><span class='ocrx_word' id='word_1_188' title='bbox 363 2271 416 2313; x_wconf 89' lang='lat' dir='ltr'>eas</span> <span class='ocrx_word' id='word_1_189' title='bbox 444 2249 630 2337; x_wconf 86' lang='lat' dir='ltr'>provincias,</span> <span class='ocrx_word' id='word_1_190' title='bbox 659 2247 715 2312; x_wconf 92' lang='lat' dir='ltr'>ubi</span> <span class='ocrx_word' id='word_1_191' title='bbox 744 2249 827 2312; x_wconf 83' lang='lat' dir='ltr'>inter</span> <span class='ocrx_word' id='word_1_192' title='bbox 859 2246 1004 2335; x_wconf 88' lang='lat' dir='ltr'>sepulcra</span> <span class='ocrx_word' id='word_1_193' title='bbox 1036 2247 1132 2334; x_wconf 88' lang='lat' dir='ltr'>patris</span> <span class='ocrx_word' id='word_1_194' title='bbox 1184 2246 1321 2332; x_wconf 78' lang='lat' dir='ltr'>armique</span> <span class='ocrx_word' id='word_1_195' title='bbox 1344 2259 1375 2302; x_wconf 69' lang='lat' dir='ltr'>ret</span> 
     </span>
     <span class='ocr_line' id='line_1_25' title="bbox 258 2269 1375 2434; baseline -0.013 -30"><span class='ocrx_word' id='word_1_196' title='bbox 258 2346 305 2406; x_wconf 90' lang='grc'>19.</span> <span class='ocrx_word' id='word_1_197' title='bbox 363 2335 521 2422; x_wconf 83' lang='lat' dir='ltr'>gerendae</span> <span class='ocrx_word' id='word_1_198' title='bbox 537 2349 650 2412; x_wconf 87' lang='lat' dir='ltr'>essent,</span> <span class='ocrx_word' id='word_1_199' title='bbox 666 2334 900 2434; x_wconf 82' lang='lat' dir='ltr'>proficiscentis.</span> <span class='ocrx_word' id='word_1_200' title='bbox 952 2332 1058 2409; x_wconf 87' lang='lat' dir='ltr'>Quam</span> <span class='ocrx_word' id='word_1_201' title='bbox 1073 2333 1129 2398; x_wconf 91' lang='lat' dir='ltr'>ubi</span> <span class='ocrx_word' id='word_1_202' title='bbox 1143 2269 1184 2398; x_wconf 67' lang='lat' dir='ltr'>al</span> <span class='ocrx_word' id='word_1_203' title='bbox 1198 2357 1233 2398; x_wconf 90' lang='lat' dir='ltr'>re</span> <span class='ocrx_word' id='word_1_204' title='bbox 1248 2329 1375 2397; x_wconf 83' lang='lat' dir='ltr'>tantoin</span> 
     </span>
    </p>
   </div>
   <div class='ocr_carea' id='block_1_3' title="bbox 363 2411 1387 2594">
    <p class='ocr_par' dir='ltr' id='par_1_4' title="bbox 363 2411 1387 2594">
     <span class='ocr_line' id='line_1_26' title="bbox 363 2411 1387 2570; baseline -0.011 -83"><span class='ocrx_word' id='word_1_205' title='bbox 363 2435 442 2509; x_wconf 88' lang='lat' dir='ltr'>petu</span> <span class='ocrx_word' id='word_1_206' title='bbox 461 2437 531 2486; x_wconf 86' lang='lat' dir='ltr'>aeta</span> <span class='ocrx_word' id='word_1_207' title='bbox 549 2421 794 2487; x_wconf 78' lang='lat' dir='ltr'>sollicitudinem</span> <span class='ocrx_word' id='word_1_208' title='bbox 813 2443 985 2570; x_wconf 73' lang='lat' dir='ltr'>curamque</span> <span class='ocrx_word' id='word_1_209' title='bbox 1004 2420 1170 2484; x_wconf 84' lang='lat' dir='ltr'>hominurn</span> <span class='ocrx_word' id='word_1_210' title='bbox 1191 2421 1324 2485; x_wconf 88' lang='lat' dir='ltr'>animum</span> <span class='ocrx_word' id='word_1_211' title='bbox 1339 2411 1387 2478; x_wconf 83' lang='lat' dir='ltr'>all-l</span> 
     </span>
     <span class='ocr_line' id='line_1_27' title="bbox 364 2504 1375 2594; baseline -0.004 -22"><span class='ocrx_word' id='word_1_212' title='bbox 364 2509 467 2586; x_wconf 88' lang='lat' dir='ltr'>vertit,</span> <span class='ocrx_word' id='word_1_213' title='bbox 494 2509 645 2574; x_wconf 83' lang='lat' dir='ltr'>advocata</span> <span class='ocrx_word' id='word_1_214' title='bbox 667 2509 830 2585; x_wconf 86' lang='lat' dir='ltr'>concione,</span> <span class='ocrx_word' id='word_1_215' title='bbox 857 2507 902 2572; x_wconf 87' lang='lat' dir='ltr'>ita</span> <span class='ocrx_word' id='word_1_216' title='bbox 952 2529 970 2571; x_wconf 91' lang='lat' dir='ltr'>e</span> <span class='ocrx_word' id='word_1_217' title='bbox 996 2519 1099 2572; x_wconf 83' lang='lat' dir='ltr'>aetate</span> <span class='ocrx_word' id='word_1_218' title='bbox 1124 2529 1183 2571; x_wconf 83' lang='lat' dir='ltr'>sua</span> <span class='ocrx_word' id='word_1_219' title='bbox 1211 2504 1375 2594; x_wconf 76' lang='lat' dir='ltr'>imperioque</span> 
     </span>
    </p>
   </div>
   <div class='ocr_carea' id='block_1_4' title="bbox 361 2757 1375 4421">
    <p class='ocr_par' dir='ltr' id='par_1_5' title="bbox 362 2757 1375 3013">
     <span class='ocr_line' id='line_1_28' title="bbox 395 2757 1374 2820; baseline 0.006 -14"><span class='ocrx_word' id='word_1_220' title='bbox 395 2759 533 2820; x_wconf 77' lang='lat' dir='ltr'>5Nomr’nc</span> <span class='ocrx_word' id='word_1_221' title='bbox 552 2759 739 2820; x_wconf 74' lang='lat' dir='ltr'>prqlllereatur]</span> <span class='ocrx_word' id='word_1_222' title='bbox 759 2759 784 2808; x_wconf 96' lang='lat' dir='ltr'>h.</span> <span class='ocrx_word' id='word_1_223' title='bbox 799 2775 820 2808; x_wconf 87' lang='lat' dir='ltr'>e.</span> <span class='ocrx_word' id='word_1_224' title='bbox 838 2759 870 2807; x_wconf 84' lang='lat' dir='ltr'>Se</span> <span class='ocrx_word' id='word_1_225' title='bbox 902 2757 951 2807; x_wconf 91' lang='lat' dir='ltr'>tius</span> <span class='ocrx_word' id='word_1_226' title='bbox 976 2760 1142 2820; x_wconf 57' lang='lat' dir='ltr'>cursuum</span> <span class='ocrx_word' id='word_1_227' title='bbox 1167 2775 1199 2808; x_wconf 79' lang='lat' dir='ltr'>su</span> <span class='ocrx_word' id='word_1_228' title='bbox 1267 2760 1273 2772; x_wconf 86' lang='lat'><strong><em>&#39;</em></strong></span> <span class='ocrx_word' id='word_1_229' title='bbox 1349 2766 1374 2812; x_wconf 74' lang='lat' dir='ltr'>&#39;l</span> 
     </span>
     <span class='ocr_line' id='line_1_29' title="bbox 362 2817 1374 2886; baseline -0.004 -16"><span class='ocrx_word' id='word_1_230' title='bbox 362 2821 505 2870; x_wconf 83' lang='lat' dir='ltr'>candidatos</span> <span class='ocrx_word' id='word_1_231' title='bbox 517 2822 868 2886; x_wconf 69' lang='lat' dir='ltr'>preptlerentur,utrntionem</span> <span class='ocrx_word' id='word_1_232' title='bbox 901 2823 954 2872; x_wconf 83' lang='lat' dir='ltr'>Cic.</span> <span class='ocrx_word' id='word_1_233' title='bbox 966 2837 1010 2884; x_wconf 91' lang='lat' dir='ltr'>pro</span> <span class='ocrx_word' id='word_1_234' title='bbox 1023 2825 1136 2886; x_wconf 79' lang='lat' dir='ltr'>Mune3.</span> <span class='ocrx_word' id='word_1_235' title='bbox 1154 2823 1185 2871; x_wconf 88' lang='lat' dir='ltr'>cf.</span> <span class='ocrx_word' id='word_1_236' title='bbox 1219 2817 1374 2870; x_wconf 67' lang='lat' dir='ltr'>metiscu-</span> 
     </span>
     <span class='ocr_line' id='line_1_30' title="bbox 362 2879 1374 2949; baseline -0.003 -16"><span class='ocrx_word' id='word_1_237' title='bbox 362 2901 447 2934; x_wconf 87' lang='lat' dir='ltr'>eorum</span> <span class='ocrx_word' id='word_1_238' title='bbox 469 2886 623 2948; x_wconf 80' lang='lat' dir='ltr'>magistratus</span> <span class='ocrx_word' id='word_1_239' title='bbox 642 2885 749 2946; x_wconf 86' lang='lat' dir='ltr'>haberet,</span> <span class='ocrx_word' id='word_1_240' title='bbox 767 2886 809 2949; x_wconf 92' lang='lat' dir='ltr'>qui</span> <span class='ocrx_word' id='word_1_241' title='bbox 830 2902 869 2935; x_wconf 92' lang='lat' dir='ltr'>co·</span> <span class='ocrx_word' id='word_1_242' title='bbox 902 2886 954 2936; x_wconf 83' lang='lat' dir='ltr'>Cic.</span> <span class='ocrx_word' id='word_1_243' title='bbox 970 2903 993 2936; x_wconf 84' lang='lat' dir='ltr'>r.</span> <span class='ocrx_word' id='word_1_244' title='bbox 1006 2887 1130 2948; x_wconf 76' lang='lat' dir='ltr'>Confusio.</span> <span class='ocrx_word' id='word_1_245' title='bbox 1163 2887 1236 2935; x_wconf 85' lang='lat' dir='ltr'>Haec</span> <span class='ocrx_word' id='word_1_246' title='bbox 1252 2887 1297 2934; x_wconf 82' lang='lat' dir='ltr'>fere</span> <span class='ocrx_word' id='word_1_247' title='bbox 1311 2879 1374 2932; x_wconf 78' lang='lat' dir='ltr'>soon</span> 
     </span>
     <span class='ocr_line' id='line_1_31' title="bbox 362 2950 1375 3013; baseline -0.002 -13"><span class='ocrx_word' id='word_1_248' title='bbox 362 2950 438 3000; x_wconf 86' lang='lat' dir='ltr'>mitiis</span> <span class='ocrx_word' id='word_1_249' title='bbox 448 2951 603 3013; x_wconf 77' lang='lat' dir='ltr'>praefuturus</span> <span class='ocrx_word' id='word_1_250' title='bbox 613 2956 672 3000; x_wconf 87' lang='lat' dir='ltr'>erat.</span> <span class='ocrx_word' id='word_1_251' title='bbox 901 2951 944 2999; x_wconf 86' lang='lat' dir='ltr'>sed</span> <span class='ocrx_word' id='word_1_252' title='bbox 961 2952 992 3000; x_wconf 91' lang='lat' dir='ltr'>de</span> <span class='ocrx_word' id='word_1_253' title='bbox 1011 2951 1058 3000; x_wconf 86' lang='lat' dir='ltr'>hac</span> <span class='ocrx_word' id='word_1_254' title='bbox 1074 2966 1100 2999; x_wconf 89' lang='lat' dir='ltr'>re</span> <span class='ocrx_word' id='word_1_255' title='bbox 1117 2951 1167 3000; x_wconf 83' lang='lat' dir='ltr'>alis</span> <span class='ocrx_word' id='word_1_256' title='bbox 1181 2951 1240 3000; x_wconf 84' lang='lat' dir='ltr'>aliis</span> <span class='ocrx_word' id='word_1_257' title='bbox 1256 2951 1375 3012; x_wconf 72' lang='lat' dir='ltr'>placuerunt</span> 
     </span>
    </p>

    <p class='ocr_par' dir='ltr' id='par_1_6' title="bbox 361 3007 1375 3399">
     <span class='ocr_line' id='line_1_32' title="bbox 398 3007 1374 3080; baseline -0.004 -15"><span class='ocrx_word' id='word_1_258' title='bbox 398 3013 413 3065; x_wconf 87' lang='lat'><strong>6</strong></span> <span class='ocrx_word' id='word_1_259' title='bbox 429 3018 461 3064; x_wconf 90' lang='lat' dir='ltr'>P.</span> <span class='ocrx_word' id='word_1_260' title='bbox 474 3016 610 3074; x_wconf 75' lang='lat' dir='ltr'>Gonrels&#39;us,</span> <span class='ocrx_word' id='word_1_261' title='bbox 624 3017 704 3075; x_wconf 76' lang='lat' dir='ltr'>illius]</span> <span class='ocrx_word' id='word_1_262' title='bbox 735 3014 869 3077; x_wconf 74' lang='lat' dir='ltr'>volgatam</span> <span class='ocrx_word' id='word_1_263' title='bbox 902 3016 950 3077; x_wconf 80' lang='lat' dir='ltr'>Ap.</span> <span class='ocrx_word' id='word_1_264' title='bbox 966 3015 1026 3064; x_wconf 87' lang='lat' dir='ltr'>Sall.</span> <span class='ocrx_word' id='word_1_265' title='bbox 1043 3016 1074 3062; x_wconf 92' lang='lat' dir='ltr'>de</span> <span class='ocrx_word' id='word_1_266' title='bbox 1090 3014 1198 3077; x_wconf 87' lang='lat' dir='ltr'>Republ.</span> <span class='ocrx_word' id='word_1_267' title='bbox 1214 3015 1241 3064; x_wconf 84' lang='lat' dir='ltr'>ii.</span> <span class='ocrx_word' id='word_1_268' title='bbox 1251 3015 1273 3062; x_wconf 60' lang='grc' dir='ltr'><strong>ἃ</strong></span> <span class='ocrx_word' id='word_1_269' title='bbox 1285 3007 1374 3080; x_wconf 52' lang='lat' dir='ltr'>legend</span> 
     </span>
     <span class='ocr_line' id='line_1_33' title="bbox 361 3075 1373 3141; baseline -0.001 -13"><span class='ocrx_word' id='word_1_270' title='bbox 361 3084 420 3128; x_wconf 86' lang='lat' dir='ltr'>ante</span> <span class='ocrx_word' id='word_1_271' title='bbox 439 3078 590 3128; x_wconf 83' lang='lat' dir='ltr'>Gronovium</span> <span class='ocrx_word' id='word_1_272' title='bbox 609 3080 748 3138; x_wconf 89' lang='lat' dir='ltr'>lectionem,</span> <span class='ocrx_word' id='word_1_273' title='bbox 765 3080 807 3141; x_wconf 90' lang='lat' dir='ltr'>qui</span> <span class='ocrx_word' id='word_1_274' title='bbox 826 3094 869 3141; x_wconf 92' lang='lat' dir='ltr'>pro</span> <span class='ocrx_word' id='word_1_275' title='bbox 902 3079 1030 3127; x_wconf 83' lang='lat' dir='ltr'>Gracchus</span> <span class='ocrx_word' id='word_1_276' title='bbox 1045 3077 1070 3127; x_wconf 88' lang='lat' dir='ltr'>in</span> <span class='ocrx_word' id='word_1_277' title='bbox 1085 3079 1211 3127; x_wconf 79' lang='lat' dir='ltr'>tribunatu</span> <span class='ocrx_word' id='word_1_278' title='bbox 1222 3080 1253 3127; x_wconf 89' lang='lat' dir='ltr'>de</span> <span class='ocrx_word' id='word_1_279' title='bbox 1265 3075 1373 3138; x_wconf 71' lang='lat' dir='ltr'>maginae</span> 
     </span>
     <span class='ocr_line' id='line_1_34' title="bbox 361 3139 1374 3206; baseline -0.001 -14"><span class='ocrx_word' id='word_1_280' title='bbox 361 3145 430 3192; x_wconf 76' lang='lat' dir='ltr'>illius</span> <span class='ocrx_word' id='word_1_281' title='bbox 455 3159 603 3206; x_wconf 85' lang='lat' dir='ltr'>praenomen</span> <span class='ocrx_word' id='word_1_282' title='bbox 625 3145 711 3192; x_wconf 78' lang='lat' dir='ltr'>Publii</span> <span class='ocrx_word' id='word_1_283' title='bbox 738 3143 869 3205; x_wconf 79' lang='lat' dir='ltr'>legendum</span> <span class='ocrx_word' id='word_1_284' title='bbox 901 3143 946 3192; x_wconf 89' lang='lat' dir='ltr'>bus</span> <span class='ocrx_word' id='word_1_285' title='bbox 962 3142 1071 3192; x_wconf 82' lang='lat' dir='ltr'>creandis</span> <span class='ocrx_word' id='word_1_286' title='bbox 1088 3143 1254 3206; x_wconf 72' lang='lat' dir='ltr'>promulgasse</span> <span class='ocrx_word' id='word_1_287' title='bbox 1268 3139 1374 3191; x_wconf 66' lang='lat' dir='ltr'>dicitur!l</span> 
     </span>
     <span class='ocr_line' id='line_1_35' title="bbox 362 3201 1375 3272; baseline 0 -16"><span class='ocrx_word' id='word_1_288' title='bbox 362 3207 474 3264; x_wconf 84' lang='lat' dir='ltr'>coniecit,</span> <span class='ocrx_word' id='word_1_289' title='bbox 506 3207 554 3256; x_wconf 87' lang='lat' dir='ltr'>fide</span> <span class='ocrx_word' id='word_1_290' title='bbox 585 3205 691 3270; x_wconf 82' lang='lat' dir='ltr'>plurium</span> <span class='ocrx_word' id='word_1_291' title='bbox 719 3222 770 3256; x_wconf 84' lang='lat' dir='ltr'>uss.</span> <span class='ocrx_word' id='word_1_292' title='bbox 802 3207 869 3256; x_wconf 90' lang='lat' dir='ltr'>nisus</span> <span class='ocrx_word' id='word_1_293' title='bbox 900 3209 1060 3270; x_wconf 76' lang='lat' dir='ltr'>ascensuris</span> <span class='ocrx_word' id='word_1_294' title='bbox 1081 3211 1187 3272; x_wconf 69' lang='lat' dir='ltr'>quinquae</span> <span class='ocrx_word' id='word_1_295' title='bbox 1208 3208 1317 3257; x_wconf 69' lang='lat' dir='ltr'>cunibus</span> <span class='ocrx_word' id='word_1_296' title='bbox 1328 3201 1375 3272; x_wconf 60' lang='lat' dir='ltr'>Mt</span> 
     </span>
     <span class='ocr_line' id='line_1_36' title="bbox 363 3267 1374 3334; baseline -0.002 -14"><span class='ocrx_word' id='word_1_297' title='bbox 363 3271 488 3334; x_wconf 77' lang='lat' dir='ltr'>Kreyssig.</span> <span class='ocrx_word' id='word_1_298' title='bbox 503 3271 615 3332; x_wconf 85' lang='lat' dir='ltr'>restituit,</span> <span class='ocrx_word' id='word_1_299' title='bbox 628 3273 670 3322; x_wconf 88' lang='lat' dir='ltr'>sed</span> <span class='ocrx_word' id='word_1_300' title='bbox 688 3271 794 3321; x_wconf 83' lang='lat' dir='ltr'>Bekker.</span> <span class='ocrx_word' id='word_1_301' title='bbox 807 3271 867 3321; x_wconf 70' lang='lat' dir='ltr'>Gru</span> <span class='ocrx_word' id='word_1_302' title='bbox 900 3275 1026 3322; x_wconf 65' lang='lat' dir='ltr'>murias</span> <span class='ocrx_word' id='word_1_303' title='bbox 1046 3279 1201 3332; x_wconf 78' lang='lat' dir='ltr'>nocerentur,</span> <span class='ocrx_word' id='word_1_304' title='bbox 1222 3271 1285 3320; x_wconf 87' lang='lat' dir='ltr'>unde</span> <span class='ocrx_word' id='word_1_305' title='bbox 1303 3267 1374 3324; x_wconf 51' lang='lat' dir='ltr'>cell&amp;</span> 
     </span>
     <span class='ocr_line' id='line_1_37' title="bbox 363 3327 1373 3399; baseline 0 -15"><span class='ocrx_word' id='word_1_306' title='bbox 363 3336 462 3385; x_wconf 79' lang='lat' dir='ltr'>nerium</span> <span class='ocrx_word' id='word_1_307' title='bbox 473 3335 588 3398; x_wconf 86' lang='lat' dir='ltr'>sequitur.</span> <span class='ocrx_word' id='word_1_308' title='bbox 900 3339 1027 3397; x_wconf 67' lang='lat' dir='ltr'>cmqsusum</span> <span class='ocrx_word' id='word_1_309' title='bbox 1053 3335 1201 3399; x_wconf 71' lang='lat' dir='ltr'>suffrops&#39;um</span> <span class='ocrx_word' id='word_1_310' title='bbox 1228 3349 1284 3392; x_wconf 68' lang='lat' dir='ltr'>ems,</span> <span class='ocrx_word' id='word_1_311' title='bbox 1304 3327 1373 3398; x_wconf 62' lang='lat' dir='ltr'>quelll</span> 
     </span>
    </p>

    <p class='ocr_par' dir='ltr' id='par_1_7' title="bbox 362 3399 1372 4421">
     <span class='ocr_line' id='line_1_38' title="bbox 403 3399 1372 3463; baseline -0.002 -15"><span class='ocrx_word' id='word_1_312' title='bbox 403 3401 507 3463; x_wconf 78' lang='lat' dir='ltr'>7lnirs</span> <span class='ocrx_word' id='word_1_313' title='bbox 542 3401 670 3462; x_wconf 70' lang='lat' dir='ltr'>consenum</span> <span class='ocrx_word' id='word_1_314' title='bbox 704 3399 866 3463; x_wconf 76' lang='lat' dir='ltr'>suffrcplum]</span> <span class='ocrx_word' id='word_1_315' title='bbox 900 3400 989 3448; x_wconf 74' lang='lat' dir='ltr'>clames</span> <span class='ocrx_word' id='word_1_316' title='bbox 1008 3400 1123 3448; x_wconf 81' lang='lat' dir='ltr'>confirsue</span> <span class='ocrx_word' id='word_1_317' title='bbox 1139 3403 1228 3458; x_wconf 61' lang='lat' dir='ltr'>ment,</span> <span class='ocrx_word' id='word_1_318' title='bbox 1241 3404 1265 3448; x_wconf 86' lang='lat' dir='ltr'>et</span> <span class='ocrx_word' id='word_1_319' title='bbox 1282 3401 1372 3446; x_wconf 67' lang='lat' dir='ltr'>mulum*</span> 
     </span>
     <span class='ocr_line' id='line_1_39' title="bbox 363 3463 1300 3526; baseline -0.001 -14"><span class='ocrx_word' id='word_1_320' title='bbox 363 3465 451 3521; x_wconf 79' lang='lat' dir='ltr'>Quum</span> <span class='ocrx_word' id='word_1_321' title='bbox 467 3478 517 3512; x_wconf 93' lang='lat' dir='ltr'>non</span> <span class='ocrx_word' id='word_1_322' title='bbox 532 3470 647 3525; x_wconf 83' lang='lat' dir='ltr'>caperent</span> <span class='ocrx_word' id='word_1_323' title='bbox 658 3464 809 3526; x_wconf 87' lang='lat' dir='ltr'>interpretes,</span> <span class='ocrx_word' id='word_1_324' title='bbox 820 3479 868 3526; x_wconf 89' lang='lat' dir='ltr'>quo</span> <span class='ocrx_word' id='word_1_325' title='bbox 900 3465 962 3512; x_wconf 81' lang='lat' dir='ltr'>forle</span> <span class='ocrx_word' id='word_1_326' title='bbox 974 3468 1074 3512; x_wconf 87' lang='lat' dir='ltr'>vocatae</span> <span class='ocrx_word' id='word_1_327' title='bbox 1085 3463 1198 3526; x_wconf 73' lang='lat' dir='ltr'>soffrogn</span> <span class='ocrx_word' id='word_1_328' title='bbox 1208 3463 1300 3512; x_wconf 81' lang='lat' dir='ltr'>ferrent.</span> 
     </span>
     <span class='ocr_line' id='line_1_40' title="bbox 362 3525 1371 3602; baseline -0.001 -25"><span class='ocrx_word' id='word_1_329' title='bbox 362 3543 434 3577; x_wconf 88' lang='lat' dir='ltr'>seusu</span> <span class='ocrx_word' id='word_1_330' title='bbox 451 3527 536 3577; x_wconf 88' lang='lat' dir='ltr'>Livius</span> <span class='ocrx_word' id='word_1_331' title='bbox 551 3529 698 3602; x_wconf 79' lang='lat' dir='ltr'>suffruplum</span> <span class='ocrx_word' id='word_1_332' title='bbox 716 3543 779 3576; x_wconf 84' lang='lat' dir='ltr'>nora</span> <span class='ocrx_word' id='word_1_333' title='bbox 795 3529 869 3590; x_wconf 84' lang='lat' dir='ltr'>plene</span> <span class='ocrx_word' id='word_1_334' title='bbox 936 3529 952 3577; x_wconf 88' lang='lat'><em>8</em></span> <span class='ocrx_word' id='word_1_335' title='bbox 969 3530 1057 3577; x_wconf 77' lang='lat' dir='ltr'>Omnes</span> <span class='ocrx_word' id='word_1_336' title='bbox 1072 3545 1123 3578; x_wconf 84' lang='lat' dir='ltr'>nen</span> <span class='ocrx_word' id='word_1_337' title='bbox 1138 3529 1274 3586; x_wconf 63' lang='lat' dir='ltr'>mutum]</span> <span class='ocrx_word' id='word_1_338' title='bbox 1297 3525 1371 3592; x_wconf 49' lang='grc' dir='ltr'>ΡΨ</span> 
     </span>
     <span class='ocr_line' id='line_1_41' title="bbox 363 3590 1371 3667; baseline -0.002 -27"><span class='ocrx_word' id='word_1_339' title='bbox 363 3593 456 3640; x_wconf 85' lang='lat' dir='ltr'>ratione</span> <span class='ocrx_word' id='word_1_340' title='bbox 478 3607 543 3640; x_wconf 88' lang='lat' dir='ltr'>nunc</span> <span class='ocrx_word' id='word_1_341' title='bbox 565 3591 653 3641; x_wconf 79' lang='lat' dir='ltr'>dixerit</span> <span class='ocrx_word' id='word_1_342' title='bbox 671 3593 808 3652; x_wconf 60' lang='lat' dir='ltr'>mmm,</span> <span class='ocrx_word' id='word_1_343' title='bbox 826 3591 868 3641; x_wconf 83' lang='lat' dir='ltr'>alii</span> <span class='ocrx_word' id='word_1_344' title='bbox 901 3593 966 3640; x_wconf 87' lang='lat' dir='ltr'>eules</span> <span class='ocrx_word' id='word_1_345' title='bbox 983 3593 1055 3667; x_wconf 68' lang='lat' dir='ltr'>vulgo</span> <span class='ocrx_word' id='word_1_346' title='bbox 1074 3597 1167 3640; x_wconf 86' lang='lat' dir='ltr'>creatos</span> <span class='ocrx_word' id='word_1_347' title='bbox 1187 3590 1283 3640; x_wconf 81' lang='lat' dir='ltr'>tribuu&#39;s</span> <span class='ocrx_word' id='word_1_348' title='bbox 1299 3593 1371 3636; x_wconf 61' lang='lat' dir='ltr'>camur</span> 
     </span>
     <span class='ocr_line' id='line_1_42' title="bbox 362 3650 1370 3720; baseline -0.004 -15"><span class='ocrx_word' id='word_1_349' title='bbox 362 3659 491 3718; x_wconf 63' lang='lat' dir='ltr'>oerqsurum</span> <span class='ocrx_word' id='word_1_350' title='bbox 502 3657 527 3704; x_wconf 91' lang='lat' dir='ltr'>in</span> <span class='ocrx_word' id='word_1_351' title='bbox 538 3658 663 3719; x_wconf 80' lang='lat' dir='ltr'>confertim</span> <span class='ocrx_word' id='word_1_352' title='bbox 673 3661 807 3714; x_wconf 83' lang='lat' dir='ltr'>mutamnt,</span> <span class='ocrx_word' id='word_1_353' title='bbox 816 3655 868 3716; x_wconf 89' lang='lat' dir='ltr'>alii,</span> <span class='ocrx_word' id='word_1_354' title='bbox 901 3659 988 3720; x_wconf 88' lang='lat' dir='ltr'>probat</span> <span class='ocrx_word' id='word_1_355' title='bbox 999 3657 1055 3704; x_wconf 78' lang='lat' dir='ltr'>Nic.</span> <span class='ocrx_word' id='word_1_356' title='bbox 1068 3655 1199 3714; x_wconf 75' lang='lat' dir='ltr'>Grunnius,</span> <span class='ocrx_word' id='word_1_357' title='bbox 1207 3655 1239 3704; x_wconf 91' lang='lat' dir='ltr'>de</span> <span class='ocrx_word' id='word_1_358' title='bbox 1249 3656 1310 3705; x_wconf 80' lang='lat' dir='ltr'>Com</span> <span class='ocrx_word' id='word_1_359' title='bbox 1321 3650 1370 3715; x_wconf 49' lang='lat' dir='ltr'>Roll-</span> 
     </span>
     <span class='ocr_line' id='line_1_43' title="bbox 363 3711 1371 3783; baseline -0.002 -15"><span class='ocrx_word' id='word_1_360' title='bbox 363 3725 392 3767; x_wconf 89' lang='lat' dir='ltr'>ut</span> <span class='ocrx_word' id='word_1_361' title='bbox 405 3719 783 3770; x_wconf 82' lang='lat' dir='ltr'>Drakenb.etBeklrer.rocem</span> <span class='ocrx_word' id='word_1_362' title='bbox 799 3720 869 3769; x_wconf 89' lang='lat' dir='ltr'>illam</span> <span class='ocrx_word' id='word_1_363' title='bbox 900 3721 925 3770; x_wconf 92' lang='lat' dir='ltr'>ii.</span> <span class='ocrx_word' id='word_1_364' title='bbox 938 3736 960 3770; x_wconf 79' lang='lat' dir='ltr'>r.</span> <span class='ocrx_word' id='word_1_365' title='bbox 993 3721 1051 3769; x_wconf 84' lang='lat' dir='ltr'>Sola</span> <span class='ocrx_word' id='word_1_366' title='bbox 1070 3720 1161 3783; x_wconf 83' lang='lat' dir='ltr'>excipit</span> <span class='ocrx_word' id='word_1_367' title='bbox 1178 3720 1239 3768; x_wconf 81' lang='lat' dir='ltr'>haec</span> <span class='ocrx_word' id='word_1_368' title='bbox 1256 3711 1371 3781; x_wconf 58' lang='lat' dir='ltr'>nostrastt</span> 
     </span>
     <span class='ocr_line' id='line_1_44' title="bbox 363 3775 1371 3847; baseline -0.003 -16"><span class='ocrx_word' id='word_1_369' title='bbox 363 3783 513 3833; x_wconf 84' lang='lat' dir='ltr'>delerenrnt.</span> <span class='ocrx_word' id='word_1_370' title='bbox 547 3785 682 3847; x_wconf 85' lang='lat' dir='ltr'>Sedquum</span> <span class='ocrx_word' id='word_1_371' title='bbox 693 3783 800 3835; x_wconf 88' lang='lat' dir='ltr'>Romani</span> <span class='ocrx_word' id='word_1_372' title='bbox 812 3800 870 3833; x_wconf 85' lang='lat' dir='ltr'>cure</span> <span class='ocrx_word' id='word_1_373' title='bbox 902 3783 982 3847; x_wconf 89' lang='lat' dir='ltr'>pionis</span> <span class='ocrx_word' id='word_1_374' title='bbox 992 3784 1099 3834; x_wconf 84' lang='lat' dir='ltr'>comitia.</span> <span class='ocrx_word' id='word_1_375' title='bbox 1126 3784 1264 3834; x_wconf 79' lang='lat' dir='ltr'>Gronovius</span> <span class='ocrx_word' id='word_1_376' title='bbox 1273 3785 1331 3844; x_wconf 83' lang='lat' dir='ltr'>putat</span> <span class='ocrx_word' id='word_1_377' title='bbox 1340 3775 1371 3828; x_wconf 74' lang='lat' dir='ltr'>lue,</span> 
     </span>
     <span class='ocr_line' id='line_1_45' title="bbox 364 3847 1371 3911; baseline 0.004 -17"><span class='ocrx_word' id='word_1_378' title='bbox 364 3848 494 3910; x_wconf 87' lang='lat' dir='ltr'>plusquam</span> <span class='ocrx_word' id='word_1_379' title='bbox 505 3848 577 3896; x_wconf 82' lang='lat' dir='ltr'>solita</span> <span class='ocrx_word' id='word_1_380' title='bbox 594 3850 762 3911; x_wconf 88' lang='lat' dir='ltr'>proconsulem</span> <span class='ocrx_word' id='word_1_381' title='bbox 774 3848 799 3897; x_wconf 90' lang='lat' dir='ltr'>in</span> <span class='ocrx_word' id='word_1_382' title='bbox 812 3849 869 3897; x_wconf 89' lang='lat' dir='ltr'>His-</span> <span class='ocrx_word' id='word_1_383' title='bbox 902 3855 927 3897; x_wconf 89' lang='lat' dir='ltr'>et</span> <span class='ocrx_word' id='word_1_384' title='bbox 941 3848 995 3896; x_wconf 85' lang='lat' dir='ltr'>infr.</span> <span class='ocrx_word' id='word_1_385' title='bbox 1007 3863 1046 3909; x_wconf 85' lang='lat'>41.</span> <span class='ocrx_word' id='word_1_386' title='bbox 1062 3849 1135 3896; x_wconf 87' lang='lat' dir='ltr'>huius</span> <span class='ocrx_word' id='word_1_387' title='bbox 1151 3847 1205 3896; x_wconf 88' lang='lat' dir='ltr'>libri</span> <span class='ocrx_word' id='word_1_388' title='bbox 1222 3847 1331 3899; x_wconf 68' lang='lat' dir='ltr'>mutiat</span> <span class='ocrx_word' id='word_1_389' title='bbox 1343 3849 1371 3898; x_wconf 82' lang='lat' dir='ltr'>pn</span> 
     </span>
     <span class='ocr_line' id='line_1_46' title="bbox 365 3899 1371 3973; baseline 0.003 -15"><span class='ocrx_word' id='word_1_390' title='bbox 365 3911 463 3972; x_wconf 78' lang='lat' dir='ltr'>panium</span> <span class='ocrx_word' id='word_1_391' title='bbox 479 3912 627 3960; x_wconf 84' lang='lat' dir='ltr'>mittendum</span> <span class='ocrx_word' id='word_1_392' title='bbox 638 3919 755 3973; x_wconf 86' lang='lat' dir='ltr'>crearent,</span> <span class='ocrx_word' id='word_1_393' title='bbox 766 3929 815 3960; x_wconf 90' lang='lat' dir='ltr'>non</span> <span class='ocrx_word' id='word_1_394' title='bbox 826 3915 869 3961; x_wconf 76' lang='lat' dir='ltr'>tri-</span> <span class='ocrx_word' id='word_1_395' title='bbox 902 3914 1038 3962; x_wconf 74' lang='lat' dir='ltr'>tribulosa</span> <span class='ocrx_word' id='word_1_396' title='bbox 1050 3912 1120 3960; x_wconf 78' lang='lat' dir='ltr'>Liuio</span> <span class='ocrx_word' id='word_1_397' title='bbox 1134 3913 1276 3970; x_wconf 75' lang='lat' dir='ltr'>nominatus,</span> <span class='ocrx_word' id='word_1_398' title='bbox 1286 3899 1371 3970; x_wconf 58' lang='lat' dir='ltr'>qumi·</span> 
     </span>
     <span class='ocr_line' id='line_1_47' title="bbox 365 3975 1371 4039; baseline 0.001 -16"><span class='ocrx_word' id='word_1_399' title='bbox 365 3975 432 4032; x_wconf 75' lang='lat' dir='ltr'>duta,</span> <span class='ocrx_word' id='word_1_400' title='bbox 442 3976 485 4023; x_wconf 85' lang='lat' dir='ltr'>sed</span> <span class='ocrx_word' id='word_1_401' title='bbox 495 3978 633 4026; x_wconf 67' lang='lat' dir='ltr'>melate</span> <span class='ocrx_word' id='word_1_402' title='bbox 650 3983 745 4037; x_wconf 85' lang='lat' dir='ltr'>praeter</span> <span class='ocrx_word' id='word_1_403' title='bbox 761 3978 869 4026; x_wconf 90' lang='lat' dir='ltr'>ordinem</span> <span class='ocrx_word' id='word_1_404' title='bbox 902 3977 1003 4025; x_wconf 86' lang='lat' dir='ltr'>modum</span> <span class='ocrx_word' id='word_1_405' title='bbox 1018 3977 1078 4024; x_wconf 88' lang='lat' dir='ltr'>alibi</span> <span class='ocrx_word' id='word_1_406' title='bbox 1094 3977 1191 4039; x_wconf 84' lang='lat' dir='ltr'>saepius</span> <span class='ocrx_word' id='word_1_407' title='bbox 1201 3977 1276 4026; x_wconf 66' lang='lat' dir='ltr'>teiln</span> <span class='ocrx_word' id='word_1_408' title='bbox 1290 3985 1326 4035; x_wconf 76' lang='lat' dir='ltr'>pro</span> <span class='ocrx_word' id='word_1_409' title='bbox 1336 3981 1371 4036; x_wconf 62' lang='lat' dir='ltr'>cll*</span> 
     </span>
     <span class='ocr_line' id='line_1_48' title="bbox 365 4035 1370 4102; baseline -0.006 -14"><span class='ocrx_word' id='word_1_410' title='bbox 365 4037 465 4088; x_wconf 86' lang='lat' dir='ltr'>comitia</span> <span class='ocrx_word' id='word_1_411' title='bbox 479 4039 618 4088; x_wconf 82' lang='lat' dir='ltr'>habebant:</span> <span class='ocrx_word' id='word_1_412' title='bbox 636 4040 661 4087; x_wconf 93' lang='lat' dir='ltr'>in</span> <span class='ocrx_word' id='word_1_413' title='bbox 676 4039 771 4102; x_wconf 88' lang='lat' dir='ltr'>quibus,</span> <span class='ocrx_word' id='word_1_414' title='bbox 786 4041 869 4090; x_wconf 64' lang='lat' dir='ltr'>suffrnr</span> <span class='ocrx_word' id='word_1_415' title='bbox 903 4043 982 4090; x_wconf 83' lang='lat' dir='ltr'>turils.</span> <span class='ocrx_word' id='word_1_416' title='bbox 1016 4041 1070 4089; x_wconf 89' lang='lat' dir='ltr'>Nos</span> <span class='ocrx_word' id='word_1_417' title='bbox 1083 4055 1135 4088; x_wconf 88' lang='lat' dir='ltr'>rem</span> <span class='ocrx_word' id='word_1_418' title='bbox 1151 4039 1178 4089; x_wconf 93' lang='lat' dir='ltr'>in</span> <span class='ocrx_word' id='word_1_419' title='bbox 1196 4040 1274 4089; x_wconf 89' lang='lat' dir='ltr'>medio</span> <span class='ocrx_word' id='word_1_420' title='bbox 1288 4035 1370 4092; x_wconf 62' lang='lat' dir='ltr'>alioqu</span> 
     </span>
     <span class='ocr_line' id='line_1_49' title="bbox 364 4101 1061 4166; baseline 0.003 -16"><span class='ocrx_word' id='word_1_421' title='bbox 364 4101 410 4166; x_wconf 81' lang='lat' dir='ltr'>giis</span> <span class='ocrx_word' id='word_1_422' title='bbox 428 4103 591 4151; x_wconf 86' lang='lat' dir='ltr'>centuriarum</span> <span class='ocrx_word' id='word_1_423' title='bbox 613 4104 638 4151; x_wconf 89' lang='lat' dir='ltr'>in</span> <span class='ocrx_word' id='word_1_424' title='bbox 659 4119 735 4154; x_wconf 90' lang='lat' dir='ltr'>unum</span> <span class='ocrx_word' id='word_1_425' title='bbox 757 4105 871 4164; x_wconf 79' lang='lat' dir='ltr'>confusis,</span> <span class='ocrx_word' id='word_1_426' title='bbox 902 4121 965 4154; x_wconf 88' lang='lat' dir='ltr'>mus.</span> <span class='ocrx_word' id='word_1_427' title='bbox 982 4105 1061 4154; x_wconf 72' lang='lat' dir='ltr'>cmv.</span> 
     </span>
     <span class='ocr_line' id='line_1_50' title="bbox 366 4164 1370 4234; baseline -0.003 -18"><span class='ocrx_word' id='word_1_428' title='bbox 366 4182 416 4216; x_wconf 89' lang='lat' dir='ltr'>non</span> <span class='ocrx_word' id='word_1_429' title='bbox 430 4169 585 4216; x_wconf 76' lang='lat' dir='ltr'>centuriatim</span> <span class='ocrx_word' id='word_1_430' title='bbox 600 4167 642 4215; x_wconf 87' lang='lat' dir='ltr'>sed</span> <span class='ocrx_word' id='word_1_431' title='bbox 657 4171 748 4216; x_wconf 77' lang='lat' dir='ltr'>viritim</span> <span class='ocrx_word' id='word_1_432' title='bbox 758 4169 870 4232; x_wconf 59' lang='lat' dir='ltr'>sufflans</span> <span class='ocrx_word' id='word_1_433' title='bbox 934 4185 950 4234; x_wconf 89' lang='lat'>9</span> <span class='ocrx_word' id='word_1_434' title='bbox 965 4172 1083 4218; x_wconf 75' lang='lat' dir='ltr'>Animum</span> <span class='ocrx_word' id='word_1_435' title='bbox 1100 4170 1216 4228; x_wconf 61' lang='lat' dir='ltr'>msam]</span> <span class='ocrx_word' id='word_1_436' title='bbox 1241 4168 1279 4216; x_wconf 83' lang='lat' dir='ltr'>lta</span> <span class='ocrx_word' id='word_1_437' title='bbox 1292 4164 1370 4213; x_wconf 63' lang='grc' dir='ltr'>ΕΜ·</span> 
     </span>
     <span class='ocr_line' id='line_1_51' title="bbox 366 4221 1369 4296; baseline -0.001 -18"><span class='ocrx_word' id='word_1_438' title='bbox 366 4235 557 4279; x_wconf 83' lang='lat' dir='ltr'>numerarentur.</span> <span class='ocrx_word' id='word_1_439' title='bbox 592 4231 662 4285; x_wconf 81' lang='lat' dir='ltr'>Hinc</span> <span class='ocrx_word' id='word_1_440' title='bbox 678 4233 776 4280; x_wconf 82' lang='lat' dir='ltr'>additur</span> <span class='ocrx_word' id='word_1_441' title='bbox 791 4249 871 4282; x_wconf 75' lang='lat' dir='ltr'>orem</span> <span class='ocrx_word' id='word_1_442' title='bbox 903 4248 947 4296; x_wconf 90' lang='lat' dir='ltr'>pro</span> <span class='ocrx_word' id='word_1_443' title='bbox 959 4234 1022 4296; x_wconf 79' lang='lat' dir='ltr'>vulg.</span> <span class='ocrx_word' id='word_1_444' title='bbox 1038 4233 1218 4293; x_wconf 76' lang='lat' dir='ltr'>animaduertit,</span> <span class='ocrx_word' id='word_1_445' title='bbox 1232 4231 1292 4294; x_wconf 85' lang='lat' dir='ltr'>qued</span> <span class='ocrx_word' id='word_1_446' title='bbox 1305 4221 1369 4277; x_wconf 67' lang='lat' dir='ltr'>stall·</span> 
     </span>
     <span class='ocr_line' id='line_1_52' title="bbox 366 4295 1155 4353; baseline 0.008 -12"><span class='ocrx_word' id='word_1_447' title='bbox 366 4309 416 4342; x_wconf 84' lang='lat' dir='ltr'>non</span> <span class='ocrx_word' id='word_1_448' title='bbox 432 4295 557 4344; x_wconf 71' lang='lat' dir='ltr'>wuluriae</span> <span class='ocrx_word' id='word_1_449' title='bbox 572 4295 647 4353; x_wconf 80' lang='lat' dir='ltr'>modo,</span> <span class='ocrx_word' id='word_1_450' title='bbox 657 4297 699 4344; x_wconf 83' lang='lat' dir='ltr'>sed</span> <span class='ocrx_word' id='word_1_451' title='bbox 710 4299 783 4345; x_wconf 68' lang='lat' dir='ltr'>enum</span> <span class='ocrx_word' id='word_1_452' title='bbox 798 4298 870 4344; x_wconf 62' lang='lat' dir='ltr'>mmi-</span> <span class='ocrx_word' id='word_1_453' title='bbox 903 4303 929 4345; x_wconf 86' lang='lat' dir='ltr'>et</span> <span class='ocrx_word' id='word_1_454' title='bbox 940 4297 1047 4347; x_wconf 84' lang='lat' dir='ltr'>Bekker.</span> <span class='ocrx_word' id='word_1_455' title='bbox 1058 4297 1155 4347; x_wconf 77' lang='lat' dir='ltr'>habeut.</span> 
     </span>
     <span class='ocr_line' id='line_1_53' title="bbox 367 4358 870 4421; baseline 0 -15"><span class='ocrx_word' id='word_1_456' title='bbox 367 4373 417 4407; x_wconf 80' lang='lat' dir='ltr'>sss.</span> <span class='ocrx_word' id='word_1_457' title='bbox 455 4358 512 4406; x_wconf 88' lang='lat' dir='ltr'>Hoc</span> <span class='ocrx_word' id='word_1_458' title='bbox 531 4358 605 4406; x_wconf 91' lang='lat' dir='ltr'>modo</span> <span class='ocrx_word' id='word_1_459' title='bbox 621 4359 722 4421; x_wconf 86' lang='lat' dir='ltr'>exponit</span> <span class='ocrx_word' id='word_1_460' title='bbox 739 4361 767 4408; x_wconf 91' lang='lat' dir='ltr'>P.</span> <span class='ocrx_word' id='word_1_461' title='bbox 784 4361 870 4408; x_wconf 89' lang='lat' dir='ltr'>Menu-</span> 
     </span>
    </p>
   </div>
   <div class='ocr_carea' id='block_1_5' title="bbox 0 0 1443 4772">
    <p class='ocr_par' dir='ltr' id='par_1_8' title="bbox 0 0 1443 4772">
     <span class='ocr_line' id='line_1_54' title="bbox 0 0 1443 4772; baseline 0 0"><span class='ocrx_word' id='word_1_462' title='bbox 0 0 1443 4772; x_wconf 95' lang='lat' dir='ltr'> </span> 
     </span>
    </p>
   </div>
  </div>
 </body>
</html>
