<?xml version="1.0" encoding="UTF-8"?>
<!DOCTYPE html PUBLIC "-//W3C//DTD XHTML 1.0 Transitional//EN"
    "http://www.w3.org/TR/xhtml1/DTD/xhtml1-transitional.dtd">
<html xmlns="http://www.w3.org/1999/xhtml" xml:lang="en" lang="en">
 <head>
  <title>
</title>
<meta http-equiv="Content-Type" content="text/html;charset=utf-8" />
  <meta name='ocr-system' content='tesseract 3.04.00' />
  <meta name='ocr-capabilities' content='ocr_page ocr_carea ocr_par ocr_line ocrx_word'/>
</head>
<body>
  <div class='ocr_page' id='page_1' title='image "./tliviipatavinih00kreygoog_0187.png"; bbox 0 0 2966 4778; ppageno 0'>
   <div class='ocr_carea' id='block_1_1' title="bbox 526 615 1288 716">
    <p class='ocr_par' dir='ltr' id='par_1_1' title="bbox 526 615 1288 716">
     <span class='ocr_line' id='line_1_1' title="bbox 526 615 1288 716; baseline 0.003 -6"><span class='ocrx_word' id='word_1_1' title='bbox 526 615 587 710; x_wconf 88' lang='grc' dir='ltr'><strong>Τ.</strong></span> <span class='ocrx_word' id='word_1_2' title='bbox 633 615 843 712; x_wconf 91' lang='lat' dir='ltr'>LIVII</span> <span class='ocrx_word' id='word_1_3' title='bbox 892 617 1288 716; x_wconf 84' lang='lat' dir='ltr'><strong>PATAVINI</strong></span> 
     </span>
    </p>
   </div>
   <div class='ocr_carea' id='block_1_2' title="bbox 675 904 1152 986">
    <p class='ocr_par' dir='ltr' id='par_1_2' title="bbox 675 904 1152 986">
     <span class='ocr_line' id='line_1_2' title="bbox 675 904 1152 986; baseline 0.004 -2"><span class='ocrx_word' id='word_1_4' title='bbox 675 904 934 984; x_wconf 80' lang='lat' dir='ltr'>LIBER</span> <span class='ocrx_word' id='word_1_5' title='bbox 985 905 1152 986; x_wconf 83' lang='lat' dir='ltr'>XXIV.</span> 
     </span>
    </p>
   </div>
   <div class='ocr_carea' id='block_1_3' title="bbox 809 1185 1006 1224">
    <p class='ocr_par' dir='ltr' id='par_1_3' title="bbox 809 1185 1006 1224">
     <span class='ocr_line' id='line_1_3' title="bbox 809 1185 1006 1224; baseline 0.01 -2"><span class='ocrx_word' id='word_1_6' title='bbox 809 1185 1006 1224; x_wconf 59' lang='grc'><strong>-4---</strong></span> 
     </span>
    </p>
   </div>
   <div class='ocr_carea' id='block_1_4' title="bbox 223 1417 1444 1879">
    <p class='ocr_par' dir='ltr' id='par_1_4' title="bbox 223 1417 1444 1879">
     <span class='ocr_line' id='line_1_4' title="bbox 227 1417 1412 1508; baseline -0.005 -22"><span class='ocrx_word' id='word_1_7' title='bbox 227 1435 260 1486; x_wconf 86' lang='lat' dir='ltr'><strong>U.</strong></span> <span class='ocrx_word' id='word_1_8' title='bbox 273 1437 302 1486; x_wconf 83' lang='lat'><strong>0.</strong></span> <span class='ocrx_word' id='word_1_9' title='bbox 319 1448 374 1500; x_wconf 80' lang='lat'><strong>537·</strong></span> <span class='ocrx_word' id='word_1_10' title='bbox 475 1420 506 1486; x_wconf 91' lang='lat' dir='ltr'>T</span> <span class='ocrx_word' id='word_1_11' title='bbox 520 1443 561 1485; x_wconf 87' lang='lat' dir='ltr'><strong>ex</strong></span> <span class='ocrx_word' id='word_1_12' title='bbox 576 1419 753 1508; x_wconf 78' lang='lat' dir='ltr'><strong>Campania</strong></span> <span class='ocrx_word' id='word_1_13' title='bbox 767 1419 801 1481; x_wconf 90' lang='lat' dir='ltr'><strong>in</strong></span> <span class='ocrx_word' id='word_1_14' title='bbox 818 1417 961 1482; x_wconf 88' lang='lat' dir='ltr'><strong>Bruttios</strong></span> <span class='ocrx_word' id='word_1_15' title='bbox 976 1417 1113 1482; x_wconf 88' lang='lat' dir='ltr'><strong>reditum</strong></span> <span class='ocrx_word' id='word_1_16' title='bbox 1128 1431 1188 1496; x_wconf 89' lang='lat' dir='ltr'><strong>est,</strong></span> <span class='ocrx_word' id='word_1_17' title='bbox 1202 1418 1333 1496; x_wconf 85' lang='lat' dir='ltr'><strong>Hanno,</strong></span> <span class='ocrx_word' id='word_1_18' title='bbox 1343 1418 1412 1482; x_wconf 86' lang='lat' dir='ltr'><strong>adiu·</strong></span> 
     </span>
     <span class='ocr_line' id='line_1_5' title="bbox 225 1501 1412 1612; baseline -0.005 -40"><span class='ocrx_word' id='word_1_19' title='bbox 225 1501 256 1612; x_wconf 48' lang='grc' dir='ltr'><strong>ᾗ·</strong></span> <span class='ocrx_word' id='word_1_20' title='bbox 273 1501 303 1550; x_wconf 78' lang='lat'><strong>⁰·</strong></span> <span class='ocrx_word' id='word_1_21' title='bbox 313 1513 374 1612; x_wconf 61' lang='lat'><strong>13¹5·</strong></span> <span class='ocrx_word' id='word_1_22' title='bbox 490 1507 609 1570; x_wconf 92' lang='lat' dir='ltr'><strong>toribus</strong></span> <span class='ocrx_word' id='word_1_23' title='bbox 624 1519 657 1569; x_wconf 91' lang='lat' dir='ltr'><strong>et</strong></span> <span class='ocrx_word' id='word_1_24' title='bbox 671 1505 804 1568; x_wconf 90' lang='lat' dir='ltr'><strong>ducibus</strong></span> <span class='ocrx_word' id='word_1_25' title='bbox 821 1504 964 1581; x_wconf 89' lang='lat' dir='ltr'><strong>Bruttiis,</strong></span> <span class='ocrx_word' id='word_1_26' title='bbox 980 1504 1118 1569; x_wconf 86' lang='lat' dir='ltr'><strong>Graecas</strong></span> <span class='ocrx_word' id='word_1_27' title='bbox 1133 1506 1228 1569; x_wconf 90' lang='lat' dir='ltr'><strong>urbes</strong></span> <span class='ocrx_word' id='word_1_28' title='bbox 1244 1505 1412 1578; x_wconf 76' lang='lat' dir='ltr'><strong>tentaviteo</strong></span> 
     </span>
     <span class='ocr_line' id='line_1_6' title="bbox 224 1579 1412 1689; baseline -0.006 -31"><span class='ocrx_word' id='word_1_29' title='bbox 224 1579 374 1689; x_wconf 55' lang='lat' dir='ltr'><strong>,ffludoe&#39;</strong></span> <span class='ocrx_word' id='word_1_30' title='bbox 383 1592 506 1656; x_wconf 81' lang='lat' dir='ltr'>facilius</span> <span class='ocrx_word' id='word_1_31' title='bbox 520 1593 554 1654; x_wconf 89' lang='lat' dir='ltr'><strong>iu</strong></span> <span class='ocrx_word' id='word_1_32' title='bbox 569 1593 718 1655; x_wconf 84' lang='lat' dir='ltr'><strong>societate</strong></span> <span class='ocrx_word' id='word_1_33' title='bbox 733 1604 897 1654; x_wconf 89' lang='lat' dir='ltr'><strong>manentes</strong></span> <span class='ocrx_word' id='word_1_34' title='bbox 913 1590 1068 1668; x_wconf 88' lang='lat' dir='ltr'><strong>Romana,</strong></span> <span class='ocrx_word' id='word_1_35' title='bbox 1081 1591 1170 1676; x_wconf 92' lang='lat' dir='ltr'><strong>quod</strong></span> <span class='ocrx_word' id='word_1_36' title='bbox 1185 1590 1338 1668; x_wconf 87' lang='lat' dir='ltr'><strong>Bruttios,</strong></span> <span class='ocrx_word' id='word_1_37' title='bbox 1352 1611 1412 1674; x_wconf 86' lang='lat' dir='ltr'><strong>quos</strong></span> 
     </span>
     <span class='ocr_line' id='line_1_7' title="bbox 225 1675 1444 1764; baseline -0.001 -26"><span class='ocrx_word' id='word_1_38' title='bbox 225 1691 337 1739; x_wconf 79' lang='lat' dir='ltr'><strong>Bruttios</strong></span> <span class='ocrx_word' id='word_1_39' title='bbox 384 1691 417 1741; x_wconf 90' lang='lat' dir='ltr'><strong>et</strong></span> <span class='ocrx_word' id='word_1_40' title='bbox 440 1679 582 1753; x_wconf 85' lang='lat' dir='ltr'><strong>oderant,</strong></span> <span class='ocrx_word' id='word_1_41' title='bbox 604 1690 636 1741; x_wconf 91' lang='lat' dir='ltr'><strong>et</strong></span> <span class='ocrx_word' id='word_1_42' title='bbox 657 1677 851 1752; x_wconf 84' lang='lat' dir='ltr'><strong>metuebant,</strong></span> <span class='ocrx_word' id='word_1_43' title='bbox 878 1675 1190 1762; x_wconf 81' lang='lat' dir='ltr'>Carthaginiensium</span> <span class='ocrx_word' id='word_1_44' title='bbox 1214 1678 1314 1764; x_wconf 87' lang='lat' dir='ltr'><strong>partis</strong></span> <span class='ocrx_word' id='word_1_45' title='bbox 1336 1677 1411 1739; x_wconf 80' lang='lat' dir='ltr'><strong>factos</strong></span> <span class='ocrx_word' id='word_1_46' title='bbox 1443 1675 1444 1720; x_wconf 63' lang='grc' dir='ltr'>ἒ</span> 
     </span>
     <span class='ocr_line' id='line_1_8' title="bbox 223 1761 1411 1879; baseline -0.007 -51"><span class='ocrx_word' id='word_1_47' title='bbox 223 1761 349 1879; x_wconf 45' lang='lat' dir='ltr'><strong>{mm</strong></span> <span class='ocrx_word' id='word_1_48' title='bbox 385 1764 566 1827; x_wconf 85' lang='lat' dir='ltr'><strong>cernebant.</strong></span> <span class='ocrx_word' id='word_1_49' title='bbox 606 1763 769 1848; x_wconf 84' lang='lat' dir='ltr'>Rhegium</span> <span class='ocrx_word' id='word_1_50' title='bbox 780 1763 918 1848; x_wconf 89' lang='lat' dir='ltr'><strong>primum</strong></span> <span class='ocrx_word' id='word_1_51' title='bbox 930 1775 1087 1826; x_wconf 85' lang='lat' dir='ltr'><strong>tentatum</strong></span> <span class='ocrx_word' id='word_1_52' title='bbox 1099 1776 1156 1838; x_wconf 88' lang='lat' dir='ltr'><strong>est,</strong></span> <span class='ocrx_word' id='word_1_53' title='bbox 1167 1762 1304 1849; x_wconf 89' lang='lat' dir='ltr'><strong>diesque</strong></span> <span class='ocrx_word' id='word_1_54' title='bbox 1315 1763 1411 1846; x_wconf 86' lang='lat' dir='ltr'><strong>aliquot</strong></span> 
     </span>
    </p>
   </div>
   <div class='ocr_carea' id='block_1_5' title="bbox 224 1847 1444 1944">
    <p class='ocr_par' dir='ltr' id='par_1_5' title="bbox 224 1847 1444 1944">
     <span class='ocr_line' id='line_1_9' title="bbox 224 1847 1444 1944; baseline -0.012 -23"><span class='ocrx_word' id='word_1_55' title='bbox 224 1881 313 1929; x_wconf 70' lang='lat' dir='ltr'><strong>susem</strong></span> <span class='ocrx_word' id='word_1_56' title='bbox 322 1848 428 1931; x_wconf 50' lang='lat' dir='ltr'><strong>mibi</strong></span> <span class='ocrx_word' id='word_1_57' title='bbox 444 1851 657 1936; x_wconf 82' lang='lat' dir='ltr'><strong>nequicquam</strong></span> <span class='ocrx_word' id='word_1_58' title='bbox 673 1849 840 1934; x_wconf 85' lang='lat' dir='ltr'><strong>absumpti.</strong></span> <span class='ocrx_word' id='word_1_59' title='bbox 887 1847 1020 1911; x_wconf 85' lang='lat' dir='ltr'><strong>Interim</strong></span> <span class='ocrx_word' id='word_1_60' title='bbox 1037 1847 1212 1912; x_wconf 85' lang='lat' dir='ltr'><strong>Locrenses</strong></span> <span class='ocrx_word' id='word_1_61' title='bbox 1228 1850 1425 1918; x_wconf 59' lang='lat' dir='ltr'><strong>fulmentum</strong></span> <span class='ocrx_word' id='word_1_62' title='bbox 1443 1851 1444 1944; x_wconf 44' lang='lat' dir='ltr'><strong>p</strong></span> 
     </span>
    </p>
   </div>
   <div class='ocr_carea' id='block_1_6' title="bbox 225 1934 1444 3653">
    <p class='ocr_par' dir='ltr' id='par_1_6' title="bbox 225 1934 1444 3653">
     <span class='ocr_line' id='line_1_10' title="bbox 225 1934 1444 2026; baseline -0.003 -28"><span class='ocrx_word' id='word_1_63' title='bbox 225 1949 313 1996; x_wconf 80' lang='lat' dir='ltr'><strong>tatum.</strong></span> <span class='ocrx_word' id='word_1_64' title='bbox 383 1936 543 2023; x_wconf 81' lang='lat' dir='ltr'><strong>lignaque,</strong></span> <span class='ocrx_word' id='word_1_65' title='bbox 560 1948 592 1999; x_wconf 88' lang='lat' dir='ltr'><strong>et</strong></span> <span class='ocrx_word' id='word_1_66' title='bbox 607 1947 712 1998; x_wconf 88' lang='lat' dir='ltr'><strong>cetera</strong></span> <span class='ocrx_word' id='word_1_67' title='bbox 731 1935 906 1998; x_wconf 86' lang='lat' dir='ltr'><strong>necessaria</strong></span> <span class='ocrx_word' id='word_1_68' title='bbox 923 1934 1031 1998; x_wconf 86' lang='lat' dir='ltr'><strong>usibus</strong></span> <span class='ocrx_word' id='word_1_69' title='bbox 1046 1957 1087 1998; x_wconf 88' lang='lat' dir='ltr'><strong>ex</strong></span> <span class='ocrx_word' id='word_1_70' title='bbox 1102 1935 1183 2020; x_wconf 82' lang='lat' dir='ltr'><strong>agris</strong></span> <span class='ocrx_word' id='word_1_71' title='bbox 1197 1935 1235 1997; x_wconf 91' lang='lat' dir='ltr'><strong>in</strong></span> <span class='ocrx_word' id='word_1_72' title='bbox 1257 1935 1360 1999; x_wconf 87' lang='lat' dir='ltr'><strong>urbem</strong></span> <span class='ocrx_word' id='word_1_73' title='bbox 1377 1951 1412 1994; x_wconf 72' lang='grc' dir='ltr'><strong>τε·</strong></span> <span class='ocrx_word' id='word_1_74' title='bbox 1443 1945 1444 2026; x_wconf 56' lang='lat' dir='ltr'><strong>p</strong></span> 
     </span>
     <span class='ocr_line' id='line_1_11' title="bbox 383 2017 1444 2108; baseline -0.008 -23"><span class='ocrx_word' id='word_1_75' title='bbox 383 2043 469 2108; x_wconf 89' lang='lat' dir='ltr'><strong>pere,</strong></span> <span class='ocrx_word' id='word_1_76' title='bbox 486 2022 581 2086; x_wconf 86' lang='lat' dir='ltr'><strong>etiam</strong></span> <span class='ocrx_word' id='word_1_77' title='bbox 603 2043 643 2085; x_wconf 92' lang='lat' dir='ltr'><strong>ne</strong></span> <span class='ocrx_word' id='word_1_78' title='bbox 683 2020 738 2084; x_wconf 92' lang='lat' dir='ltr'><strong>uid</strong></span> <span class='ocrx_word' id='word_1_79' title='bbox 752 2019 898 2084; x_wconf 90' lang='lat' dir='ltr'><strong>relietum</strong></span> <span class='ocrx_word' id='word_1_80' title='bbox 936 2020 1049 2084; x_wconf 88' lang='lat' dir='ltr'><strong>raedae</strong></span> <span class='ocrx_word' id='word_1_81' title='bbox 1070 2021 1213 2084; x_wconf 87' lang='lat' dir='ltr'><strong>hostibus</strong></span> <span class='ocrx_word' id='word_1_82' title='bbox 1229 2033 1330 2085; x_wconf 87' lang='lat' dir='ltr'><strong>esset:</strong></span> <span class='ocrx_word' id='word_1_83' title='bbox 1350 2017 1412 2081; x_wconf 89' lang='lat' dir='ltr'><strong>etin</strong></span> <span class='ocrx_word' id='word_1_84' title='bbox 1443 2043 1444 2092; x_wconf 71' lang='lat' dir='ltr'>f</span> 
     </span>
     <span class='ocr_line' id='line_1_12' title="bbox 384 2041 1444 2192; baseline -0.008 -20"><span class='ocrx_word' id='word_1_85' title='bbox 384 2107 452 2172; x_wconf 87' lang='lat' dir='ltr'><strong>dies</strong></span> <span class='ocrx_word' id='word_1_86' title='bbox 467 2109 567 2172; x_wconf 89' lang='lat' dir='ltr'><strong>maior</strong></span> <span class='ocrx_word' id='word_1_87' title='bbox 581 2043 728 2171; x_wconf 88' lang='lat' dir='ltr'><strong>omnibus</strong></span> <span class='ocrx_word' id='word_1_88' title='bbox 741 2106 840 2192; x_wconf 88' lang='lat' dir='ltr'><strong>portis</strong></span> <span class='ocrx_word' id='word_1_89' title='bbox 860 2041 1032 2170; x_wconf 79' lang='lat' dir='ltr'><strong>mullitudo</strong></span> <span class='ocrx_word' id='word_1_90' title='bbox 1046 2106 1178 2170; x_wconf 86' lang='lat' dir='ltr'><strong>effundi.</strong></span> <span class='ocrx_word' id='word_1_91' title='bbox 1225 2099 1412 2171; x_wconf 88' lang='lat' dir='ltr'><strong>Postremoii</strong></span> <span class='ocrx_word' id='word_1_92' title='bbox 1443 2105 1444 2160; x_wconf 88' lang='lat' dir='ltr'><strong>l</strong></span> 
     </span>
     <span class='ocr_line' id='line_1_13' title="bbox 384 2177 1444 2278; baseline 0.001 -21"><span class='ocrx_word' id='word_1_93' title='bbox 384 2194 480 2260; x_wconf 93' lang='lat' dir='ltr'><strong>modo</strong></span> <span class='ocrx_word' id='word_1_94' title='bbox 502 2193 603 2259; x_wconf 88' lang='lat' dir='ltr'><strong>relicti</strong></span> <span class='ocrx_word' id='word_1_95' title='bbox 622 2193 658 2256; x_wconf 90' lang='lat' dir='ltr'><strong>iu</strong></span> <span class='ocrx_word' id='word_1_96' title='bbox 676 2193 753 2256; x_wconf 90' lang='lat' dir='ltr'><strong>urbe</strong></span> <span class='ocrx_word' id='word_1_97' title='bbox 777 2204 877 2268; x_wconf 89' lang='lat' dir='ltr'><strong>eraut,</strong></span> <span class='ocrx_word' id='word_1_98' title='bbox 897 2192 953 2278; x_wconf 92' lang='lat' dir='ltr'><strong>qui</strong></span> <span class='ocrx_word' id='word_1_99' title='bbox 975 2192 1105 2256; x_wconf 86' lang='lat' dir='ltr'><strong>relicere</strong></span> <span class='ocrx_word' id='word_1_100' title='bbox 1127 2213 1236 2256; x_wconf 90' lang='lat' dir='ltr'><strong>muros</strong></span> <span class='ocrx_word' id='word_1_101' title='bbox 1260 2215 1298 2256; x_wconf 90' lang='lat' dir='ltr'><strong>ac</strong></span> <span class='ocrx_word' id='word_1_102' title='bbox 1319 2203 1412 2277; x_wconf 71' lang='lat' dir='ltr'><strong>portas</strong></span> <span class='ocrx_word' id='word_1_103' title='bbox 1443 2177 1444 2226; x_wconf 81' lang='lat' dir='ltr'><strong>l</strong></span> 
     </span>
     <span class='ocr_line' id='line_1_14' title="bbox 226 2275 1444 2368; baseline -0.005 -23"><span class='ocrx_word' id='word_1_104' title='bbox 226 2285 359 2336; x_wconf 71' lang='lat' dir='ltr'><strong>Locrenses</strong></span> <span class='ocrx_word' id='word_1_105' title='bbox 384 2281 510 2368; x_wconf 87' lang='lat' dir='ltr'><strong>telaque</strong></span> <span class='ocrx_word' id='word_1_106' title='bbox 522 2281 556 2343; x_wconf 89' lang='lat' dir='ltr'><strong>iu</strong></span> <span class='ocrx_word' id='word_1_107' title='bbox 565 2277 803 2366; x_wconf 84' lang='lat' dir='ltr'><strong>propugnacula</strong></span> <span class='ocrx_word' id='word_1_108' title='bbox 811 2299 982 2364; x_wconf 82' lang='lat' dir='ltr'><strong>congerere</strong></span> <span class='ocrx_word' id='word_1_109' title='bbox 994 2279 1196 2364; x_wconf 82' lang='lat' dir='ltr'><strong>cogebantur.</strong></span> <span class='ocrx_word' id='word_1_110' title='bbox 1245 2275 1412 2364; x_wconf 79' lang='lat' dir='ltr'><strong>Inpermix·</strong></span> <span class='ocrx_word' id='word_1_111' title='bbox 1443 2287 1444 2366; x_wconf 64' lang='lat' dir='ltr'><strong>l</strong></span> 
     </span>
     <span class='ocr_line' id='line_1_15' title="bbox 225 2349 1412 2463; baseline -0.003 -34"><span class='ocrx_word' id='word_1_112' title='bbox 225 2349 357 2463; x_wconf 50' lang='lat' dir='ltr'>{omum</span> <span class='ocrx_word' id='word_1_113' title='bbox 384 2379 448 2431; x_wconf 90' lang='lat' dir='ltr'><strong>tam</strong></span> <span class='ocrx_word' id='word_1_114' title='bbox 463 2367 608 2430; x_wconf 93' lang='lat' dir='ltr'><strong>omnium</strong></span> <span class='ocrx_word' id='word_1_115' title='bbox 622 2364 773 2429; x_wconf 88' lang='lat' dir='ltr'><strong>aetatium</strong></span> <span class='ocrx_word' id='word_1_116' title='bbox 788 2363 1000 2449; x_wconf 87' lang='lat' dir='ltr'><strong>ordinumque</strong></span> <span class='ocrx_word' id='word_1_117' title='bbox 1012 2363 1263 2442; x_wconf 84' lang='lat' dir='ltr'><strong>multitudinem,</strong></span> <span class='ocrx_word' id='word_1_118' title='bbox 1279 2379 1312 2428; x_wconf 91' lang='lat' dir='ltr'><strong>et</strong></span> <span class='ocrx_word' id='word_1_119' title='bbox 1319 2381 1412 2447; x_wconf 78' lang='lat' dir='ltr'><strong>ragan·</strong></span> 
     </span>
     <span class='ocr_line' id='line_1_16' title="bbox 384 2449 1425 2536; baseline -0.008 -22"><span class='ocrx_word' id='word_1_120' title='bbox 384 2464 450 2514; x_wconf 90' lang='lat' dir='ltr'><strong>tem</strong></span> <span class='ocrx_word' id='word_1_121' title='bbox 470 2451 505 2513; x_wconf 91' lang='lat' dir='ltr'><strong>in</strong></span> <span class='ocrx_word' id='word_1_122' title='bbox 525 2451 607 2536; x_wconf 84' lang='lat' dir='ltr'><strong>agris</strong></span> <span class='ocrx_word' id='word_1_123' title='bbox 629 2473 745 2536; x_wconf 82' lang='lat' dir='ltr'><strong>magna</strong></span> <span class='ocrx_word' id='word_1_124' title='bbox 762 2473 803 2513; x_wconf 86' lang='lat' dir='ltr'><strong>ex</strong></span> <span class='ocrx_word' id='word_1_125' title='bbox 824 2461 912 2535; x_wconf 86' lang='lat' dir='ltr'><strong>parte</strong></span> <span class='ocrx_word' id='word_1_126' title='bbox 935 2449 1099 2527; x_wconf 85' lang='lat' dir='ltr'><strong>inermem,</strong></span> <span class='ocrx_word' id='word_1_127' title='bbox 1119 2449 1288 2514; x_wconf 88' lang='lat' dir='ltr'><strong>Hamilcar</strong></span> <span class='ocrx_word' id='word_1_128' title='bbox 1308 2449 1425 2512; x_wconf 69' lang='lat' dir='ltr'><strong>Poenusr</strong></span> 
     </span>
     <span class='ocr_line' id='line_1_17' title="bbox 384 2535 1411 2622; baseline -0.008 -22"><span class='ocrx_word' id='word_1_129' title='bbox 384 2536 507 2622; x_wconf 88' lang='lat' dir='ltr'><strong>equites</strong></span> <span class='ocrx_word' id='word_1_130' title='bbox 529 2535 651 2612; x_wconf 83' lang='lat' dir='ltr'><strong>emisit3</strong></span> <span class='ocrx_word' id='word_1_131' title='bbox 676 2537 742 2621; x_wconf 93' lang='lat' dir='ltr'><strong>qui,</strong></span> <span class='ocrx_word' id='word_1_132' title='bbox 765 2535 881 2600; x_wconf 87' lang='lat' dir='ltr'><strong>violare</strong></span> <span class='ocrx_word' id='word_1_133' title='bbox 904 2557 1098 2622; x_wconf 89' lang='lat' dir='ltr'><strong>quemquam</strong></span> <span class='ocrx_word' id='word_1_134' title='bbox 1119 2535 1219 2612; x_wconf 87' lang='lat' dir='ltr'><strong>vetiti,</strong></span> <span class='ocrx_word' id='word_1_135' title='bbox 1242 2549 1369 2607; x_wconf 85' lang='lat' dir='ltr'><strong>tantum,</strong></span> <span class='ocrx_word' id='word_1_136' title='bbox 1387 2543 1411 2592; x_wconf 84' lang='lat' dir='ltr'><strong>ut</strong></span> 
     </span>
     <span class='ocr_line' id='line_1_18' title="bbox 384 2618 1412 2708; baseline -0.003 -23"><span class='ocrx_word' id='word_1_137' title='bbox 384 2622 592 2686; x_wconf 87' lang='lat' dir='ltr'><strong>excluderent</strong></span> <span class='ocrx_word' id='word_1_138' title='bbox 606 2621 646 2685; x_wconf 96' lang='lat' dir='ltr'><strong>ab</strong></span> <span class='ocrx_word' id='word_1_139' title='bbox 657 2621 736 2686; x_wconf 91' lang='lat' dir='ltr'><strong>urbe</strong></span> <span class='ocrx_word' id='word_1_140' title='bbox 747 2621 824 2708; x_wconf 79' lang='lat' dir='ltr'><strong>lisga</strong></span> <span class='ocrx_word' id='word_1_141' title='bbox 834 2621 1009 2706; x_wconf 88' lang='lat' dir='ltr'><strong>dissipatos,</strong></span> <span class='ocrx_word' id='word_1_142' title='bbox 1023 2635 1141 2685; x_wconf 88' lang='lat' dir='ltr'><strong>turmas</strong></span> <span class='ocrx_word' id='word_1_143' title='bbox 1155 2621 1311 2686; x_wconf 87' lang='lat' dir='ltr'><strong>obiecere.</strong></span> <span class='ocrx_word' id='word_1_144' title='bbox 1353 2618 1412 2682; x_wconf 76' lang='lat' dir='ltr'><strong>Dux</strong></span> 
     </span>
     <span class='ocr_line' id='line_1_19' title="bbox 383 2705 1412 2794; baseline 0.002 -24"><span class='ocrx_word' id='word_1_145' title='bbox 383 2707 462 2793; x_wconf 92' lang='lat' dir='ltr'><strong>ipse,</strong></span> <span class='ocrx_word' id='word_1_146' title='bbox 485 2706 556 2770; x_wconf 93' lang='lat' dir='ltr'><strong>loco</strong></span> <span class='ocrx_word' id='word_1_147' title='bbox 577 2707 738 2792; x_wconf 90' lang='lat' dir='ltr'><strong>superiore</strong></span> <span class='ocrx_word' id='word_1_148' title='bbox 764 2720 868 2793; x_wconf 88' lang='lat' dir='ltr'><strong>capto,</strong></span> <span class='ocrx_word' id='word_1_149' title='bbox 891 2705 977 2770; x_wconf 91' lang='lat' dir='ltr'><strong>unde</strong></span> <span class='ocrx_word' id='word_1_150' title='bbox 1007 2729 1098 2793; x_wconf 75' lang='lat' dir='ltr'><strong>agros</strong></span> <span class='ocrx_word' id='word_1_151' title='bbox 1123 2708 1302 2794; x_wconf 90' lang='lat' dir='ltr'><strong>urbemque</strong></span> <span class='ocrx_word' id='word_1_152' title='bbox 1329 2713 1412 2792; x_wconf 67' lang='lat' dir='ltr'><strong>postet</strong></span> 
     </span>
     <span class='ocr_line' id='line_1_20' title="bbox 306 2790 1444 2882; baseline -0.003 -25"><span class='ocrx_word' id='word_1_153' title='bbox 306 2827 310 2834; x_wconf 91' lang='lat'><strong>·</strong></span> <span class='ocrx_word' id='word_1_154' title='bbox 384 2793 577 2879; x_wconf 87' lang='lat' dir='ltr'><strong>conspicere,</strong></span> <span class='ocrx_word' id='word_1_155' title='bbox 589 2790 787 2856; x_wconf 90' lang='lat' dir='ltr'><strong>Bruttiorum</strong></span> <span class='ocrx_word' id='word_1_156' title='bbox 797 2792 959 2857; x_wconf 89' lang='lat' dir='ltr'><strong>cohortem</strong></span> <span class='ocrx_word' id='word_1_157' title='bbox 969 2792 1055 2857; x_wconf 87' lang='lat' dir='ltr'><strong>adire</strong></span> <span class='ocrx_word' id='word_1_158' title='bbox 1068 2815 1183 2870; x_wconf 86' lang='lat' dir='ltr'><strong>muros,</strong></span> <span class='ocrx_word' id='word_1_159' title='bbox 1196 2807 1294 2880; x_wconf 87' lang='lat' dir='ltr'><strong>atque</strong></span> <span class='ocrx_word' id='word_1_160' title='bbox 1305 2805 1411 2856; x_wconf 79' lang='lat' dir='ltr'><strong>evocare</strong></span> <span class='ocrx_word' id='word_1_161' title='bbox 1443 2829 1444 2882; x_wconf 53' lang='lat' dir='ltr'><strong>p</strong></span> 
     </span>
     <span class='ocr_line' id='line_1_21' title="bbox 384 2877 1444 2979; baseline -0.006 -37"><span class='ocrx_word' id='word_1_162' title='bbox 384 2879 543 2979; x_wconf 77' lang='lat' dir='ltr'><strong>principes</strong></span> <span class='ocrx_word' id='word_1_163' title='bbox 564 2877 771 2942; x_wconf 90' lang='lat' dir='ltr'><strong>Locrensium</strong></span> <span class='ocrx_word' id='word_1_164' title='bbox 789 2879 830 2942; x_wconf 90' lang='lat' dir='ltr'><strong>ad</strong></span> <span class='ocrx_word' id='word_1_165' title='bbox 847 2878 1043 2965; x_wconf 92' lang='lat' dir='ltr'><strong>colloquium</strong></span> <span class='ocrx_word' id='word_1_166' title='bbox 1064 2879 1164 2955; x_wconf 88' lang='lat' dir='ltr'><strong>iussit,</strong></span> <span class='ocrx_word' id='word_1_167' title='bbox 1185 2892 1227 2956; x_wconf 85' lang='lat' dir='ltr'><strong>et,</strong></span> <span class='ocrx_word' id='word_1_168' title='bbox 1250 2877 1411 2966; x_wconf 77' lang='lat' dir='ltr'><strong>pollicente</strong></span> <span class='ocrx_word' id='word_1_169' title='bbox 1443 2885 1444 2952; x_wconf 72' lang='lat'>}</span> 
     </span>
     <span class='ocr_line' id='line_1_22' title="bbox 385 2961 1444 3042; baseline -0.008 -12"><span class='ocrx_word' id='word_1_170' title='bbox 385 2965 556 3030; x_wconf 77' lang='lat' dir='ltr'><strong>amicitiam</strong></span> <span class='ocrx_word' id='word_1_171' title='bbox 592 2962 792 3042; x_wconf 81' lang='lat' dir='ltr'><strong>Hannibalis,</strong></span> <span class='ocrx_word' id='word_1_172' title='bbox 822 2964 982 3029; x_wconf 85' lang='lat' dir='ltr'><strong>adhortari</strong></span> <span class='ocrx_word' id='word_1_173' title='bbox 1015 2963 1057 3028; x_wconf 88' lang='lat' dir='ltr'><strong>ad</strong></span> <span class='ocrx_word' id='word_1_174' title='bbox 1090 2966 1201 3030; x_wconf 91' lang='lat' dir='ltr'><strong>urbem</strong></span> <span class='ocrx_word' id='word_1_175' title='bbox 1237 2961 1410 3029; x_wconf 81' lang='lat' dir='ltr'><strong>tradendam</strong></span> <span class='ocrx_word' id='word_1_176' title='bbox 1443 3023 1444 3040; x_wconf 17' lang='grc' dir='ltr'>ἢ</span> 
     </span>
     <span class='ocr_line' id='line_1_23' title="bbox 386 3047 1444 3138; baseline -0.004 -24"><span class='ocrx_word' id='word_1_177' title='bbox 386 3049 521 3116; x_wconf 90' lang='lat' dir='ltr'><strong>Bruttiis</strong></span> <span class='ocrx_word' id='word_1_178' title='bbox 535 3050 570 3114; x_wconf 92' lang='lat' dir='ltr'><strong>in</strong></span> <span class='ocrx_word' id='word_1_179' title='bbox 585 3049 745 3136; x_wconf 85' lang='lat' dir='ltr'><strong>colloquio</strong></span> <span class='ocrx_word' id='word_1_180' title='bbox 759 3050 877 3114; x_wconf 89' lang='lat' dir='ltr'><strong>nullius</strong></span> <span class='ocrx_word' id='word_1_181' title='bbox 896 3051 942 3114; x_wconf 91' lang='lat' dir='ltr'><strong>rei</strong></span> <span class='ocrx_word' id='word_1_182' title='bbox 957 3051 1060 3138; x_wconf 91' lang='lat' dir='ltr'><strong>primo</strong></span> <span class='ocrx_word' id='word_1_183' title='bbox 1074 3051 1155 3115; x_wconf 89' lang='lat' dir='ltr'><strong>fides</strong></span> <span class='ocrx_word' id='word_1_184' title='bbox 1168 3063 1237 3116; x_wconf 82' lang='lat' dir='ltr'><strong>est:</strong></span> <span class='ocrx_word' id='word_1_185' title='bbox 1262 3047 1371 3114; x_wconf 88' lang='lat' dir='ltr'><strong>deinde</strong></span> <span class='ocrx_word' id='word_1_186' title='bbox 1387 3055 1411 3105; x_wconf 87' lang='lat' dir='ltr'><strong>ut</strong></span> <span class='ocrx_word' id='word_1_187' title='bbox 1443 3067 1444 3102; x_wconf 72' lang='lat'>1</span> 
     </span>
     <span class='ocr_line' id='line_1_24' title="bbox 386 3131 1411 3237; baseline -0.008 -37"><span class='ocrx_word' id='word_1_188' title='bbox 386 3136 514 3201; x_wconf 89' lang='lat' dir='ltr'><strong>Poenus</strong></span> <span class='ocrx_word' id='word_1_189' title='bbox 538 3158 579 3223; x_wconf 90' lang='lat' dir='ltr'><strong>ap</strong></span> <span class='ocrx_word' id='word_1_190' title='bbox 602 3136 685 3200; x_wconf 86' lang='lat' dir='ltr'><strong>aruit</strong></span> <span class='ocrx_word' id='word_1_191' title='bbox 714 3137 749 3198; x_wconf 94' lang='lat' dir='ltr'><strong>in</strong></span> <span class='ocrx_word' id='word_1_192' title='bbox 774 3135 916 3213; x_wconf 90' lang='lat' dir='ltr'><strong>collibus,</strong></span> <span class='ocrx_word' id='word_1_193' title='bbox 939 3148 973 3200; x_wconf 91' lang='lat' dir='ltr'><strong>et</strong></span> <span class='ocrx_word' id='word_1_194' title='bbox 1000 3137 1195 3237; x_wconf 70' lang='lat' dir='ltr'><strong>refugientes</strong></span> <span class='ocrx_word' id='word_1_195' title='bbox 1216 3136 1312 3223; x_wconf 84' lang='lat' dir='ltr'><strong>pauci</strong></span> <span class='ocrx_word' id='word_1_196' title='bbox 1339 3131 1411 3196; x_wconf 84' lang='lat' dir='ltr'><strong>alian</strong></span> 
     </span>
     <span class='ocr_line' id='line_1_25' title="bbox 386 3159 1444 3306; baseline 0.003 -19"><span class='ocrx_word' id='word_1_197' title='bbox 386 3245 514 3287; x_wconf 91' lang='lat' dir='ltr'><strong>omnem</strong></span> <span class='ocrx_word' id='word_1_198' title='bbox 530 3159 767 3287; x_wconf 76' lang='lat' dir='ltr'><strong>multitudinem</strong></span> <span class='ocrx_word' id='word_1_199' title='bbox 789 3221 822 3284; x_wconf 90' lang='lat' dir='ltr'><strong>iu</strong></span> <span class='ocrx_word' id='word_1_200' title='bbox 837 3235 991 3306; x_wconf 87' lang='lat' dir='ltr'><strong>potestate</strong></span> <span class='ocrx_word' id='word_1_201' title='bbox 1007 3221 1146 3286; x_wconf 78' lang='lat' dir='ltr'><strong>hostium</strong></span> <span class='ocrx_word' id='word_1_202' title='bbox 1161 3244 1227 3286; x_wconf 89' lang='lat' dir='ltr'><strong>esse</strong></span> <span class='ocrx_word' id='word_1_203' title='bbox 1244 3219 1410 3286; x_wconf 66' lang='lat' dir='ltr'><strong>affembats</strong></span> <span class='ocrx_word' id='word_1_204' title='bbox 1443 3253 1444 3290; x_wconf 76' lang='lat'>1</span> 
     </span>
     <span class='ocr_line' id='line_1_26' title="bbox 386 3299 1410 3394; baseline -0.008 -22"><span class='ocrx_word' id='word_1_205' title='bbox 386 3322 464 3385; x_wconf 91' lang='lat' dir='ltr'><strong>tum,</strong></span> <span class='ocrx_word' id='word_1_206' title='bbox 480 3319 570 3373; x_wconf 91' lang='lat' dir='ltr'><strong>metu</strong></span> <span class='ocrx_word' id='word_1_207' title='bbox 583 3308 670 3384; x_wconf 86' lang='lat' dir='ltr'><strong>vieti,</strong></span> <span class='ocrx_word' id='word_1_208' title='bbox 682 3305 879 3372; x_wconf 88' lang='lat' dir='ltr'><strong>consulturos</strong></span> <span class='ocrx_word' id='word_1_209' title='bbox 894 3329 927 3370; x_wconf 89' lang='lat' dir='ltr'><strong>se</strong></span> <span class='ocrx_word' id='word_1_210' title='bbox 942 3309 1097 3394; x_wconf 92' lang='lat' dir='ltr'><strong>populum</strong></span> <span class='ocrx_word' id='word_1_211' title='bbox 1108 3308 1351 3394; x_wconf 87' lang='lat' dir='ltr'><strong>responderunt:</strong></span> <span class='ocrx_word' id='word_1_212' title='bbox 1370 3299 1410 3364; x_wconf 85' lang='lat' dir='ltr'><strong>ad·</strong></span> 
     </span>
     <span class='ocr_line' id='line_1_27' title="bbox 385 3390 1409 3480; baseline -0.001 -22"><span class='ocrx_word' id='word_1_213' title='bbox 385 3407 560 3480; x_wconf 87' lang='lat' dir='ltr'><strong>vocataque</strong></span> <span class='ocrx_word' id='word_1_214' title='bbox 578 3392 740 3479; x_wconf 86' lang='lat' dir='ltr'><strong>extemplo</strong></span> <span class='ocrx_word' id='word_1_215' title='bbox 758 3393 921 3470; x_wconf 88' lang='lat' dir='ltr'><strong>concione,</strong></span> <span class='ocrx_word' id='word_1_216' title='bbox 937 3415 1038 3479; x_wconf 90' lang='lat' dir='ltr'><strong>quum</strong></span> <span class='ocrx_word' id='word_1_217' title='bbox 1058 3406 1091 3458; x_wconf 93' lang='lat' dir='ltr'><strong>et</strong></span> <span class='ocrx_word' id='word_1_218' title='bbox 1104 3393 1281 3458; x_wconf 88' lang='lat' dir='ltr'><strong>levissimus</strong></span> <span class='ocrx_word' id='word_1_219' title='bbox 1301 3390 1409 3478; x_wconf 79' lang='lat' dir='ltr'><strong>quisque</strong></span> 
     </span>
     <span class='ocr_line' id='line_1_28' title="bbox 363 3471 1423 3568; baseline -0.006 -24"><span class='ocrx_word' id='word_1_220' title='bbox 363 3555 369 3568; x_wconf 25' lang='grc' dir='ltr'>ἱ</span> <span class='ocrx_word' id='word_1_221' title='bbox 386 3502 483 3544; x_wconf 79' lang='lat' dir='ltr'><strong>noras</strong></span> <span class='ocrx_word' id='word_1_222' title='bbox 497 3501 547 3543; x_wconf 91' lang='lat' dir='ltr'><strong>res</strong></span> <span class='ocrx_word' id='word_1_223' title='bbox 558 3501 736 3564; x_wconf 86' lang='lat' dir='ltr'><strong>novamque</strong></span> <span class='ocrx_word' id='word_1_224' title='bbox 748 3478 932 3542; x_wconf 89' lang='lat' dir='ltr'><strong>societatem</strong></span> <span class='ocrx_word' id='word_1_225' title='bbox 947 3479 1088 3557; x_wconf 87' lang='lat' dir='ltr'><strong>mallent,</strong></span> <span class='ocrx_word' id='word_1_226' title='bbox 1104 3471 1423 3566; x_wconf 73' lang='lat' dir='ltr'><strong>et,quorumpropi1rt</strong></span> 
     </span>
     <span class='ocr_line' id='line_1_29' title="bbox 386 3555 1444 3653; baseline -0.005 -24"><span class='ocrx_word' id='word_1_227' title='bbox 386 3566 444 3653; x_wconf 95' lang='lat' dir='ltr'><strong>qui</strong></span> <span class='ocrx_word' id='word_1_228' title='bbox 458 3580 549 3630; x_wconf 85' lang='lat' dir='ltr'><strong>extra</strong></span> <span class='ocrx_word' id='word_1_229' title='bbox 566 3565 677 3629; x_wconf 90' lang='lat' dir='ltr'><strong>urbem</strong></span> <span class='ocrx_word' id='word_1_230' title='bbox 695 3563 857 3628; x_wconf 88' lang='lat' dir='ltr'><strong>interclusi</strong></span> <span class='ocrx_word' id='word_1_231' title='bbox 877 3565 917 3628; x_wconf 91' lang='lat' dir='ltr'><strong>ab</strong></span> <span class='ocrx_word' id='word_1_232' title='bbox 932 3564 1075 3630; x_wconf 84' lang='lat' dir='ltr'><strong>hostibus</strong></span> <span class='ocrx_word' id='word_1_233' title='bbox 1095 3580 1195 3643; x_wconf 87' lang='lat' dir='ltr'><strong>erant,</strong></span> <span class='ocrx_word' id='word_1_234' title='bbox 1210 3564 1298 3630; x_wconf 86' lang='lat' dir='ltr'><strong>velut</strong></span> <span class='ocrx_word' id='word_1_235' title='bbox 1317 3555 1410 3626; x_wconf 81' lang='lat' dir='ltr'><strong>0bsid1·</strong></span> <span class='ocrx_word' id='word_1_236' title='bbox 1443 3623 1444 3634; x_wconf 64' lang='lat'><strong>.</strong></span> 
     </span>
    </p>
   </div>
   <div class='ocr_carea' id='block_1_7' title="bbox 386 3637 1444 3756">
    <p class='ocr_par' dir='ltr' id='par_1_7' title="bbox 386 3637 1444 3756">
     <span class='ocr_line' id='line_1_30' title="bbox 386 3637 1444 3756; baseline -0.007 -39"><span class='ocrx_word' id='word_1_237' title='bbox 386 3653 446 3717; x_wconf 90' lang='lat' dir='ltr'><strong>bus</strong></span> <span class='ocrx_word' id='word_1_238' title='bbox 467 3651 558 3728; x_wconf 86' lang='lat' dir='ltr'><strong>datis,</strong></span> <span class='ocrx_word' id='word_1_239' title='bbox 580 3651 761 3738; x_wconf 82' lang='lat' dir='ltr'><strong>pigneratos</strong></span> <span class='ocrx_word' id='word_1_240' title='bbox 782 3649 936 3716; x_wconf 89' lang='lat' dir='ltr'><strong>haberent</strong></span> <span class='ocrx_word' id='word_1_241' title='bbox 958 3651 1204 3746; x_wconf 74' lang='lat' dir='ltr'><strong>animospauci</strong></span> <span class='ocrx_word' id='word_1_242' title='bbox 1225 3650 1324 3737; x_wconf 82' lang='lat' dir='ltr'><strong>magis</strong></span> <span class='ocrx_word' id='word_1_243' title='bbox 1345 3637 1444 3756; x_wconf 35' lang='grc' dir='ltr'><strong>ιιιεὶῑί4ἰ</strong></span> 
     </span>
    </p>
   </div>
   <div class='ocr_carea' id='block_1_8' title="bbox 384 3863 1444 4369">
    <p class='ocr_par' dir='ltr' id='par_1_8' title="bbox 384 3823 1444 4183">
     <span class='ocr_line' id='line_1_31' title="bbox 421 3863 1407 3924; baseline 0.009 -11"><span class='ocrx_word' id='word_1_244' title='bbox 421 3867 553 3914; x_wconf 72' lang='lat' dir='ltr'><strong>slatus-lm</strong></span> <span class='ocrx_word' id='word_1_245' title='bbox 571 3865 714 3924; x_wconf 63' lang='lat' dir='ltr'><strong>Mases]</strong></span> <span class='ocrx_word' id='word_1_246' title='bbox 743 3866 777 3914; x_wconf 81' lang='lat' dir='ltr'><strong>At</strong></span> <span class='ocrx_word' id='word_1_247' title='bbox 797 3865 828 3915; x_wconf 87' lang='lat' dir='ltr'><strong>de</strong></span> <span class='ocrx_word' id='word_1_248' title='bbox 847 3865 894 3914; x_wconf 84' lang='lat' dir='ltr'><strong>Lo-</strong></span> <span class='ocrx_word' id='word_1_249' title='bbox 928 3863 1135 3917; x_wconf 77' lang='lat' dir='ltr'><strong>Gronov.ma1ht.</strong></span> <span class='ocrx_word' id='word_1_250' title='bbox 1168 3863 1407 3921; x_wconf 73' lang='lat' dir='ltr'><strong>Sedetresboctsl·</strong></span> 
     </span>
     <span class='ocr_line' id='line_1_32' title="bbox 386 3927 1444 3992; baseline 0.001 -17"><span class='ocrx_word' id='word_1_251' title='bbox 386 3927 510 3976; x_wconf 83' lang='lat' dir='ltr'><strong>crensibus</strong></span> <span class='ocrx_word' id='word_1_252' title='bbox 519 3934 601 3976; x_wconf 84' lang='lat' dir='ltr'><strong>noster</strong></span> <span class='ocrx_word' id='word_1_253' title='bbox 611 3928 661 3975; x_wconf 84' lang='lat' dir='ltr'><strong>alia</strong></span> <span class='ocrx_word' id='word_1_254' title='bbox 672 3935 819 3987; x_wconf 82' lang='lat' dir='ltr'><strong>narraverat,</strong></span> <span class='ocrx_word' id='word_1_255' title='bbox 828 3943 894 3990; x_wconf 89' lang='lat' dir='ltr'><strong>supr.</strong></span> <span class='ocrx_word' id='word_1_256' title='bbox 927 3928 1016 3978; x_wconf 82' lang='lat' dir='ltr'><strong>iectiro</strong></span> <span class='ocrx_word' id='word_1_257' title='bbox 1033 3930 1123 3992; x_wconf 82' lang='lat' dir='ltr'><strong>plurali</strong></span> <span class='ocrx_word' id='word_1_258' title='bbox 1139 3947 1241 3981; x_wconf 87' lang='lat' dir='ltr'><strong>numero</strong></span> <span class='ocrx_word' id='word_1_259' title='bbox 1254 3929 1407 3984; x_wconf 67' lang='lat' dir='ltr'><strong>diunhutirum</strong></span> <span class='ocrx_word' id='word_1_260' title='bbox 1443 3929 1444 3990; x_wconf 65' lang='lat' dir='ltr'><strong>l</strong></span> 
     </span>
     <span class='ocr_line' id='line_1_33' title="bbox 386 3989 1444 4057; baseline 0.009 -19"><span class='ocrx_word' id='word_1_261' title='bbox 386 3990 501 4050; x_wconf 75' lang='lat' dir='ltr'><strong>xxiii30.</strong></span> <span class='ocrx_word' id='word_1_262' title='bbox 513 3989 642 4050; x_wconf 86' lang='lat' dir='ltr'><strong>et41.nisi</strong></span> <span class='ocrx_word' id='word_1_263' title='bbox 654 3990 735 4039; x_wconf 85' lang='lat' dir='ltr'><strong>dicere</strong></span> <span class='ocrx_word' id='word_1_264' title='bbox 746 3992 895 4050; x_wconf 61' lang='lat' dir='ltr'><strong>maliaeum</strong></span> <span class='ocrx_word' id='word_1_265' title='bbox 927 3995 1029 4057; x_wconf 74' lang='lat' dir='ltr'><strong>quisque</strong></span> <span class='ocrx_word' id='word_1_266' title='bbox 1049 3993 1117 4056; x_wconf 78' lang='lat' dir='ltr'><strong>iungi</strong></span> <span class='ocrx_word' id='word_1_267' title='bbox 1139 3996 1205 4057; x_wconf 86' lang='lat' dir='ltr'><strong>apud</strong></span> <span class='ocrx_word' id='word_1_268' title='bbox 1225 3997 1321 4046; x_wconf 83' lang='lat' dir='ltr'><strong>Livium</strong></span> <span class='ocrx_word' id='word_1_269' title='bbox 1341 3991 1406 4056; x_wconf 55' lang='lat' dir='ltr'><strong>pedm</strong></span> <span class='ocrx_word' id='word_1_270' title='bbox 1443 3991 1444 4004; x_wconf 53' lang='lat'>¹</span> 
     </span>
     <span class='ocr_line' id='line_1_34' title="bbox 384 4053 1391 4121; baseline 0.001 -18"><span class='ocrx_word' id='word_1_271' title='bbox 384 4053 438 4103; x_wconf 89' lang='lat' dir='ltr'><strong>illic</strong></span> <span class='ocrx_word' id='word_1_272' title='bbox 460 4053 618 4115; x_wconf 84' lang='lat' dir='ltr'><strong>occupavisse</strong></span> <span class='ocrx_word' id='word_1_273' title='bbox 642 4067 681 4101; x_wconf 86' lang='lat' dir='ltr'><strong>res</strong></span> <span class='ocrx_word' id='word_1_274' title='bbox 704 4069 770 4102; x_wconf 88' lang='lat' dir='ltr'><strong>nunc</strong></span> <span class='ocrx_word' id='word_1_275' title='bbox 795 4057 895 4104; x_wconf 82' lang='lat' dir='ltr'><strong>demum</strong></span> <span class='ocrx_word' id='word_1_276' title='bbox 927 4057 1132 4107; x_wconf 82' lang='lat' dir='ltr'><strong>animadverteris.</strong></span> <span class='ocrx_word' id='word_1_277' title='bbox 1149 4073 1214 4121; x_wconf 85' lang='lat' dir='ltr'><strong>supr.</strong></span> <span class='ocrx_word' id='word_1_278' title='bbox 1225 4061 1251 4110; x_wconf 90' lang='lat' dir='ltr'><strong>ii.</strong></span> <span class='ocrx_word' id='word_1_279' title='bbox 1263 4076 1301 4111; x_wconf 78' lang='lat' dir='ltr'><strong>ar.</strong></span> <span class='ocrx_word' id='word_1_280' title='bbox 1317 4059 1352 4108; x_wconf 85' lang='lat' dir='ltr'><strong>rii.</strong></span> <span class='ocrx_word' id='word_1_281' title='bbox 1365 4071 1391 4118; x_wconf 72' lang='lat' dir='ltr'><strong>tq</strong></span> 
     </span>
     <span class='ocr_line' id='line_1_35' title="bbox 385 4117 1407 4183; baseline 0.002 -15"><span class='ocrx_word' id='word_1_282' title='bbox 385 4123 473 4181; x_wconf 75' lang='lat' dir='ltr'><strong>gestas</strong></span> <span class='ocrx_word' id='word_1_283' title='bbox 490 4117 598 4166; x_wconf 80' lang='lat' dir='ltr'><strong>Sraors.</strong></span> <span class='ocrx_word' id='word_1_284' title='bbox 673 4153 675 4156; x_wconf 22' lang='grc' dir='ltr'><strong><em>ι</em></strong></span> <span class='ocrx_word' id='word_1_285' title='bbox 959 4117 1407 4183; x_wconf 69' lang='lat' dir='ltr'><strong>4Ptamrata1se0beua0sroeos</strong></span> 
     </span>
    </p>

    <p class='ocr_par' dir='ltr' id='par_1_9' title="bbox 386 4179 1407 4310">
     <span class='ocr_line' id='line_1_36' title="bbox 418 4179 1407 4250; baseline 0.003 -20"><span class='ocrx_word' id='word_1_286' title='bbox 418 4181 579 4230; x_wconf 66' lang='lat' dir='ltr'><strong>arsamum</strong></span> <span class='ocrx_word' id='word_1_287' title='bbox 595 4181 708 4240; x_wconf 71' lang='lat' dir='ltr'><strong>Poeaus]</strong></span> <span class='ocrx_word' id='word_1_288' title='bbox 739 4179 827 4230; x_wconf 87' lang='lat' dir='ltr'><strong>Trium</strong></span> <span class='ocrx_word' id='word_1_289' title='bbox 842 4195 894 4232; x_wconf 68' lang='lat' dir='ltr'><strong>sss.</strong></span> <span class='ocrx_word' id='word_1_290' title='bbox 928 4185 1077 4246; x_wconf 87' lang='lat' dir='ltr'><strong>propinquos</strong></span> <span class='ocrx_word' id='word_1_291' title='bbox 1084 4185 1192 4245; x_wconf 85' lang='lat' dir='ltr'><strong>illorum,</strong></span> <span class='ocrx_word' id='word_1_292' title='bbox 1200 4193 1316 4250; x_wconf 78' lang='lat' dir='ltr'><strong>tanquam</strong></span> <span class='ocrx_word' id='word_1_293' title='bbox 1324 4187 1407 4250; x_wconf 59' lang='lat' dir='ltr'><strong>pignere</strong></span> 
     </span>
     <span class='ocr_line' id='line_1_37' title="bbox 386 4243 1388 4310; baseline 0.01 -20"><span class='ocrx_word' id='word_1_294' title='bbox 386 4243 436 4292; x_wconf 82' lang='lat' dir='ltr'><strong>fide</strong></span> <span class='ocrx_word' id='word_1_295' title='bbox 446 4246 569 4293; x_wconf 77' lang='lat' dir='ltr'><strong>Bosailsas·</strong></span> <span class='ocrx_word' id='word_1_296' title='bbox 579 4244 687 4304; x_wconf 66' lang='lat' dir='ltr'><strong>reposuit</strong></span> <span class='ocrx_word' id='word_1_297' title='bbox 698 4244 790 4293; x_wconf 81' lang='lat' dir='ltr'><strong>Stroth.</strong></span> <span class='ocrx_word' id='word_1_298' title='bbox 927 4245 952 4294; x_wconf 86' lang='lat' dir='ltr'><strong>in</strong></span> <span class='ocrx_word' id='word_1_299' title='bbox 965 4254 1085 4310; x_wconf 76' lang='lat' dir='ltr'><strong>potestate</strong></span> <span class='ocrx_word' id='word_1_300' title='bbox 1097 4265 1142 4299; x_wconf 79' lang='lat' dir='ltr'><strong>atta</strong></span> <span class='ocrx_word' id='word_1_301' title='bbox 1151 4250 1305 4304; x_wconf 78' lang='lat' dir='ltr'><strong>habentibus.</strong></span> <span class='ocrx_word' id='word_1_302' title='bbox 1323 4251 1388 4300; x_wconf 68' lang='lat' dir='ltr'><strong>Dan·</strong></span> 
     </span>
    </p>

    <p class='ocr_par' dir='ltr' id='par_1_10' title="bbox 424 4307 896 4369">
     <span class='ocr_line' id='line_1_38' title="bbox 424 4307 896 4369; baseline -0.002 -12"><span class='ocrx_word' id='word_1_303' title='bbox 424 4321 438 4369; x_wconf 80' lang='lat'>3</span> <span class='ocrx_word' id='word_1_304' title='bbox 454 4309 595 4358; x_wconf 77' lang='lat' dir='ltr'><strong>Societatem</strong></span> <span class='ocrx_word' id='word_1_305' title='bbox 612 4309 725 4367; x_wconf 78' lang='lat' dir='ltr'><strong>malleat]</strong></span> <span class='ocrx_word' id='word_1_306' title='bbox 755 4307 820 4357; x_wconf 80' lang='lat' dir='ltr'><strong>Edd.</strong></span> <span class='ocrx_word' id='word_1_307' title='bbox 838 4314 896 4356; x_wconf 82' lang='lat' dir='ltr'><strong>ante</strong></span> 
     </span>
    </p>
   </div>
   <div class='ocr_carea' id='block_1_9' title="bbox 0 0 1493 4778">
    <p class='ocr_par' dir='ltr' id='par_1_11' title="bbox 0 0 1493 4778">
     <span class='ocr_line' id='line_1_39' title="bbox 0 0 1493 4778; baseline 0 0"><span class='ocrx_word' id='word_1_308' title='bbox 0 0 1493 4778; x_wconf 95' lang='lat' dir='ltr'><strong> </strong></span> 
     </span>
    </p>
   </div>
  </div>
 </body>
</html>
