2966 4778
361 233 615 322 tranunt
649 235 760 304 one.
785 244 836 304 ao.
1014 297 1018 308 ,
1067 243 1128 305 rsa

76 369 272 448 Himilcone,
294 371 454 458 praefecto
477 371 677 451 Hannibalis,
700 385 883 461 expugnata
911 385 967 438 est
1018 371 1127 440 Multo
1137 383 1172 434 U.
1183 384 1212 435 c.
1229 383 1288 446 536·

75 458 230 544 sanguine
253 480 290 522 ao
311 459 494 523 vulneribus
514 481 553 523 ea
568 458 687 524 Poenis
701 461 833 525 victoria
852 461 960 525 stetit:
981 483 1041 526 nec
1062 461 1128 526 ulla
1136 450 1166 560 ῘᾸ,
1184 451 1216 525 ⁰2
1229 447 1285 523 ’.ιδ’

74 543 178 630 magis
198 545 245 608 vis
267 545 417 621 obsessos,
441 568 537 631 quarn
558 546 666 622 fames
689 548 891 634 expugnavit
938 547 1128 635 Absumptis
1136 514 1282 625 Bssiilfflb

75 631 164 694 enim
178 629 306 716 frugum
325 631 492 708 alimentis,
508 632 673 718 carnisque
689 633 792 696 omnis
805 633 931 720 genem
946 633 1281 732 quadrupe-Himilcone

50 716 165 793 9dum,
187 718 325 782 sutrinae
346 731 507 804 postremo
529 719 631 794 coriis,
657 718 826 804 herbisque
849 731 882 783 et
903 719 1071 798 radrcibus,
1094 734 1128 785 et
1136 711 1217 768 ψ’

53 803 247 868 reorticibus
270 804 395 881 teneris,
412 804 591 890 strictisque
613 805 700 869 rubis
719 805 845 882 vixere3
869 828 939 882 nec,
956 819 1127 892 antequam

74 889 160 953 vires
174 889 215 953 ad
229 889 379 954 standum
399 890 433 953 in
453 891 551 954 muris
564 891 759 978 ferendaque
772 913 859 955 arma
874 891 1014 970 deerant,
1027 915 1129 979 expu-

73 977 166 1062 gnati
182 988 264 1040 sunt
307 975 452 1062 Recepta
460 975 592 1053 Petelia,
603 975 732 1041 Poenus
747 977 788 1041 ad
799 977 1006 1042 Consentiam
1023 979 1130 1065 copias

74 1061 234 1126 traducit:
256 1083 365 1211 guam,
381 1063 487 1126 minus
506 1063 711 1150 pertinaciter
724 1063 895 1140 defensam,
912 1065 995 1128 intra
1011 1087 1130 1152 paucos

73 1147 147 1212 dies
161 1148 196 1212 in
214 1149 254 1212 de
278 1149 409 1213 itionem
429 1150 559 1236 accepit
606 1149 723 1214 Iisdem
738 1150 838 1214 ferme
853 1150 966 1215 diebus
984 1165 1017 1215 et
1032 1151 1213 1216 Bmt-croto
1225 1181 1264 1216 ca-

74 1236 195 1298 tiorum
217 1235 374 1300 exereitus
396 1234 581 1312 Crotonem,
600 1235 756 1300 Graecam
779 1238 900 1315 urbem,
917 1238 1128 1316 circumsedit,
1139 1231 1231 1344 {uzi

74 1321 263 1408 opulentam
286 1321 446 1472 ‹ffipdam
469 1323 563 1385 armis
578 1322 725 1410 virisque,
743 1335 811 1386 tum
833 1324 896 1389 iam
919 1323 999 1388 adeo
1021 1325 1131 1390 multis
1163 1311 1192 1344 ru
1214 1309 1252 1344 ¹¹⁵⁸

73 1430 107 1470 m
176 1407 265 1494 isque
280 1430 299 1471 c
364 1408 423 1472 bus
437 1408 594 1486 afflictam,
605 1420 641 1472 ut
656 1410 760 1474 omnis
775 1411 885 1474 aetatis
900 1411 1005 1474 minus
1015 1410 1129 1496 viginti

49 1493 136 1556 smil
148 1494 181 1556 ia
208 1493 324 1557 civium
353 1507 561 1580 superessent.
607 1493 721 1581 Itaque
756 1497 834 1561 urbe
864 1519 883 1560 a
912 1496 1131 1562 defensoribus

73 1593 167 1643 vasta
175 1579 267 1643 facile
283 1580 376 1667 potiti
387 1593 462 1644 sunt
476 1580 602 1644 hostes:
627 1604 683 1645 arx
698 1593 822 1646 tantum
838 1595 971 1660 retenta,
983 1583 1018 1646 in
1033 1606 1130 1670 quam

72 1666 163 1730 inter
171 1664 344 1730 tumultum
353 1680 463 1753 captae
475 1667 561 1730 urbis
576 1690 594 1730 e
607 1667 712 1732 media
726 1667 824 1733 caede
836 1669 966 1755 quidam
979 1671 1128 1756 effugere.

73 1751 122 1816 Et
146 1751 323 1816 Locrenses
348 1752 508 1817 descivere
539 1752 579 1817 ad
609 1752 753 1818 Bruttios
780 1754 978 1842 Poenosque,
1004 1756 1131 1842 prodita

72 1837 284 1902 multitudine
303 1862 322 1903 a
340 1839 545 1988 principibus.
592 1838 735 1926 Rhegini
753 1841 974 1906 tantummodo
991 1843 1131 1942 regionis
1161 1915 1162 1918 Ἴ

71 1925 155 2001 eius,
168 1939 202 1988 et
215 1923 250 1989 in
264 1924 328 1989 lide
344 1947 419 2012 erga
466 1948 605 2003 omanos,
616 1940 650 1990 et
663 1928 826 2014 potestatis
835 1949 909 1992 suae
924 1928 966 1992 ad
981 1928 1129 1992 ultimum

70 2022 270 2074 manserunt.
316 2010 357 2075 In
368 2009 507 2076 Siciliam
518 2035 646 2098 quoque
656 2013 768 2077 eadem
777 2013 941 2078 inclinatio
951 2013 1128 2078 animorum

70 2098 240 2184 pervenit:
265 2113 298 2161 et
313 2119 353 2162 ne
372 2096 485 2161 domus
499 2097 631 2184 quidem
648 2097 800 2163 Hieronis
815 2110 881 2164 tota
896 2099 936 2163 ab
950 2099 1128 2164 defectione

71 2183 237 2248 abstinuit
285 2182 434 2270 Namque
446 2183 530 2248 Gelo
545 2184 702 2248 maximus
716 2185 830 2272 stirpis,
843 2198 969 2250 contem
994 2185 1126 2249 tasimul
1137 2178 1202 2270 Gelo
1213 2197 1281 2272 fitius

70 2281 240 2334 senectute
308 2269 373 2347 tris,
396 2269 490 2334 simul
511 2284 583 2357 post
606 2270 810 2335 Cannensem
834 2271 958 2336 cladem
970 2209 1254 2371 Pliomana({¹¹⁴³‘!³¹¹¹⁸

70 2355 238 2432 societate,
300 2355 427 2420 Poenos
442 2355 575 2420 defecit:
600 2357 810 2444 movissetque
826 2357 862 2421 in
874 2355 983 2422 Sicilia
996 2380 1056 2435 res,
1065 2358 1128 2423 nisi
1137 2325 1262 2438 pffiffld

69 2463 161 2506 mors
183 2441 264 2506 adeo
279 2453 466 2529 opportuna,
482 2454 519 2505 ut
540 2455 662 2541 patrem
679 2465 722 2530 qu
766 2465 807 2508 ue
828 2443 1006 2531 suspicione
1022 2466 1128 2532 asper-

69 2539 176 2615 geret,
190 2541 364 2592 armantem
379 2550 454 2592 eum
465 2527 713 2605 mulntudinem,
725 2551 761 2594 so
772 2528 1011 2631 licitantemque
1027 2532 1128 2596 socios
1136 2536 1249 2587 Mantua

69 2615 308 2701 absumpsisset.
355 2612 445 2679 Haec
460 2637 499 2678 eo
514 2637 598 2680 auno
609 2616 643 2678 in
655 2614 757 2692 Italia,
772 2617 808 2680 in
823 2615 941 2694 Aliica,
957 2640 992 2681 ιιι
1009 2615 1126 2696 Sicilia,
1252 2639 1253 2642 ’

69 2701 107 2765 in
121 2698 282 2787 Hispania
295 2700 381 2765 vario
397 2713 515 2764 eventu
530 2716 607 2765 acta.

117 2785 220 2851 Exitu
243 2787 319 2851 anni
346 2787 386 2861 Q,
401 2785 517 2851 Fabius
540 2785 703 2852 Maximus
724 2811 744 2852 a
760 2802 872 2854 senatu
894 2790 1073 2876 postulavit,
1089 2805 1127 2857 ut

45 2872 188 2946 ,eaedem
208 2872 346 2938 Veneris
368 2872 397 2936 E
435 2872 535 2952 cinae,
552 2896 648 2960 quarn
670 2874 804 2939 dictator
817 2876 962 2954 vovisset,
978 2876 1126 2942 dedicare

69 2959 194 3024 liceret
246 2958 382 3025 Senatus
396 2895 545 3036 discrevit,
561 2972 599 3024 ut
615 2959 667 3023 Ti.
683 2960 888 3048 Sempronius
910 2962 1020 3027 consul
1042 2962 1127 3027 desi·

50 3095 52 3106 ,
68 3059 199 3133 gnatus,
216 3069 316 3132 quum
331 3046 469 3133 primum
486 3044 641 3110 honorem
659 3046 777 3124 inisset,
793 3047 834 3111 ad
848 3048 1003 3135 populum
1017 3048 1125 3126 ferret,

69 3145 109 3197 ut
134 3130 176 3207 Q
190 3132 323 3197 Fabium
346 3131 548 3196 duumvirum
571 3153 638 3196 esse
661 3132 808 3197 iuberent
821 3133 907 3197 aedis
928 3133 1125 3199 dedicandae

69 3239 179 3283 causa.
236 3218 280 3283 Et
299 3217 347 3282 M.
365 3217 506 3282 Aemilio
524 3217 660 3304 Lepido,
683 3219 739 3282 ‹ui
758 3219 806 3283 bis
827 3219 938 3282 cons'ul
960 3243 1124 3308 auginque
1133 3233 1171 3282 M.
1181 3233 1282 3283 Aemilii

68 3305 186 3382 fuerat,
204 3305 263 3368 filii
284 3318 357 3382 tres,
378 3305 508 3382 Lucius,
530 3302 669 3382 Marcus,
749 3305 843 3381 intus,
863 3304 956 3370 ludos
976 3306 1124 3371 funebres
1132 3296 1186 3345 Μ
1197 3297 1266 3348 ‘⁰¹¹⁶'

45 3413 134 3490 4per
148 3390 298 3468 triduum,
308 3406 342 3455 et
351 3390 561 3478 gladiatorum
571 3391 659 3477 pan'a
669 3389 734 3454 duo
745 3402 779 3454 et
788 3390 902 3540 viginti
916 3414 974 3491 per
983 3392 1123 3458 triduum
1131 3361 1187 3411 bras

70 3500 108 3541 m
134 3476 203 3542 foro
228 3477 395 3542 dederunt
441 3475 575 3541 Aediles
597 3475 723 3541 curules
751 3475 790 3541 C.
838 3488 985 3555 aetonus,
1011 3491 1045 3542 et
1070 3479 1122 3545 Ti.

105 3722 478 3786 oSrttrr'naeportremooon'r's]
497 3723 580 3771 Scuto
645 3735 659 3768 s
688 3721 753 3770 Urbe
767 3719 959 3780 adasmuoribar
981 3721 1064 3780 emta]
1083 3720 1125 3770 Sic

69 3802 132 3835 mm
142 3785 246 3834 coniecit
261 3785 342 3835 Valla
355 3786 386 3834 cf.
400 3801 465 3847 supr.
481 3800 517 3848 ¹9·
534 3786 580 3848 Ge
613 3783 672 3833 Sall.
691 3785 745 3846 Ing.
762 3783 802 3844 48.
834 3784 933 3832 “Mons
948 3789 974 3832 et
990 3785 1022 3832 ab
1037 3791 1125 3834 natura

70 3857 154 3898 terum
162 3849 310 3906 moinum
318 3854 452 3899 asatorum
461 3849 581 3908 officinae,
614 3853 639 3895 et
646 3849 678 3896 ab
689 3847 797 3896 humano
809 3847 878 3896 cultu
891 3849 997 3896 vastua”

71 3928 161 3964 serrant
171 3913 265 3976 optime
275 3913 333 3962 huic
344 3913 398 3961 loco
409 3913 556 3961 conveniret.
648 3926 663 3986 3
681 3914 759 3970 Quam
769 3913 992 3974 dictator-vovisset]
1011 3913 1042 3962 cf.
1051 3913 1124 3976 Supr.

110 3991 121 4024 r
143 3980 286 4040 strictisque
306 3979 387 4037 mdis]
423 3977 473 4026 Eos
495 3976 584 4024 vixisse
615 3975 675 4024 xxri.
689 3989 725 4025 ro.

73 4041 328 4103 corticibuaquosex
343 4041 408 4089 rubis
427 4041 584 4100 strinxerant,
648 4041 714 4100 4Et
729 4041 894 4101 ,tatarorum
909 4041 997 4102 paria]
1022 4040 1125 4090 Gladia-

72 4106 177 4154 indioari
189 4111 261 4168 putat
272 4105 398 4153 Drakenb.
410 4105 479 4153 etita
489 4103 583 4153 cortici-
615 4109 679 4152 tores
695 4103 720 4151 in
735 4101 851 4151 honorem
869 4104 944 4164 patris
960 4103 997 4152 sui
1012 4103 1124 4154 defirncti

72 4171 122 4218 bus
138 4169 228 4218 teneris
246 4170 320 4218 modo
336 4168 475 4217 memoratis
492 4165 584 4230 opponi
616 4167 724 4230 primum
740 4167 835 4215 Romae
854 4165 957 4215 edidisse
976 4167 1008 4217 D.
1022 4167 1124 4216 Iunium

74 4234 178 4282 cortices
194 4235 319 4292 ruborum,
337 4247 398 4294 quos
417 4233 490 4281 duros
511 4233 584 4294 vulgo
617 4231 723 4280 Brutum
732 4231 766 4280 U.
777 4231 807 4280 Ο.
814 4245 869 4294 49ο.
881 4230 907 4278 in
917 4231 986 4306 Cpit.
996 4245 1062 4292 supr.
1072 4231 1126 4284 xri.

74 4297 166 4358 vocari,
187 4295 272 4346 docuit
297 4297 432 4346 Burmann.
458 4297 490 4345 ad
510 4296 583 4348 ona
616 4295 727 4358 legimus
739 4293 769 4344 el.
782 4294 840 4344 Val.
853 4295 922 4343 Max.
933 4309 959 4343 ιι.
970 4311 994 4354 4.
1008 4307 1030 4354 7.

74 4361 168 4412 Meti.
182 4375 235 4424 105.
