2874 4772
324 194 386 256 296
703 183 815 251 ΤΙΤΙ
842 182 977 250 LIVII

170 347 246 398 nc.
263 326 374 410 541.‘cl
470 347 510 390 ue
536 346 594 390 nos
620 323 702 388 same
729 333 898 398 macerant,
919 333 954 386 et
978 321 1038 408 ipsi
1063 323 1230 388 nobiscnm
1257 321 1367 388 ultima

170 413 201 460 A·
218 413 247 461 θ’
263 420 338 460 ²¹¹³
386 413 431 476 ric
505 433 542 475 ac
563 410 760 498 gravissimos
781 409 903 474 labores
923 408 1074 496 perpemi,
1089 410 1173 474 cina
1191 407 1312 473 vallum
1333 433 1366 474 ac

328 435 441 564 ‘ldssas
455 521 547 585 saepe
564 496 720 574 trucidati,
736 511 769 562 et
783 518 880 584 prope
895 495 937 560 ad
951 509 1130 560 extremum
1144 495 1256 561 castris
1270 497 1366 560 exuti.

329 585 414 651 ‘Sed
434 585 546 650 omitto
567 584 655 649 baec.
700 583 803 648 Vetus
817 596 912 670 atque
932 582 1047 647 usitata
1067 605 1117 647 res
1139 597 1198 660 est,
1213 584 1251 645 in
1270 605 1367 670 oppu-

329 673 474 760 ‘gnanda
487 671 625 736 hostium
645 671 723 734 urbe
737 669 859 735 labores
872 693 908 734 ac
922 668 1063 757 pericula
1081 670 1157 757 pori
1203 667 1294 734 illud
1308 669 1387 734 iraeo

328 767 442 846 ‘atque
458 757 523 822 odii
537 756 736 822 exsecrabilis
750 756 903 821 indicium
918 768 974 821 est.
1008 754 1169 822 Hannibal
1186 757 1368 842 ingentibus

328 845 445 933 ‘copiis
459 845 602 932 peditum
619 845 761 930 equitum
787 866 826 908 ue
842 857 942 908 castra
955 843 1158 930 oppugnavit,
1175 857 1270 907 etex

329 933 447 1019 ‘cepit:
473 943 560 996 tanto
617 929 717 995 riculo
731 931 762 994 n'
789 929 811 994 il
832 929 910 994 moti
926 941 1001 994 sunt
1016 930 1055 994 ab
1069 929 1248 994 obsidione.
1324 953 1370 994 m-

329 1019 447 1084 ‘fectus
469 1032 554 1084 trans
608 1017 771 1082 ultumum
792 1016 928 1104 perussit
951 1015 1108 1082 Calenum
1129 1039 1268 1103 agmm:
1295 1016 1370 1081 nihil

328 1114 435 1171 ‘tanta
448 1105 603 1170 sociorum
618 1103 707 1168 clade
722 1103 843 1169 avocati
859 1116 941 1168 sunt,
988 1103 1044 1166 Ad
1057 1103 1158 1190 ipsam
1173 1104 1293 1168 urbem
1310 1103 1371 1168 Ro·

330 1201 432 1257 ‘mam
452 1192 566 1257 infesta
584 1191 674 1278 signa
693 1190 768 1255 ferri
788 1190 895 1254 iussit:
919 1211 989 1254 eam
1003 1212 1132 1277 quoque
1147 1203 1370 1278 tempestatem
1432 1259 1433 1268 χ

329 1278 566 1344 ‘imminentem
580 1299 594 1342 s
617 1290 773 1341 reverunt
806 1276 1031 1363 Transgressus
1046 1275 1210 1341 Anienem
1226 1277 1295 1341 tria
1307 1277 1373 1342 mil-

328 1365 388 1430 ‘lia
409 1387 557 1453 passuum
579 1300 618 1428 ab
640 1363 717 1428 urbe
739 1375 840 1428 castra
902 1363 982 1428 suit:
1006 1376 1164 1450 postremo
1183 1363 1227 1428 ad
1249 1364 1373 1429 moenia

329 1453 414 1539 ‘ipsa
435 1452 528 1517 etad
549 1463 654 1539 portas
676 1449 813 1515 accessit
912 1471 996 1514 mam
1017 1472 1051 1514 se
1072 1449 1309 1537 adempturum
1331 1451 1372 1524 iis,

329 1539 408 1602 ‘nisi
422 1539 605 1604 omitterent
621 1537 776 1624 Capuam,
792 1535 949 1601 ostendit:
973 1559 1038 1601 non
1052 1537 1238 1602 omiserrmt.
1282 1537 1373 1602 Feras

329 1625 471 1702 ‘bestias
486 1647 580 1690 caeco
595 1624 717 1712 impetu
734 1647 771 1688 ac
792 1623 877 1688 rabie
893 1623 1113 1700 concitatas,si
1136 1623 1176 1688 ad
1200 1624 1328 1689 cubilia
1346 1641 1374 1688 et
1433 1661 1434 1666 κ

329 1711 467 1776 ‘catulos
481 1733 589 1776 earum
611 1711 656 1775 ire
674 1733 795 1798 pergas,
811 1710 851 1775 ad
865 1732 959 1796 opem
979 1711 1042 1774 suis
1055 1709 1221 1774 ferendam
1239 1727 1373 1776 avertas

329 1797 510 1862 ‘Romanos
523 1797 628 1862 Roma
641 1796 852 1873 circumsessa,
864 1796 1023 1884 coniuges,
1035 1796 1135 1872 liberi,
1148 1797 1375 1950 quornmuplo-

329 1895 431 1949 ‘ratus
454 1884 528 1948 binc
542 1907 640 1972 prope
655 1882 915 1960 exaudiebantur,
931 1907 1011 1961 arae,
1026 1883 1098 1959 foci,
1113 1883 1211 1948 deum
1227 1883 1288 1949 del
1335 1907 1374 1961 rr,

328 1970 490 2059 ‘sepulcra
503 1971 657 2036 maiorum
672 1983 824 2035 temerata
838 1993 874 2041 ac
889 1969 1012 2048 violata,
1027 1992 1047 2034 a
1063 1969 1112 2033 Ca
1133 1993 1175 2034 ua
1195 1993 1266 2035 non
1289 1993 1375 2036 avar-

329 2067 463 2123 ‘terunt
517 2057 623 2122 Tanta
648 2056 779 2121 aviditas
804 2055 950 2143 supplicii
974 2079 1016 2121 ex
1057 1993 1155 2133 tendi,
1181 2070 1278 2122 tanta
1305 2082 1376 2123 san·

329 2155 339 2184 ‘
392 2146 398 2159 '
427 2145 451 2209 's
476 2145 575 2210 nostri
599 2142 766 2209 hauriendi
792 2159 840 2208 est
865 2143 940 2208 sitis.
991 2079 1062 2208 blei
1087 2142 1204 2207 iniuria
1228 2143 1373 2210 forsitan

329 2169 559 2318 ‘ffquoque
579 2231 663 2296 idem
681 2229 870 2306 fecissemus,
885 2229 910 2294 si
926 2229 1000 2294 data
1020 2229 1146 2310 fortuna
1167 2243 1260 2294 esset.
1312 2231 1376 2296 Ita-

329 2329 410 2406 ‘que
422 2318 550 2405 quando
565 2318 655 2383 aliter
669 2317 730 2380 diis
744 2315 972 2381 immortalibus
982 2317 1083 2380 visum
1098 2327 1155 2394 est,
1168 2340 1274 2404 quum
1291 2341 1376 2384 mor·
1435 2317 1436 2330 ¹

328 2416 413 2470 ‘tem
433 2428 474 2468 ne
499 2427 640 2469 recusare
656 2403 785 2490 quidem
801 2403 952 2479 debeam;
977 2403 1131 2468 cruciatus
1145 2405 1376 2470 contumelias-

329 2501 339 2531 ‘
348 2513 421 2577 que,
437 2514 515 2578 quas
535 2504 638 2578 sperat
654 2490 762 2567 hostis,
778 2490 855 2554 dum
872 2489 962 2567 liber,
977 2489 1054 2554 dum
1072 2489 1134 2554 mei
1154 2504 1271 2577 potens
1292 2515 1374 2570 sum,

329 2578 486 2663 ‘effugere
507 2592 617 2654 morte,
632 2572 852 2676 praeterquam
872 2576 1012 2654 honesta,
1029 2576 1124 2640 etiam
1139 2575 1215 2654 leni,
1230 2601 1373 2678 possum

329 2661 426 2727 ‘Non
445 2663 559 2728 videbo
574 2664 637 2750 Ap.
657 2661 828 2726 Claudium
844 2675 876 2727 et
893 2663 934 2737 Q.
952 2661 1108 2740 Fulvium,
1130 2662 1265 2728 victoria
1289 2666 1375 2730 inso-

329 2749 425 2813 ‘lenti
447 2749 599 2826 subnisus,
622 2771 726 2836 neque
749 2749 872 2813 vinctus
894 2772 952 2837 per
974 2750 1085 2815 urbem
1108 2749 1294 2816 Romanam
1320 2753 1395 2824 tri-7

329 2835 459 2922 ‘umphi
479 2836 691 2922 spectaculum
714 2835 826 2912 trahar,
848 2851 883 2900 ut
901 2836 1016 2901 deinde
1039 2837 1072 2899 in
1094 2859 1229 2914 carcere,
1253 2840 1374 2904 autad

329 2922 453 3009 ‘palum
468 2920 632 3022 deligatus,
648 2921 783 2987 lacerato
797 2922 892 3009 virgis
907 2935 1005 3009 tergo,
1021 2924 1175 2988 cervicem
1186 2925 1294 2988 securi
1308 2925 1374 2990 Ro-

329 3020 457 3074 ‘manae
476 3009 655 3074 subiiciam:
680 3031 739 3072 nec
761 3008 845 3074 dirui
866 3009 1057 3097 incendique
1076 3009 1207 3096 patriam
1231 3011 1372 3077 ridebo:

329 3107 406 3161 ‘nec
427 3098 495 3184 rapi
521 3096 562 3161 ad
587 3109 729 3182 stuprum
756 3110 869 3160 matres
895 3095 1083 3196 Campanas,
1102 3096 1321 3184 virginesque,
1341 3117 1376 3165 et

328 3184 501 3271 ‘ingenuos
520 3205 642 3270 pueros
689 3181 816 3258 Albam,
832 3181 917 3246 unde
933 3183 993 3269 ipsr
1007 3182 1133 3247 oriundi
1147 3199 1248 3262 erant,
1264 3209 1287 3249 a
1302 3185 1374 3250 lun-

328 3271 502 3335 ‘damentis
530 3282 731 3356 proruerunt,
757 3290 798 3332 ne
824 3269 863 3333 sti
902 3269 936 3346 is,
963 3291 1004 3333 ne
1031 3269 1183 3334 memoria
1207 3272 1393 3359 originums

328 3368 472 3422 ‘suarum
488 3369 640 3420 exstaret:
664 3355 781 3419 nedum
797 3377 851 3420 eos
892 3377 991 3442 apuae
1007 3378 1150 3442 parsuros
1164 3357 1309 3436 crudam,
1322 3362 1370 3425 cui

328 3444 529 3518 ‘infestiores
553 3464 648 3529 quam
673 3440 869 3528 Carthagini,
892 3455 973 3506 sunt.
1019 3441 1131 3529 Itaque
1180 3445 1277 3510 uibus
1304 3469 1371 3512 res-

328 3541 431 3595 ‘trum
446 3543 518 3595 anto
533 3529 598 3594 fato
612 3528 735 3605 cedere,
751 3551 845 3615 quarn
865 3528 942 3594 haec
958 3542 1085 3594 tottam
1102 3467 1213 3594 aceiba
1228 3531 1369 3610 videant,

327 3620 380 3682 ‘in
395 3617 501 3682 animo
515 3630 579 3692 eat;
603 3614 641 3679 iis
650 3613 735 3702 apud
750 3637 800 3678 me
815 3615 910 3679 bodie
921 3613 1032 3702 epulae
1044 3617 1213 3682 instmctae
1226 3635 1371 3705 paratae-

328 3713 338 3741 ‘
370 3727 409 3768 ue
424 3716 506 3767 sunt.
554 3701 681 3766 Satiatis
689 3702 763 3765 vino
774 3701 908 3788 ciboque
920 3701 1068 3789 poculum
1080 3702 1175 3781 idem,
1186 3705 1274 3791 quod
1291 3707 1371 3770 mihi

328 3728 455 3854 ‘datum
470 3789 573 3866 filerit,
590 3788 844 3853 circumferetur:
869 3811 906 3852 ea
925 3789 1012 3875 potio
1026 3812 1139 3878 corpus
1160 3791 1200 3854 ab
1214 3792 1371 3870 cruciatu,

359 4015 374 4064 6
390 4017 470 4076 Illud]
492 4033 525 4064 sc.
540 4017 614 4073 Quod
635 4017 740 4065 Romani
760 4019 830 4066 nulla
861 4033 893 4067 aa
910 4020 992 4080 stirps,
1009 4019 1129 4080 quomodo
1146 4019 1238 4068 habent
1260 4029 1370 4070 verume

327 4095 352 4128 re
364 4081 395 4128 ab
406 4080 530 4128 obsidione
541 4081 600 4128 moti
612 4087 697 4129 essent.
862 4082 988 4141 editiones,
1007 4090 1031 4131 et
1050 4084 1099 4131 duo
1118 4097 1169 4132 usa
1189 4099 1255 4131 unus
1275 4085 1369 4134 Gmno

361 4157 373 4206 7
390 4146 516 4204 Saluiam]
535 4144 559 4192 b.
571 4161 592 4192 e.
611 4143 703 4202 Elatos,
721 4151 747 4192 ut
764 4161 828 4208 supr.
863 4146 910 4206 rio,
921 4148 983 4196 alter
996 4147 1064 4196 nobis
1074 4147 1204 4208 inspectus.
1239 4149 1297 4196 Nisi
1310 4151 1369 4196 forte

327 4225 383 4256 xxa.
396 4223 434 4266 41,
446 4209 610 4257 Hannibalem
623 4209 746 4256 subnisum
758 4211 827 4260 victo
861 4211 989 4272 legendum
1007 4217 1042 4259 est
1058 4213 1153 4273 stirpes,
1169 4219 1197 4258 ut
1213 4211 1270 4262 infr.
1288 4215 1333 4262 xli
1348 4217 1368 4260 ὃ,

328 4275 366 4320 rio
378 4275 508 4321 (bunensi.
861 4275 960 4335 antique
972 4290 1016 4336 pro
1026 4278 1106 4337 stirps.
1123 4277 1204 4324 Casu.

359 4337 374 4382 8
391 4337 430 4384 Na
440 4337 535 4397 stirpis]
561 4337 617 4384 Non
632 4335 711 4383 minus
723 4335 828 4396 placeret
