2874 4772
335 233 430 299 LIB.
455 233 565 300 XXV.
599 233 709 301 CAP.
734 241 784 303 39.
1021 237 1084 306 att

50 369 188 435 ‘hostia'
221 369 297 435 Alia
310 370 387 436 belli
406 371 539 456 gerendi
554 371 605 435 via
622 371 710 436 nulla
728 385 785 438 est.
831 371 970 438 Proinde
992 373 1239 456 nibilum-540.

50 465 59 492 ‘
88 471 185 521 meter
212 458 314 522 noctis
348 457 511 544 proximae
545 459 824 545 opportunitatem,
853 473 1079 546 exspectemus
1090 459 1120 508 A.
1138 459 1168 509 ⁰·
1183 472 1239 520 ²¹³·

49 479 119 620 ‘lis
135 543 204 608 deis
217 545 299 608 bene
314 543 503 620 iurantibus,
519 566 650 631 corpora
663 558 780 624 curate,
790 559 827 610 ut
841 546 956 633 integri
971 546 1080 634 rigen-

47 636 168 716 ‘tesque
191 630 304 696 eodem
328 630 434 696 animo
457 631 491 694 in
514 645 615 696 castra
637 630 775 696 bostium
801 632 989 720 irrumpatis,
1016 657 1080 721 quo

47 723 160 781 ‘restra
173 717 266 782 tutati
287 717 381 781 estia’

83 801 173 868 Laeti
190 818 224 868 et
237 803 366 868 audiere
381 804 422 868 ab
438 826 520 869 noro
535 803 616 868 duce
631 826 749 868 norum
764 804 940 884 eonsilium,
955 818 998 884 et,
1014 829 1079 894 quo

43 887 186 954 audacius
199 903 276 968 erat,
292 891 392 977 magis
406 889 557 977 placebat.
604 889 777 978 Reliquum
793 891 857 956 diei
872 892 1079 979 expediendis

43 975 130 1039 armis
148 989 182 1041 et
202 977 364 1042 curatione
384 999 551 1064 corporum
569 994 807 1064 consumptum:
832 991 865 1042 et
887 978 986 1044 maior
1006 1003 1078 1066 pars

23 1063 137 1126 tuoctis
165 1063 267 1150 quieti
299 1062 373 1128 data
401 1077 456 1129 est
504 1063 626 1138 Quarta
654 1063 760 1150 vigilia
792 1086 926 1129 movere.
977 1064 1078 1132 Erant
1133 1066 1184 1130 39.

43 1146 118 1212 ultra
147 1151 294 1237 proxima
328 1162 429 1214 eastra
464 1171 521 1216 serr
554 1148 688 1214 millium
724 1150 889 1216 intervallo
925 1151 1077 1217 distantes
1085 1151 1172 1200 cm

41 1232 114 1298 aliae
137 1235 248 1323 copiae
274 1236 464 1300 Poenorum
509 1234 609 1300 Vallis
631 1258 709 1300 cava
732 1237 892 1316 intererat,
918 1215 1235 1342 condensafflffi

42 1320 204 1387 arboribus.
250 1321 288 1386 In
305 1321 399 1387 huius
413 1321 508 1388 silvae
526 1322 632 1386 medio
645 1322 774 1388 sermea
797 1324 860 1388 atio
883 1325 994 1390 cohors
1010 1325 1131 1394 Ro-tur.

41 1427 128 1472 mana
148 1421 215 1474 arte
235 1409 360 1474 Punica
380 1409 516 1486 abditur,
535 1421 567 1472 et
588 1409 720 1494 equites.
766 1345 816 1475 iia
836 1411 942 1476 medio
963 1411 1077 1478 itinere

40 1493 221 1583 intercepto,
232 1509 355 1562 ceterae
371 1496 479 1583 copiae
491 1494 595 1560 silenti
610 1495 735 1582 agmine
750 1497 791 1560 ad
802 1499 961 1585 proximos
972 1498 1077 1564 hostes

41 1578 157 1648 ductae.
204 1582 257 1661 Et,
274 1605 374 1670 quum
396 1583 488 1648 statio
510 1581 598 1646 nulla
617 1605 675 1669 pro
696 1584 804 1670 portis,
820 1607 924 1671 neque
946 1585 980 1649 in
994 1585 1077 1652 vallo

39 1669 194 1734 custodiae
216 1683 330 1746 essent,
346 1669 433 1734 velut
453 1670 488 1732 in
510 1691 567 1732 sua
585 1682 695 1747 castra,
710 1669 799 1737 nullo
821 1694 954 1758 usquam
980 1673 1077 1738 obsis-

40 1764 130 1833 tente,
145 1770 362 1842 penetravere.
406 1754 487 1820 Inde
509 1756 599 1842 signa
611 1770 740 1834 canunt,
756 1771 790 1822 et
811 1757 930 1823 tollitur
949 1758 1074 1825 clamor.

40 1837 325 1907 Parssemisomnos
336 1842 442 1908 hostes
450 1842 603 1906 caedunt:
628 1865 699 1930 pars
707 1845 796 1930 ignes
805 1845 893 1922 casis,
904 1859 1076 1912 stramento

40 1927 122 1993 arido
149 1929 251 2006 tectis,
277 1929 443 1993 iniiciunt:
475 1951 547 2016 pars
575 1943 692 2016 portas¹
710 1945 874 2016 occupant,
905 1945 941 1995 ut
968 1932 1076 2018 fugam

39 2010 255 2080 intercludant.
301 2014 419 2081 Hostes
447 2015 540 2080 simul
569 2015 662 2103 ignis,
688 2015 815 2094 clamor,
841 2017 963 2097 caedes,
988 2019 1077 2084 velut

40 2097 183 2166 alienatos
201 2103 353 2181 sensibus,
369 2125 429 2167 nec
450 2101 569 2178 audire,
584 2125 645 2166 nee
666 2102 830 2189 providere
846 2103 1017 2190 quicquam
1034 2107 1072 2168 si·

39 2200 123 2254 nunt.
168 2187 322 2254 Incidunt
347 2189 483 2252 inermes
508 2189 592 2253 inter
617 2201 755 2252 catervas
784 2207 991 2266 armatorum
1022 2191 1076 2256 alii

38 2288 131 2340 ruunt
158 2275 201 2340 ad
229 2288 344 2364 portas,
374 2274 428 2339 alii
456 2275 613 2361 obsaeptis
646 2275 811 2339 itineribus
836 2297 931 2362 super
958 2276 1075 2342 vallum

38 2358 164 2426 saliunt:
183 2375 233 2438 et,
249 2376 285 2427 ut
307 2362 441 2449 quisque
463 2374 611 2439 evaserat,
633 2361 775 2448 protinus
796 2362 838 2425 ad
856 2375 957 2427 castra
978 2363 1076 2430 altera

38 2443 175 2532 fugiunt:
200 2449 255 2513 ubi
270 2450 310 2513 ab
329 2447 458 2514 cohorte
473 2463 537 2512 ete
562 2448 679 2513 uitibus
696 2471 738 2513 ex
752 2449 874 2514 occulto
889 2472 1075 2537 procurren-

39 2530 117 2599 tibus
135 2535 353 2613 circumrenti‚
368 2536 514 2622 caesique
528 2471 570 2600 dd
592 2557 691 2600 unum
707 2557 815 2600 omnes
832 2551 915 2602 sunt.
963 2537 1074 2612 Quan-

37 2639 138 2703 quam,
160 2623 256 2687 etiam
278 2623 305 2686 si
330 2622 401 2709 quis
421 2645 463 2686 ex
489 2645 527 2686 ea
548 2621 644 2687 caede
666 2622 835 2710 effugisset,
857 2623 938 2689 adeo
958 2625 1074 2712 raptim

38 2707 131 2792 captis
151 2709 351 2808 propioribus
371 2709 479 2774 casuis
500 2708 535 2773 in
557 2709 654 2774 altera
675 2721 887 2774 transcursum
912 2725 1013 2776 castra
1034 2714 1073 2778 ab

12 2831 15 2840 ·
38 2788 188 2859 Romams
202 2809 259 2872 est,
274 2807 312 2860 ut
325 2796 507 2882 praevenire
521 2796 652 2861 nuntius
667 2792 764 2860 cladis
778 2818 845 2861 non
866 2811 978 2885 posset.
1023 2797 1073 2864 Ibi

36 2899 116 2958 vero,
128 2881 326 2970 quolongius
340 2882 379 2946 ab
393 2882 483 2948 hoste
493 2883 631 2959 aberant,
648 2894 681 2947 et
695 2883 770 2968 quia
784 2884 842 2947 sub
857 2883 959 2949 lucem
974 2885 1074 2971 pabu-

38 2962 141 3046 laum,
158 2968 323 3056 lignatum,
335 2983 369 3034 et
381 2968 566 3056 praedatum
581 2968 711 3054 quidam
726 2967 838 3055 dilapsi
852 2967 986 3048 fueraut,
996 2993 1073 3070 neg-

38 3048 114 3118 lecta
138 3056 238 3142 magis
260 3056 368 3121 omnia
393 3079 429 3120 ae
454 3054 556 3119 soluta
580 3055 747 3131 invenere3
782 3077 868 3120 arma
890 3068 1014 3120 tantum
1038 3079 1073 3120 ur

38 3140 220 3208 stationibus
239 3142 359 3230 posita:
382 3139 499 3206 milites
517 3141 662 3217 inermes,
678 3156 733 3205 aut
750 3138 839 3204 humi
859 3142 1005 3206 sedentes
1022 3166 1073 3207 ae·

37 3227 257 3314 cubantesque‚
287 3240 342 3292 aut
375 3226 613 3291 obambulantes
642 3239 715 3290 ante
743 3226 861 3290 vallum
894 3243 1070 3315 portasque.

41 3307 120 3377 Cum
133 3314 184 3378 his
200 3328 263 3378 tam
278 3313 394 3379 securis
408 3312 579 3399 solutisque
596 3312 743 3389 Romani,
758 3311 896 3379 calentes
910 3313 1013 3380 adhue
1033 3316 1073 3380 ab
1083 3333 1167 3382 Altera

39 3402 153 3466 recenti
162 3423 277 3488 pugna,
287 3401 468 3487 ferocesque
480 3399 619 3476 victoria,
631 3399 785 3486 proelium
801 3399 921 3466 ineunt
959 3399 1071 3489 Itaque
1081 3398 1154 3448 ‘5⁸³¹
1166 3413 1216 3448 ω

39 3502 234 3587 nequaquam
251 3487 353 3551 resisti
367 3487 401 3550 in
415 3485 514 3574 portis
530 3485 643 3572 potuit.
688 3485 777 3550 Intra
789 3500 904 3573 portas,
919 3467 1119 3554 concursutm
1128 3473 1207 3525 “Pa

40 3588 77 3632 ex
98 3584 170 3638 totrs
191 3573 301 3639 castris
321 3573 363 3637 ad
384 3573 521 3661 primum
542 3572 710 3637 clamorem
732 3585 765 3638 et
787 3572 958 3638 tumultum
979 3575 1072 3653 facto,

39 3667 124 3722 atrox
145 3659 299 3746 proelium
321 3659 436 3724 oritur:
459 3659 579 3746 diuque
602 3659 764 3737 tenuisset,
779 3661 813 3723 ni
833 3674 965 3725 cruenta
985 3676 1074 3727 scuta

33 3737 253 3812 Romanorum
277 3745 352 3824 visa,
376 3746 529 3810 indicium
555 3745 682 3810 alterius
704 3745 801 3810 cladis
824 3746 950 3825 Poenis,
977 3761 1072 3837 atque

33 3825 110 3895 'inde
139 3851 287 3920 pavorem
315 3833 504 3898 iniecissent.
550 3829 614 3896 Hic
643 3847 743 3897 terror
767 3832 802 3896 in
826 3833 933 3920 fugam
962 3837 1073 3901 avertit

39 3935 161 3983 omnes:
184 3920 349 4007 effusique,
366 3942 431 4069 qua
449 3919 510 3982 iter
531 3932 588 3995 est,
604 3918 665 3982 nisi
682 3942 761 4007 quos
778 3919 890 3987 caedes
909 3924 1071 4009 oppressit,

33 4019 197 4070 exuuntur
210 4007 325 4070 eastris.
388 4019 421 4070 ta
434 4017 527 4070 nocte
542 4028 579 4069 ac
598 4004 649 4070 die
664 4006 739 4071 bina
752 4021 851 4072 castra
865 4006 1001 4072 hostium
1017 4033 1073 4074 ex·

34 4104 174 4176 pugnata
193 4091 290 4158 ductu
305 4091 344 4158 L.
358 4090 481 4157 Marcii.
528 4090 582 4156 Ad
603 4092 733 4180 triginta
748 4106 869 4182 septem
889 4095 988 4161 millia
1001 4097 1073 4161 hos·

52 4384 57 4394 ¹
71 4341 84 4382 4
101 4327 195 4384 Quarta
206 4327 303 4389 upilio]
324 4325 431 4376 Marcius
446 4323 471 4372 in
488 4339 538 4372 ora-
563 4302 614 4374 ¹sed
626 4339 710 4386 parum
722 4325 814 4374 scilieet
824 4325 929 4374 interest.
946 4311 1039 4374 Cauri

40 4389 104 4437 tione
114 4389 175 4440 dixit
186 4407 211 4440 se
222 4393 295 4442 tertio
307 4391 390 4452 cipitia
400 4393 538 4439 moturum:
637 4429 640 4438 .
