2888 4768
364 224 427 285 200
744 215 857 282 TITI
886 215 1021 284 LIVII

212 375 286 425 uc.
302 369 437 438 538.ante
457 355 554 444 pedes
573 377 683 421 eorum
703 355 816 442 posuit.
863 355 971 442 Atque
991 353 1045 419 illo
1060 354 1189 440 quidem
1206 353 1260 419 die
1281 353 1403 418 drmrnn

210 441 240 488 Α·
258 441 287 489 ⁰·
303 455 357 500 ²¹4·
365 465 406 507 ex
428 443 579 508 concione
601 440 684 519 laeti,
706 442 788 506 circa
809 442 915 506 omnia
935 441 1008 506 fana
1027 441 1123 505 deum
1144 440 1405 527 supplicaremnt

150 551 154 562 ⁴
211 543 338 596 Praetores
367 551 440 594 cum
455 529 641 616 coniugibus
655 549 691 592 ac
705 527 827 592 liberis:
850 540 974 615 postero
993 527 1045 592 die
1063 528 1190 592 comitia
1206 528 1407 614 praetoribus

211 607 335 669 symm
365 615 507 680 creandis
520 614 635 680 habita
682 611 816 678 Creatus
829 615 864 678 in
883 613 991 701 primis
1012 613 1281 690 Andranodoms;
1305 615 1403 678 ceteri

211 679 293 722 “⁰⁸⁰²
322 710 328 724 '
365 723 479 788 magna
489 723 529 764 ex
544 715 632 788 parte
646 700 859 765 interfectores
874 701 1016 788 tyranni:
1040 700 1119 765 duos
1133 700 1229 765 etiam
1244 701 1402 777 absentes,

367 787 533 876 Sopatrum
556 810 592 852 ac
621 785 843 864 Dinomenem,
865 786 1017 850 fecerunt
1065 787 1140 864 Qui,
1167 786 1295 864 auditis,
1318 809 1401 873 quae

367 873 526 962 Syracusis
543 886 612 938 acta
628 886 727 949 erant,
746 873 911 960 pecuniam
931 873 1059 973 regiam,
1102 895 1159 937 uae
1178 875 1211 936 in
1232 871 1403 938 Leontinis

364 973 440 1037 erat,
458 960 623 1048 Syracusas
637 959 808 1038 devectam,
824 960 1039 1045 quaestorrbus
1059 897 1101 1024 ad
1118 960 1152 1023 id
1166 959 1272 1046 ipsum
1286 961 1403 1023 creatis

364 1046 577 1112 tradiderunt:
601 1058 634 1111 et
647 1068 693 1124 ea,
709 1067 790 1132 quae
809 1045 844 1109 in
866 1043 973 1110 Insula
986 1059 1052 1110 erat
1071 1059 1103 1110 et
1118 1044 1313 1122 Achradina,
1337 1060 1428 1112 tra-7

364 1132 430 1197 dita
444 1146 505 1210 est3
529 1133 672 1220 murique
684 1155 722 1196 ea
735 1153 814 1232 pars,
830 1155 911 1282 qqaa
925 1133 964 1197 ab
986 1147 1090 1198 cetera
1104 1133 1181 1196 urbe
1196 1131 1291 1195 nimis
1306 1131 1402 1198 firmo

365 1219 560 1284 munimento
580 1219 820 1306 intersaepiebat
879 1218 988 1295 sulam,
1004 1239 1157 1283 consensu
1177 1219 1322 1282 omniurn
1342 1219 1403 1282 de·

363 1305 445 1370 iecta
461 1319 517 1370 est
564 1304 696 1370 Secutae
714 1317 747 1368 et
763 1319 884 1370 ceterae
908 1327 957 1369 res
976 1303 1058 1369 hanc
1072 1303 1311 1369 inclinationem
1330 1306 1402 1370 ani·

364 1414 487 1457 morum
500 1391 542 1456 ad
554 1391 738 1456 libertatem.

208 1487 345 1564 Hipponos
407 1478 616 1566 Hippocrates
630 1490 725 1565 atque
741 1476 909 1566 Epicydes,
921 1477 1027 1542 audita
1037 1489 1136 1542 morte
1151 1478 1287 1566 tyranni,
1301 1500 1402 1565 quam

207 1557 281 1665 “21⁰²
293 1553 350 1615 Epi·
365 1563 582 1665 Hippocrates,
600 1564 695 1630 etiam
716 1564 828 1630 nuntio
849 1564 1023 1641 interfecto,
1045 1563 1145 1629 celare
1165 1563 1319 1642 voluerat,
1342 1565 1402 1630 de-

208 1631 334 1729 fflgff,
363 1665 438 1716 sem
452 1673 472 1714 a
490 1650 649 1729 ananus,
665 1651 740 1738 qua
756 1649 790 1715 n
810 1650 998 1714 tutissimum
1018 1650 1288 1736 expresserimus
1309 1651 1424 1716 vtae-s

208 1746 276 1819 sear
289 1737 464 1820 Han-batur,
485 1737 650 1826 Syracusas
667 1736 797 1802 rediere.
844 1736 908 1802 Ubi
928 1759 969 1800 nc
989 1735 1124 1824 suspecti
1143 1738 1401 1814 obversarentur,

207 1809 313 1922 mopep
326 1825 355 1858 '¹‘
364 1836 513 1911 tanquam
527 1823 664 1888 novandi
677 1845 727 1887 res
741 1821 879 1910 aliquam
889 1823 1082 1888 occasionem
1098 1837 1293 1909 quaerentes,
1306 1847 1402 1911 prae·

208 1887 250 1920 mu
260 1889 291 1922 ³¹¹
364 1923 446 1975 tores
459 1911 605 1999 primum,
621 1909 695 1973 dein
712 1930 837 1996 percos
850 1923 992 1973 senatum
1007 1908 1133 1974 adeunt.
1180 1910 1253 1974 ‘Ab
1269 1909 1402 1976 Hanni-

363 1997 451 2062 ‘bale
480 2019 513 2062 se
539 1996 659 2060 missos’
683 1993 866 2082 praedicant
888 1995 948 2060 ‘ad
974 1994 1216 2084 Hieronymum,
1242 2011 1401 2084 tanquam

363 2083 517 2148 ‘amicum
539 2106 575 2148 ac
596 2082 723 2148 socium.
768 2081 911 2146 Paruiase
931 2082 1063 2168 imperio
1084 2083 1161 2159 eius,
1183 2083 1273 2148 cuius
1294 2084 1402 2171 impe-

363 2178 467 2235 ‘rator
480 2191 554 2234 suus
568 2168 708 2234 voluerit.
753 2166 844 2232 Velle
859 2168 898 2232 ad
915 2167 1128 2233 Hannibalem
1141 2169 1252 2234 redire.
1299 2169 1401 2236 Cete-

362 2265 462 2334 ‘rum,
507 2278 584 2320 uum
612 2255 672 2319 iter
697 2266 800 2318 tutum
828 2255 965 2332 nonsit,
990 2256 1175 2341 vagantibus
1200 2256 1318 2342 pmsim
1341 2281 1401 2345 per

362 2350 477 2406 ‘totam
485 2280 637 2408 qSiciliam
661 2340 813 2405 Romanis
832 2341 934 2418 armis,
955 2354 1073 2428 petere,
1091 2355 1127 2406 ut
1146 2341 1296 2428 praesidii
1318 2343 1400 2408 dent

361 2427 512 2514 ‘aliquid
536 2450 600 2514 quo
629 2426 747 2492 Locros
771 2427 806 2490 in
835 2426 958 2492 Italiam
982 2427 1201 2514 perducantur.
1249 2427 1398 2494 Gratiam

361 2523 410 2577 ‘m
474 2535 525 2577 am
554 2535 607 2577 eos
635 2535 731 2600 parva
759 2535 854 2614 opera
886 2513 970 2602 apud
1000 2513 1212 2578 Hannibalern
1241 2515 1399 2581 initrnos’

360 2599 464 2663 Facie
477 2621 527 2662 res
541 2599 722 2685 impetrata:
746 2599 831 2664 abne
851 2600 936 2664 enirn
951 2599 1047 2666 duces
1064 2623 1097 2664 re
1121 2601 1175 2678 ’os‚
1191 2623 1291 2687 quum
1313 2605 1398 2689 peri-

360 2701 408 2750 tos
422 2683 561 2762 militiae,
574 2696 643 2748 tum
657 2699 784 2772 egentes
798 2685 926 2750 eosdem
939 2699 1034 2774 atque
1049 2709 1090 2751 au
1112 2709 1192 2763 aces,
1204 2689 1395 2774 cupiebant:

359 2769 424 2847 sed,
462 2770 526 2834 uod
540 2770 696 2848 volebant,
712 2793 786 2849 non,
802 2795 897 2858 quam
912 2785 1065 2837 maturato
1082 2796 1161 2860 opus
1176 2787 1255 2851 erat,
1271 2775 1417 2852 maritare

359 2878 440 2943 expe
465 2857 577 2922 'ebant
615 2855 746 2922 Interim
760 2858 889 2923 iuvenes
904 2859 1051 2924 militares
1062 2872 1095 2924 et
1105 2860 1220 2924 assueti
1229 2860 1395 2940 militibus,

359 2967 444 3008 nunc
455 2943 541 3030 apud
554 2965 609 3008 eos
623 2942 714 3030 ipsos,
724 2966 809 3008 nunc
820 2945 905 3032 apud
917 2945 1098 3032 transfugas,
1107 2967 1242 3032 quorum
1256 2948 1396 3013 maxima

358 3053 429 3130 pars
444 3052 485 3095 ex
496 3029 656 3094 navalibus
670 3030 761 3094 sociis
776 3029 992 3095 Romanorum
1006 3045 1083 3110 erat,
1094 3055 1180 3096 nunc
1195 3033 1291 3099 etiam
1306 3036 1395 3123 apud

358 3116 484 3181 rnfimae
502 3115 603 3203 plebis
621 3114 774 3193 homines,
788 3117 920 3181 crimina
936 3118 1079 3183 serebant
1098 3119 1131 3182 in
1150 3131 1295 3183 senatum
1311 3123 1394 3208 opti·

357 3217 536 3288 metasque:
561 3202 613 3266 ‘id
628 3201 731 3266 moliri
745 3201 825 3266 clam
840 3226 893 3268 eos
911 3219 1005 3290 atque
1020 3217 1148 3281 struere,
1165 3219 1201 3268 ut
1218 3203 1393 3292 Syracusae

357 3297 433 3376 ‘per
447 3289 583 3375 speciem
595 3287 811 3353 reconciliatae
822 3290 978 3354 societatis
993 3290 1026 3354 in
1037 3290 1156 3356 ditione
1173 3289 1392 3358 Romanorum

357 3376 439 3441 ‘sint
447 3399 456 3452 ;
479 3375 555 3490 dpin
568 3375 661 3439 factio
675 3388 708 3440 et
721 3373 813 3462 pauci
827 3387 968 3441 auctores
985 3375 1119 3442 foederis
1132 3379 1274 3442 renovati
1290 3379 1392 3444 domi·

358 3471 498 3527 ‘nentur

290 3609 298 3629 ,
401 3548 461 3613 His
475 3546 639 3612 audiendis
659 3546 886 3634 credendisque
901 3559 1078 3634 opportuna
1093 3549 1275 3629 multitudo,
1291 3555 1392 3618 maior
1438 3609 1439 3630 ,

356 3636 390 3700 in
412 3634 489 3711 dies,
515 3633 681 3726 Syracusas
704 3635 897 3700 confluebat:
928 3657 987 3698 nec
1013 3634 1150 3723 Epicydi
1173 3636 1275 3702 solum
1301 3661 1389 3728 spem

389 3843 737 3905 yEtaa,qaaalnIma1o
757 3849 810 3892 erat
830 3848 854 3892 et
885 3843 1153 3894 tremulantem.
1186 3843 1338 3894 Crevierium
1355 3863 1389 3896 ee·
1437 3836 1438 3884 l

355 3907 506 3964 Achradina,
522 3907 612 3954 tradito
629 3906 676 3964 ert]
705 3905 853 3966 Campanas,
885 3905 966 3968 quitur
974 3906 1079 3955 Bekker.

356 3969 474 4026 Andreas,
489 3969 538 4016 duo
557 3981 607 4017 uss.
626 3982 642 4015 a
659 3967 783 4016 Gronovio
803 3984 852 4017 ms-
917 3971 991 4028 slat]
1011 3970 1118 4032 Nempe,
1133 3975 1162 4019 ut
1178 3971 1312 4034 syracun-
1328 3975 1387 4024 redi-
1436 4025 1437 4034 ,

355 4033 579 4090 morati‚etomnes
594 4029 676 4090 nostri,
687 4036 769 4079 carent
781 4033 854 4093 parti·
885 4039 945 4082 rent.
961 4035 1041 4083 Cur.
1436 4035 1437 4048 ³

355 4097 411 4147 cula
426 4105 464 4146 at:
484 4096 592 4158 plerique
607 4101 687 4148 autem
703 4110 734 4142 ax
750 4095 788 4144 hia
802 4110 852 4146 rrss
916 4099 1058 4161 9Nooitar]
1073 4099 1216 4161 supplenda
1225 4105 1305 4149 estex
1316 4117 1386 4151 senar

355 4162 445 4210 babent
461 4161 641 4209 Achradinam:
662 4159 761 4219 quidam
779 4159 852 4208 etiam
885 4161 1003 4221 particula
1013 4169 1143 4224 tamquae
1159 4164 1304 4225 respondeat
1318 4181 1386 4227 prae
1435 4207 1436 4226 ,

355 4227 474 4274 translato
490 4230 532 4273 m.
565 4224 646 4284 Atque
664 4223 711 4270 boc
728 4224 801 4272 modo
819 4223 852 4272 lc·
885 4225 980 4273 cedenti
1004 4241 1084 4288 qaam.
1124 4227 1181 4276 Non
1206 4233 1257 4276 tam
1285 4231 1386 4290 aeriter,

354 4290 460 4351 gendum
480 4288 588 4336 videtur:
619 4289 654 4336 Et
673 4303 703 4336 ea
724 4285 852 4350 (pecunia)
884 4303 956 4350 quam
967 4293 1227 4353 molanopmerat
1244 4291 1325 4344 Cur.

355 4369 416 4418 quoe
442 4354 469 4401 ia
489 4354 576 4402 Imulo
602 4357 663 4410 erat,
687 4351 852 4402 Achradinam
