2888 4768
355 240 451 310 LIB.
476 241 586 310 XXV.
617 243 723 312 CAP.
750 251 798 312 13.
1036 253 1099 316 245

63 383 173 462 ‘taque
188 375 287 442 millia
307 378 410 442 occisa
424 391 480 442 tun
492 377 612 442 deferat
634 379 735 442 amnis
749 379 784 442 in
799 390 933 464 pontum
947 399 1098 465 magnum
1109 393 1143 443 U.
1155 393 1184 443 c.
1200 405 1254 456 tto-

61 469 117 526 ‘ex
138 477 223 528 terra
241 464 407 552 fingifera3
439 464 577 551 piscibus
598 478 693 551 atque
716 465 825 530 avibus
845 463 992 551 ferisque,
1015 459 1138 551 quaeA·
1154 459 1184 509 ⁰·
1200 472 1255 507 ²¹²·

38 557 69 611 6‘
79 548 222 614 incolunt
233 563 338 628 terras,
350 551 388 616 iis
396 552 464 616 fuat
475 573 546 616 esca
560 574 631 617 caro
644 564 713 616 tua:
738 572 811 616 nam
827 550 905 615 mihi
916 551 962 615 ita
975 551 1099 638 Iupiter

60 634 235 702 ‘fstusest’
278 637 321 702 Et
330 637 496 702 Diomedis
507 637 618 724 Argivi
629 659 755 724 campos
766 652 799 702 et
810 636 955 702 Cannam
966 639 1096 714 flumen,

58 721 111 808 qui
133 723 344 790 militaverant
369 725 403 788 in
430 725 468 788 iis
498 723 584 802 locis,
609 724 700 788 iuxta
727 737 823 811 etque
847 723 947 810 ipsam
975 723 1098 790 oledem

58 811 274 893 agnoscebant
325 809 412 876 Tum
441 810 574 876 alterum
603 832 729 874 carmen
758 810 934 887 recitatum,
964 833 1029 875 non
1059 833 1098 876 eo

58 907 178 960 tantum
193 897 364 974 obscurius,
377 897 452 984 quia
463 897 631 962 incertiora
643 895 749 961 futura
781 897 934 961 raeteritia
945 912 1028 975 sunt,
1041 897 1098 962 sed

38 982 235 1069 rperplexius
251 984 347 1048 etiam
365 984 535 1071 scripturae
553 1005 677 1070 genere.
725 991 734 1020 ‘
779 995 889 1060 ostem,
907 983 1054 1060 Romani,
1070 983 1221 1048 silletum

36 1069 235 1156 8‘expellere
255 1070 359 1148 vultis,
374 1071 602 1157 vomicamqne,
621 1092 702 1156 quae
720 1070 865 1156 gentium
884 1070 973 1136 venit
991 1063 1158 1156 longe,⁹l¹¹l
1169 1063 1228 1112 πῇ·

58 1155 219 1242 ‘Apollini
242 1157 402 1222 vovendos
424 1179 537 1222 censeo
560 1156 661 1232 ludos,
688 1155 744 1242 qui
769 1155 938 1243 quotannis
967 1157 1098 1222 comiter
1106 1141 1204 1176 amum„

57 1243 221 1329 ‘Apollini
237 1243 331 1308 flant:
355 1267 455 1331 quum
469 1242 604 1330 populus
620 1242 743 1307 dederit
758 1265 798 1307 ex
820 1242 947 1330 publico
964 1257 1096 1330 partem,

58 1331 188 1414 ‘privati
211 1331 259 1394 uti
279 1330 442 1395 conferant
459 1353 517 1431 pro
539 1352 572 1394 se
594 1330 642 1394 sni
682 1351 731 1394 ue.
777 1328 821 1394 Iis
842 1328 926 1393 ludis
946 1329 1097 1394 faciendis

36 1417 209 1566 9‘eraeerit
217 1429 343 1516 praetor
357 1417 454 1504 is,qni
464 1439 513 1480 rus
524 1353 823 1503 populosplebeique
833 1415 1096 1482 dabitsnmmum.

58 1509 66 1538 ‘
109 1503 258 1568 ecemvrri
270 1501 393 1568 Graeco
404 1503 466 1568 ritu
476 1503 585 1568 hostiis
599 1525 686 1568 sacre
699 1502 823 1568 faciant.
870 1501 960 1568 Haec
972 1503 998 1567 si
1013 1516 1097 1568 recte

58 1587 188 1666 ‘faxitis
200 1589 379 1677 gaudebitis
393 1612 525 1677 semper,
537 1590 655 1676 fietque
670 1611 720 1653 res
731 1603 833 1656 vestra
847 1587 966 1654 melior.
1012 1588 1098 1654 Nam

58 1674 101 1738 ‘is
115 1674 207 1740 divus
228 1675 409 1763 exstinguet
428 1674 606 1763 perduelles
620 1687 747 1754 vestros,
763 1676 820 1762 qui
834 1688 952 1741 vestros
971 1697 1098 1764 campos

58 1769 209 1847 ‘pascunt
217 1762 362 1851 placide!
407 1762 461 1827 Ad
472 1763 506 1827 id
516 1785 643 1827 carmen
653 1761 888 1849 explanandum
898 1762 982 1828 diem
998 1784 1098 1828 uuum

57 1862 265 1936 sumpserunt
310 1849 442 1914 Postero
460 1848 512 1914 die
532 1848 837 1914 senatusconsultum
851 1848 969 1914 factum
989 1863 1046 1927 est,
1061 1861 1099 1914 ut

39 1933 225 2002 rdecemviri
247 1934 351 2013 libros,
367 1935 408 2001 de
430 1935 513 2000 ludis
535 1935 679 2022 Apollini
698 1957 797 2021 reque
819 1934 927 2000 divina
941 1935 1097 2013 faciunda,

57 2021 254 2109 inspicerent.
307 2021 355 2087 Eu
415 2045 491 2087 unm
517 2022 659 2107 inspecta
687 2019 847 2108 relataque
883 2020 924 2085 ad
953 2034 1099 2086 sensnum

58 2125 165 2186 essent,
187 2121 381 2175 censuerunt
431 2121 529 2173 anes:
555 2106 720 2193 ‘Apollini
742 2107 833 2172 ludos
847 2107 1006 2172 vovendos
1022 2107 1099 2172 laci·

59 2196 260 2283 ‘undosquez
284 2209 326 2273 et,
343 2194 472 2282 quando
495 2193 563 2258 ludi
577 2193 652 2258 facti
674 2207 788 2270 essent,
811 2193 981 2258 duodecim
1001 2193 1100 2258 millia

59 2283 155 2346 ‘aeris
180 2282 320 2371 praetori
344 2281 386 2347 ad
408 2304 474 2346 rem
500 2279 640 2344 divinam
665 2293 698 2344 et
723 2279 801 2344 dues
824 2279 942 2344 hostias
966 2280 1099 2344 maiores

59 2367 215 2436 ‘dandus’
261 2368 408 2433 Alterum
428 2365 733 2433 senatusconsultum
747 2366 865 2432 factum
885 2380 942 2443 est,
960 2365 1029 2430 ‘Ut
1043 2366 1100 2431 de-

39 2457 203 2522 2‘cemviri
212 2477 300 2520 soora
314 2454 438 2520 Graeco
447 2455 511 2519 ritu
521 2454 670 2530 facerem,
680 2453 792 2541 hisque
804 2453 930 2518 hostiis:
956 2451 1100 2540 Apollini

60 2541 154 2607 ‘bove
177 2556 289 2608 aurato
308 2554 341 2606 et
362 2542 464 2630 capris
478 2541 600 2606 duabus
622 2539 699 2604 albis
714 2539 839 2618 auratis,
855 2539 998 2604 Latonae
1020 2540 1100 2604 bove

59 2626 191 2694 ‘femina
202 2629 330 2694 auratn’
374 2627 484 2694 Ludos
498 2641 623 2716 praetor
634 2627 668 2692 in
678 2627 762 2692 circo
774 2627 911 2692 maximo
925 2649 1025 2714 quum
1036 2625 1101 2690 fac·

59 2727 144 2780 turus
151 2729 245 2793 esset,
258 2714 368 2792 edixit,
381 2729 417 2780 ut
430 2715 568 2802 populus
582 2737 639 2801 per
650 2735 704 2778 eos
712 2713 804 2779 ludos
818 2714 932 2801 stipem
944 2712 1099 2814 Apollini,

59 2815 206 2952 putantem
227 2801 428 2868 commodum
448 2814 539 2879 esset,
554 2800 719 2866 conferret.
766 2799 856 2866 Haec
878 2813 927 2865 est
943 2822 1031 2887 origo
1050 2798 1182 2881 lu-ortgo

80 2909 167 2954 orum
196 2887 439 2976 Apollinarium,
462 2888 620 2965 victoriae,
643 2909 708 2952 non
735 2885 934 2964 valetudinis,
956 2909 1040 2972 ergo,
1064 2882 1235 2997 ”trlfflldl‘

39 2972 197 3063 spleriqne
213 2988 332 3052 rentur,
348 2987 492 3040 votorum
506 2973 732 3059 factorumque.
778 2971 919 3060 Populus
933 2984 1100 3036 coronatus
1107 3012 1202 3062 domm.

60 3064 226 3146 spectavit:
253 3074 414 3161 matronae
435 3059 669 3210 supplicavere:
685 3058 789 3158 'vulgo
809 3059 924 3159 apertis
943 3057 1046 3156 iaspis
1065 3057 1100 3120 in

60 3147 353 3249 propatulooepnlatr
367 3159 451 3224 sunt,
462 3168 499 3211 oe
511 3146 648 3232 eberque
661 3144 729 3210 dies
743 3167 830 3210 omm
840 3165 1101 3209 caenmonmrum

60 3236 391 3396 gerdeireurfdllllannibal
402 3319 486 3384 circa
500 3317 685 3396 Tarentum,
698 3315 842 3383 consules
856 3318 949 3382 ambo
964 3317 998 3380 in
1011 3315 1102 3382 Sam·
1159 3336 1210 3398 13,

94 3496 204 3561 orm]
232 3499 349 3562 Antiqua,
371 3500 472 3559 prosit
507 3500 565 3546 Tros
632 3511 642 3545 1
661 3499 758 3558 Linos]
777 3496 918 3560 Sibyllinos,
930 3511 1034 3559 quornm
1045 3512 1101 3548 auo·

62 3562 195 3616 Rutulusne
201 3566 263 3627 funt
273 3564 340 3625 apud
351 3561 384 3609 V'
414 3561 490 3611 lium.
507 3563 554 3612 Cn.
597 3561 682 3610 toritas
706 3561 815 3610 maxima
836 3569 894 3611 erut.
926 3563 1042 3612 cetemm
1063 3577 1102 3610 vo-

98 3637 111 3687 7
130 3629 238 3688 Horten,
255 3628 371 3686 Romani]
428 3633 497 3674 otum
518 3625 566 3673 hoc
598 3641 652 3673 cem
669 3627 742 3674 libros
760 3625 852 3674 omittit
871 3625 987 3684 Beklrsr,
1004 3627 1104 3674 auctore

64 3703 157 3740 carmen
168 3693 278 3742 necron.
290 3689 413 3742 sotumi.
427 3703 463 3752 17·
474 3690 554 3740 refert
598 3689 732 3748 Gronorio,
742 3689 784 3751 qni
801 3691 900 3738 verbum
914 3691 1061 3752 inspicerent
1071 3690 1104 3740 sd

94 3755 108 3802 8
126 3757 298 3820 Vorns'cnanun
379 3757 488 3818 panton
499 3755 566 3804 venit
598 3753 671 3802 libros
682 3753 822 3802 Marcianos
832 3759 941 3816 spectare
952 3759 1041 3802 censet

64 3817 141 3880 lonas]
166 3771 376 3869 Durioremlilrl
393 3834 477 3867 vocem
493 3820 565 3868 nomi·
634 3834 647 3867 n
668 3819 778 3880 Apollini
798 3819 854 3867 bose
875 3825 962 3866 sumto
980 3825 1004 3867 st
1022 3833 1051 3867 oa

64 3881 482 3942 conludicathinct.Instviii6.
509 3882 565 3930 Per·
597 3883 704 3944 duabus]
731 3882 810 3930 Recte
825 3883 962 3944 suspicetur
978 3881 1029 3930 Iac.

65 3944 156 4006 plenior
176 3947 242 3998 hand
263 3947 336 3996 dubie
357 3947 418 3996 heco
436 3945 522 4004 oratio,
540 3951 565 3994 et
598 3946 685 3995 novius
703 3945 820 3996 excidisse
836 3945 877 3994 hic
893 3961 982 3994 nomen
1000 3947 1104 3998 Dionae.

66 4021 134 4058 sensu
151 4017 176 4060 at
192 4017 318 4060 structum
351 4013 433 4074 bonne
447 4013 565 4074 peruium,
598 4009 667 4067 Quid
690 4011 755 4059 eninr
777 4026 865 4073 onprne
888 4011 920 4060 ad
943 4011 1104 4073 Apollinem?

66 4077 93 4120 ut
115 4077 165 4134 nbi,
186 4077 224 4126 rel
245 4091 374 4150 nusquam,
393 4077 512 4138 numium,
532 4089 564 4122 sc.
598 4073 630 4121 Et
641 4074 748 4123 Dianam
760 4089 816 4123 curn
827 4075 900 4123 fratre
916 4073 981 4137 iungi
995 4077 1105 4124 sollenne

67 4149 126 4197 quac
137 4139 202 4188 venit
212 4156 228 4190 a
238 4139 376 4202 longinquis
385 4139 504 4201 gentibus.
599 4144 658 4188 erat.
691 4139 742 4187 Bos
756 4144 856 4187 sumtus
869 4145 906 4187 est
919 4140 964 4187 bos
974 4139 1043 4188 curius
1054 4153 1105 4187 cor·

97 4215 112 4264 9
129 4205 176 4261 Qut
191 4206 231 4254 s'us
244 4205 335 4267 populo
349 4204 488 4266 plebeique]
510 4201 567 4250 Hoc
599 4218 649 4250 nun
667 4207 753 4251 sumta
769 4203 843 4251 fluere.
862 4203 943 4252 θην.
983 4203 1024 4250 De
1042 4203 1105 4250 bove

67 4266 177 4328 exemplo
187 4267 249 4317 inter
262 4267 312 4316 alia
325 4267 452 4316 confirmat
464 4265 565 4315 Niebhr.
597 4271 684 4315 aurato
695 4266 726 4315 cl.
738 4281 804 4328 supr.
815 4265 847 4315 iv.
861 4263 898 4315 16.

67 4341 147 4400 vocem
158 4334 278 4396 populun
294 4330 430 4393 antiquitus
444 4331 477 4379 ed
493 4330 566 4394 patri·
632 4343 646 4392 3
665 4331 801 4380 Coronam
822 4331 951 4392 mutand]
978 4327 1050 4378 Haec
1068 4343 1106 4376 res

68 4403 115 4440 etos
124 4401 253 4458 spectasse,
263 4411 337 4460 quem
348 4395 379 4446 ol.
390 4395 406 4445 i.
417 4410 442 4444 n.
453 4395 508 4459 984.
599 4393 689 4444 Graeci
699 4393 773 4443 moris
783 4399 842 4444 esst.
863 4392 894 4443 el.
904 4407 970 4455 supr.
981 4392 1050 4442 xxiii.
1064 4407 1101 4442 ιι.
