2874 4772
346 202 408 264 322
725 195 838 263 ΤΙΤΙ
867 195 1006 263 LIVII

194 348 228 399 U.
240 347 269 400 c.
285 363 340 412 54²·
350 342 360 374 ‘
371 346 408 399 ut
422 333 554 400 annulos
575 335 635 400 sibi
649 334 794 422 quisque,
810 346 844 400 et
862 335 1000 422 coniugi,
1015 345 1049 399 et
1061 333 1177 412 liberis,
1191 347 1226 398 et
1238 333 1310 399 filio
1323 333 1400 398 bul-1

193 413 224 464 Α
241 415 270 465 ⁰·
286 422 442 499 πο·“1ιιιιι,
460 435 502 499 et,
518 422 633 508 quibus
653 445 735 487 uxor
747 422 870 486 filiaeve
893 435 976 499 sunt,
991 419 1129 508 singulas
1150 421 1264 486 uncias
1287 421 1402 508 pondo:

351 510 438 574 ‘auri
459 509 657 596 relinquant3
680 509 812 596 argenti,
832 508 889 597 qui
908 508 1010 574 curuli
1032 507 1108 573 sella
1131 509 1298 584 sederunt,
1321 509 1386 594 eqni

350 604 360 634 ‘
369 608 553 662 ornamenta
567 610 600 660 et
610 595 703 661 libras
713 595 830 685 pondo,
841 611 878 661 ut
891 595 1025 660 salinum
1037 595 1253 683 patellamque
1262 594 1402 667 deorsus

350 691 464 748 ‘causa
492 683 607 748 habere
633 684 762 770 possint
809 683 918 749 Ceteri
943 695 1102 748 senatores
1129 681 1248 747 libram
1275 682 1386 768 argenti

350 770 590 847 ‘tantum,aeris
604 770 718 857 signati
727 771 825 857 quina
838 769 937 834 millia
945 771 978 833 in
987 769 1129 856 singulos
1139 767 1386 856 patresfamiliae

350 865 360 896 ‘
370 857 593 945 relinquamus.
640 857 792 923 Ceterum
811 879 905 921 omne
922 879 1044 934 aurum,
1064 869 1246 944 arpentum,
1262 878 1317 920 ses
1335 877 1387 937 sp

349 952 487 1021 ‘nanim
498 944 540 1009 ad
554 944 732 1009 triumviros
746 943 916 1008 mensarios
930 943 1090 1031 extemplo
1104 943 1302 1020 deferamus,
1311 939 1402 1016 nullo,

349 1039 441 1096 ‘ante
463 1031 733 1096 senatusconsulto
754 1031 854 1096 facto:
878 1043 914 1094 ut
927 1029 1105 1094 voluntaria
1124 1029 1257 1095 collatio
1277 1043 1312 1094 et
1331 1051 1387 1092 oer-

348 1126 476 1183 ‘tamen
487 1117 682 1182 adiuvandae
697 1117 887 1206 reipublicae
901 1117 1018 1182 excitet
1028 1115 1070 1181 ad
1084 1115 1318 1181 aemulandum
1332 1114 1388 1180 ani·

348 1212 437 1270 ‘moe
451 1205 589 1292 primum
598 1205 751 1291 equestris
759 1204 887 1282 ordinis,
899 1203 974 1269 dein
985 1203 1124 1290 reliquae
1120 1202 1256 1354 “plebis
1306 1201 1388 1266 Hanc

349 1299 464 1356 ‘unam
477 1291 570 1368 viam,
585 1291 686 1356 multa
699 1292 782 1356 inter
796 1314 853 1356 nos
870 1289 1028 1367 collocuti,
1043 1313 1119 1355 cons
1153 1312 1189 1354 es
1202 1290 1386 1354 invenimus

348 1377 588 1466 ‘Ingredimini
604 1377 664 1443 diis
678 1379 760 1443 bene
775 1378 963 1443 iuvantibus.
1010 1376 1206 1528 Respublica
1227 1377 1403 1450 incolumiss

348 1472 359 1503 ‘
369 1478 402 1530 et
414 1465 550 1552 privatas
560 1487 609 1530 res
619 1465 710 1530 facile
721 1465 819 1530 salvas
830 1475 983 1553 praestat:
1006 1465 1072 1550 pub
1086 1465 1135 1528 'ca
1147 1463 1334 1550 prodendo,
1345 1475 1389 1526 tua

348 1552 578 1639 ‘nequicquam
593 1552 715 1617 serves’
758 1551 798 1616 In
812 1552 890 1616 haec
905 1563 993 1616 tanto
1007 1551 1114 1614 animo
1128 1573 1328 1616 consenfflm
1342 1565 1388 1624 est,

192 1650 302 1712 Magisu.
313 1650 383 1702 etut
399 1639 517 1725 gratiae
534 1638 618 1703 ultro
639 1639 819 1704 consulibus
834 1651 1009 1726 agerentur.
1057 1635 1176 1702 Senatu
1192 1637 1279 1702 inde
1297 1639 1388 1711 miso,

191 1722 312 1790 enatares
346 1746 403 1812 pro
418 1747 452 1790 se
466 1725 600 1813 quisque
621 1748 743 1804 aurum,
757 1739 923 1813 argentum
938 1737 972 1789 et
985 1747 1038 1789 aes
1055 1724 1090 1788 in
1103 1723 1281 1811 publicum
1295 1724 1389 1790 conle-

190 1793 338 1905 {ffiffl
346 1824 431 1890 runt,
444 1824 532 1877 tanto
546 1813 718 1877 certamine
733 1813 860 1889 iniecto,
870 1825 906 1876 ut
919 1812 1021 1899 prima
1031 1811 1115 1875 inter
1127 1811 1257 1897 primos
1273 1813 1389 1876 nomina

191 1908 279 1958 senne
346 1921 403 1964 sua
416 1899 535 1964 vellent
556 1900 589 1962 in
604 1899 741 1999 publicis
762 1899 876 1964 tabulis
890 1921 978 1975 esse3
1002 1911 1038 1962 ut
1056 1920 1116 1962 nec
1138 1898 1308 1963 triumviri
1321 1897 1390 1962 sed·

191 1997 263 2046 Idem
274 1997 331 2046 faci-
346 1985 477 2073 piundo,
487 2009 547 2052 nec
558 1986 676 2051 scribae
691 1984 859 2051 referundo
874 1985 1061 2050 sufficerent
1093 1982 1194 2048 Hunc
1203 1997 1405 2050 consensml

190 2067 235 2109 unt
246 2077 328 2124 ‘quw
346 2087 472 2138 senatus
486 2097 504 2139 e
528 2086 633 2138 uester
646 2073 725 2138 ordo
736 2085 784 2137 est
797 2085 939 2138 secutus:
963 2071 1116 2174 equestris
1130 2070 1274 2149 ordinis,
1283 2073 1388 2170 plebes

189 2129 227 2173 ter
238 2127 296 2175 ordo
306 2133 331 2175 et
428 2161 434 2175 .
542 2161 549 2174 .
647 2160 654 2173 .
806 2159 838 2174 ..
1305 2161 1312 2174 .

190 2190 267 2251 qu„
347 2159 396 2225 Ita
410 2183 517 2226 srnee
552 2172 902 2237 cto,smecoercrt10ne
920 2181 952 2222 ιιι
1067 2171 1127 2235 tus,
1142 2180 1206 2224 nec
1226 2181 1390 2246 remigem

345 2247 611 2334 supplementum,
627 2268 687 2312 nec
707 2245 865 2333 stipendio
882 2267 975 2333 respa
989 2245 1058 2346 fic?
1079 2245 1186 2332 eguit:
1210 2245 1389 2346 paratisqn

345 2334 491 2398 omnibus
505 2334 545 2398 ad
560 2333 688 2410 bellum,
703 2333 847 2398 consules
860 2333 896 2396 in
909 2354 1086 2419 provincias
1123 2331 1243 2397 rofecn
1257 2347 1344 2398 sunt.

237 2423 289 2485 37.
390 2419 506 2506 Neque
527 2419 615 2485 aliud
629 2431 753 2520 tempus
774 2419 849 2485 belli
862 2420 932 2497 fuit,
948 2441 1013 2520 quo
1028 2419 1057 2485 C
1171 2419 1179 2432 '
1207 2419 1321 2486 'enses
1335 2419 1391 2483 Ro-

191 2505 264 2581 Pana
274 2513 327 2582 ΨΜ
345 2507 494 2592 manique
531 2508 626 2572 ariter
638 2508 731 2571 vanis
742 2507 864 2572 casibus
878 2507 1014 2570 immun
1029 2507 1127 2592 magis
1138 2506 1175 2569 in
1189 2508 1271 2571 anci
1296 2508 1333 2572 iti
1346 2529 1391 2604 spe

189 2585 328 2683 {effffl'r
346 2615 383 2656 ac
404 2605 493 2657 metu
541 2593 632 2658 erint
679 2593 765 2658 Nam
780 2593 933 2658 Romanis
954 2605 987 2658 et
1008 2593 1043 2656 in
1061 2593 1250 2680 provinciis,
1296 2595 1303 2608 '
1362 2614 1390 2656 ιιι

190 2712 235 2746 nos
246 2699 306 2747 Poe
346 2676 502 2779 Hispania
521 2680 668 2745 adversae
683 2703 742 2758 res,
758 2681 833 2745 binc
848 2702 1013 2768 prosperae
1035 2679 1069 2743 in
1086 2677 1206 2756 Sicilia,
1222 2679 1353 2747 luctum
1365 2695 1390 2742 et

190 2777 290 2825 1¹⁰³a110·
346 2764 498 2830 laetitiam
510 2766 718 2832 miscuerant:
742 2767 930 2845 etinltalia,
942 2789 1043 2854 quum
1052 2766 1390 2832 Tarenmmamimm

345 2851 462 2917 damno
484 2864 518 2916 ct
538 2851 648 2931 dolori,
672 2865 740 2918 tum
762 2877 912 2919 arreum
961 2853 1096 2918 raesidio
1117 2865 1252 2919 retenta
1276 2867 1390 2943 praeter

345 2961 360 3004 s
402 2961 434 3004 m
455 2939 571 3028 gaudio
584 2940 661 3004 fuit:
686 2954 719 3005 et
738 2953 888 3006 terrorem
910 2876 1049 3006 subitum
1068 2961 1297 3028 pavoremque
1317 2940 1390 3005 urbis

346 2963 469 3092 lliimae
494 3027 637 3092 obsessae
660 3040 693 3092 et
718 3049 803 3115 oppn
849 3041 917 3092 atae
942 3028 1054 3114 Capua
1080 3039 1153 3113 post
1179 3027 1257 3094 dies
1283 3047 1390 3117 panem

346 3127 437 3203 capta
452 3113 755 3180 inlaetitiamvertit.
801 3051 1043 3180 inmnsmarinae
1052 3115 1404 3203 quoqueresqnadamr

379 3339 510 3400 1Etfillo
526 3341 628 3400 bullam]
658 3339 732 3389 Pueri
750 3339 849 3402 ingenui
881 3340 920 3388 cla
936 3339 994 3387 auri
1009 3339 1114 3388 baberet.
1155 3337 1306 3390 Grerieriru
1321 3343 1387 3402 legar

345 3405 440 3453 bullam
453 3404 590 3453 aureamin
603 3403 849 3468 figuramcordisfor-
881 3402 1012 3466 aliquando
1036 3403 1174 3466 neglectam
1197 3403 1281 3454 false
1303 3417 1388 3458 want

345 3473 438 3518 matam
459 3484 474 3517 e
492 3469 557 3518 collo
572 3483 713 3531 nupensam
732 3473 789 3518 ante
808 3483 849 3530 pe·
882 3467 1389 3542 Gmnoriusfillaeqsulegendummlain

346 3539 400 3582 ctus
414 3534 540 3595 gerebant:
558 3547 633 3596 quam
643 3533 715 3582 simul
726 3547 783 3582 cum
793 3538 850 3595 toga
881 3537 910 3580 ut
926 3532 1035 3594 singulae
1055 3546 1108 3580 ann
1127 3533 1219 3582 undae
1241 3549 1299 3582 uon
1320 3535 1387 3582 solun

346 3597 534 3660 praetexta,ubi
548 3597 573 3646 in
586 3598 649 3646 viros
662 3597 849 3655 asurbebantm‚
880 3595 1004 3656 uxoribus,
1024 3596 1067 3644 sed
1089 3609 1173 3645 aarum
1199 3595 1306 3647 filiabus
1325 3596 1387 3646 amul

346 3663 508 3725 deponebant
544 3661 723 3711 Libertinorum
741 3661 786 3710 filii
805 3677 849 3724 pro
881 3660 979 3709 relictae
989 3663 1076 3708 essent.

345 3727 500 3776 bullaaurea
515 3727 594 3775 lorum
609 3725 636 3775 in
652 3725 849 3786 collo‚sivebul-
916 3725 1063 3788 grassem
1091 3725 1265 3790 patellamque
1297 3727 1388 3776 daem

346 3789 396 3837 larn
407 3795 525 3839 murteam
536 3790 710 3865 praeferebant.
731 3789 789 3838 vid.
794 3791 848 3840 Ma·
880 3791 968 3850 oauaa]
982 3789 1092 3838 Salinum
1101 3793 1126 3837 et
1134 3790 1239 3851 patella,
1248 3791 1277 3839 in
1290 3806 1341 3853 qna
1351 3789 1389 3838 dn

346 3854 410 3900 crob.
428 3853 523 3902 Saturn.
540 3869 556 3902 1.
571 3851 594 3902 6.
611 3859 636 3901 et
652 3855 740 3901 Ascon.
757 3853 782 3901 in
795 3853 847 3904 Cic.
880 3854 1065 3916 apponebantur
1080 3853 1177 3915 epulae,
1192 3854 1327 3904 maxime
1343 3854 1387 3902 reli

347 3915 417 3964 Verr.
428 3915 460 3966 iii.
479 3918 559 3967 Cunv.
879 3918 945 3979 gleni
956 3917 1022 3980 apud
1032 3917 1146 3978 antiquos
1156 3925 1234 3966 erant.
1254 3920 1343 3969 cm.

378 3981 787 4042 aSiapalaeanciaepondoaan']
808 3981 849 4030 Ita
912 3985 1094 4042 duumviros
1103 3983 1251 4042 moriar]
1282 3985 1387 4044 cassat.

345 4049 374 4092 ut
384 4058 446 4091 uxor
456 4043 568 4105 filiaeque
578 4043 684 4106 singulas
698 4046 782 4094 uncias
795 4046 848 4094 auri
880 4045 949 4095 xxiii.
960 4060 998 4094 ar.
1013 4045 1079 4094 xxiv.
1093 4057 1129 4108 ιγ.

345 4109 452 4158 habeant
467 4109 499 4156 ad
514 4113 715 4158 ornatumsuum.
747 4109 848 4171 Aliquid
914 4109 1240 4173 5Reepablisalnoolmis]
1268 4111 1387 4161 ethnt.

345 4178 428 4220 lamen
444 4186 526 4220 morae
541 4171 619 4219 facere
634 4178 715 4234 potest
730 4174 796 4234 quod
813 4174 848 4220 di·
881 4173 905 4222 ii.
917 4173 956 4222 60.

344 4233 764 4285 scimusinfr.xxxiv.1.se.ceutum
775 4237 848 4284 fiune
912 4237 928 4286 6
943 4239 1097 4300 Reseranda]
1115 4237 1215 4300 Nempe
1224 4238 1253 4287 in
1267 4241 1373 4289 tabulas

346 4300 399 4360 lega
414 4299 506 4361 Oppia,
518 4298 603 4361 paneis
618 4305 675 4347 ente
690 4300 737 4348 hoc
751 4305 849 4360 tempus
914 4312 927 4362 7
944 4305 1056 4360 Qrsadam
1071 4304 1123 4352 vioe
1139 4306 1278 4366 mmm]
1311 4303 1386 4350 vase

345 4362 848 4426 annislamnequamallerplaneman-
880 4367 1387 4426 uteeventuumiunataautauemuu
