2866 4770
364 243 430 304 490
754 233 868 301 ΤΙΤΙ
897 232 1034 300 LIVII

206 383 243 500 Η.
254 386 285 502 g.
300 387 355 449 548.
388 370 533 458 ningenti
548 369 683 458 equites,
698 369 897 456 speculatum
911 369 954 434 nd
967 393 1052 435 maie
1075 368 1304 456 turbandosque
1315 389 1381 467 epe

301 465 356 512 πο4·
390 459 491 523 ’entes
514 479 555 522 ex
579 457 712 522 navibus
737 456 835 534 missi,
859 457 895 521 in
920 457 1071 522 stationes
1096 455 1306 522 Romenoium
1324 475 1380 516 inc·

364 544 489 609 derunt
536 542 604 607 Iam
623 543 709 607 enim
727 541 844 630 Scipio,
860 542 957 609 classe
974 543 1106 608 Uticam
1125 543 1231 620 mima,
1245 543 1303 629 ipse
1319 537 1380 604 haud

365 630 410 694 ita
428 629 565 694 multum
585 651 767 716 progressus
786 653 806 692 a
825 631 914 707 mari,
930 629 1069 695 tumulos
1088 631 1253 717 proximos
1269 639 1378 713 cepentl

364 716 489 816 equites
504 716 585 781 etin
600 715 789 781 stationibus
803 715 881 780 locis
896 716 1018 780 idoneis
1032 730 1199 816 posuerat,
1211 731 1244 782 et
1256 736 1306 802 per
1316 731 1378 797 agita

254 811 305 870 29.
365 815 492 867 miserat
507 801 703 889 praedatum.
750 800 779 864 Ii
797 825 870 866 cum
888 801 1151 902 Carthaginiensi
1170 803 1377 888 equitatupme

205 893 289 955 Scipio
365 887 444 954 lium
459 911 560 975 quum
574 888 814 966 commisissent,
830 910 948 975 paucos
966 889 1000 952 in
1015 911 1085 975 ipso
1100 889 1284 962 certamine,
1295 885 1377 971 plere*

204 972 327 1069 “ffiffiff
366 999 428 1062 que
444 975 602 1062 fugientes
617 975 774 1061 persecuti
786 975 835 1060 (in
847 975 963 1061 quibus
974 975 1178 1060 praefectum
1188 996 1306 1061 quoque
1317 970 1377 1034 His

205 1035 348 1146 iicioeq'ui-
365 1083 493 1138 nonem,
518 1060 656 1124 nobilem
678 1060 843 1144 iuvenem)
865 1061 1057 1125 occiderunt.
1107 1059 1223 1148 Scipio
1244 1081 1301 1124 non
1318 1075 1377 1140 ²ss⁰⁵

205 1149 329 1222 uesicae
365 1148 461 1212 modo
481 1148 565 1212 circa
581 1146 723 1222 vastavit,
742 1146 799 1210 sed
819 1147 929 1211 urbem
954 1148 1050 1211 etiam
1069 1148 1253 1234 proximam
1269 1143 1388 1209 Afrorum

205 1211 297 1274 ‘mm‘
364 1235 439 1298 satis
459 1233 642 1320 opulentam
663 1233 766 1320 cepit:
792 1233 848 1297 ubi
870 1245 995 1319 praeter
1016 1247 1135 1311 cetera,
1154 1255 1239 1320 quae
1260 1225 1377 1312 extempl]

364 1320 399 1384 in
423 1343 518 1384 naves
540 1320 697 1384 onerarias
722 1319 880 1406 imposita,
905 1319 1060 1407 missaque
1087 1320 1123 1383 in
1153 1319 1290 1386 Siciliain
1311 1329 1377 1385 emili

364 1419 436 1470 octo
463 1405 561 1470 millia
586 1406 757 1469 liberorum
786 1427 1010 1492 servorumque
1040 1407 1191 1492 capitum
1220 1419 1290 1470 sunt
1309 1417 1376 1484 capta

204 1496 335 1546 Maeniam
364 1491 571 1556 Laetissimus
601 1503 708 1556 tamen
735 1491 890 1556 Romanis
918 1492 952 1556 in
982 1491 1144 1580 principio
1172 1513 1277 1556 rerum
1301 1507 1378 1576 gertr

204 1561 338 1674 cluanp-
364 1577 475 1641 darum
498 1577 653 1642 adventus
675 1577 735 1642 fuit
754 1577 962 1643 Masinissae:
986 1600 1084 1664 quem
1104 1579 1245 1666 quidam
1265 1597 1325 1640 cuin
1340 1572 1377 1634 du·

205 1639 250 1674 ¹¹⁰⁸
262 1641 315 1674 vem
363 1663 463 1727 centis
478 1663 565 1727 haud
580 1663 715 1750 amplius
731 1665 900 1750 equitibus,
912 1664 1056 1751 plerique
1072 1687 1150 1729 cuin
1168 1665 1268 1730 duum
1282 1659 1376 1758 millium

363 1749 507 1835 equitatu
523 1751 653 1814 tradunt
668 1750 799 1814 venisse.
849 1749 1001 1816 Ceterum
1017 1773 1118 1836 quum
1144 1751 1244 1838 longe
1263 1763 1377 1812 mannia
1411 1785 1412 1830 p

364 1836 506 1900 omnium
529 1837 639 1900 aetatis
662 1859 736 1901 suae
758 1859 870 1922 iegum
892 1836 944 1900 hic
965 1837 1071 1913 fuerit,
1088 1837 1320 1923 plurimumque
1334 1849 1376 1892 rem
1411 1835 1412 1844 ’

364 1921 542 1986 Romanam
559 1923 684 2000 iuverit,
697 1945 809 2009 operae
825 1923 962 2010 pretium
977 1922 1105 1987 videtur
1119 1922 1279 1988 excedere
1291 1915 1387 2010 paulli-³

363 2007 430 2071 lum
448 2008 490 2072 ad
506 2008 728 2086 enarrandum,
744 2030 841 2094 quam
859 2008 944 2073 varia
962 2009 1091 2073 fortuna
1111 2031 1195 2074 usus
1216 2009 1257 2072 sit
1274 2007 1301 2069 in
1317 2017 1375 2066 anit·

364 2093 461 2158 tendo
476 2094 757 2194 recuperandoque
772 2107 905 2182 patemo
920 2117 1026 2182 regno.
1370 2169 1373 2180 Ι

203 2187 347 2263 Masinissa
407 2179 563 2244 Militanti
616 2203 650 2244 ro
677 2179 993 2267 Cardiaginiensibus
1018 2181 1054 2245 iu
1080 2179 1125 2244 H‘
1217 2181 1248 2244 ia
1269 2190 1374 2267 potere

204 2253 327 2366 ppppfoa
363 2267 515 2330 moritur:
546 2203 646 2331 Galae
670 2289 789 2331 nomeu
812 2279 887 2331 erat.
934 2267 1086 2353 Regnum
1110 2289 1129 2331 a
1184 2267 1305 2332 fratrem
1323 2277 1386 2342 rest·

366 2351 542 2429 Oesalcem,
558 2352 769 2439 pergrandem
790 2366 877 2430 natu,
898 2353 981 2440 (mos
1001 2353 1047 2416 ita
1065 2352 1158 2439 apud
1179 2351 1323 2417 Numidas
1337 2357 1375 2409 Η]

361 2439 515 2525 pervenit
577 2437 675 2502 Haud
711 2437 810 2502 multo
839 2453 920 2524 post,
954 2437 1087 2504 Oeselee
1118 2462 1254 2526 quoque
1280 2443 1374 2500 modio
1410 2503 1411 2510 χ

363 2525 463 2588 maior
477 2548 517 2588 ex
533 2524 657 2588 duobus
672 2523 745 2588 filiis
760 2524 827 2588 eius
845 2523 982 2610 Capusa,
999 2547 1099 2610 puero
1114 2525 1291 2590 admodum
1302 2520 1373 2616 alterii
1410 2517 1411 2599 l

362 2624 530 2696 paternum
553 2611 723 2696 imperium
745 2610 877 2696 accepit
925 2609 1078 2674 Ceterum
1100 2633 1208 2696 quum
1230 2609 1316 2694 magis
1331 2620 1384 2666 urei

362 2696 475 2780 gentis,
497 2719 595 2782 quain
617 2696 803 2760 auctoritate
826 2697 910 2760 inter
932 2718 1004 2760 suos
1027 2710 1082 2760 aut
1104 2697 1241 2774 viribus,
1261 2693 1373 2759 obtinent

362 2803 517 2866 regnum
541 2781 665 2846 exstitit
684 2782 824 2868 quidam,
842 2781 1023 2846 Mezetulus
1045 2783 1193 2860 nomine,
1211 2805 1274 2846 non
1292 2777 1372 2842 alienu

363 2867 515 2954 sanguine
537 2868 673 2954 regibus,
688 2867 823 2932 familiae
845 2891 968 2955 semper
988 2868 1148 2945 inimicae,
1167 2893 1207 2935 ac
1225 2868 1265 2933 de
1282 2859 1372 2948 impei'u

363 2953 448 3017 varia
467 2954 594 3018 fortuna
616 2977 690 3018 cum
711 2955 758 3030 iis,
778 2954 834 3040 qui
857 2967 926 3018 tum
948 2955 1145 3032 obtinebant,
1169 2952 1317 3019 certantis
1348 2942 1370 3006 ΤΞ
1408 2989 1409 3045 p

363 3041 527 3104 concitatis
550 3039 763 3128 popularibus,
779 3039 865 3126 apud
887 3063 977 3127 quos,
996 3040 1117 3105 invidia
1138 3063 1266 3192 regum,
1282 3035 1382 3126 mffll

363 3126 557 3191 auctoritatis
572 3139 648 3202 erat,
664 3126 772 3190 castris
790 3127 894 3212 palam
911 3127 1031 3213 positis,
1047 3126 1167 3192 descen
1193 3149 1247 3192 ere
1262 3135 1370 3210 ΨΜ]
1407 3169 1408 3210 3

364 3212 473 3289 aciem,
490 3235 526 3276 ac
541 3211 691 3277 dimicare
707 3212 747 3276 de
763 3235 862 3299 regno
876 3213 988 3300 coegit.
1034 3211 1075 3276 In
1093 3235 1131 3276 eo
1150 3213 1274 3300 proelio
1287 3211 1372 3297 caps
1407 3225 1408 3267 l

364 3318 438 3361 cum
464 3298 571 3384 multis
596 3299 777 3385 principum
802 3299 938 3363 cecidit:
970 3321 1049 3386 gens
1073 3297 1287 3387 Massylorum
1307 3297 1407 3360 onos?

398 3535 476 3581 aSed
506 3534 591 3582 urbem
620 3536 694 3582 etiam
719 3534 869 3594 proi-imum]
937 3533 1055 3596 5Mupis
1070 3535 1126 3582 iure
1137 3535 1234 3594 qenais,
1247 3546 1310 3596 paim
1323 3532 1373 3594 ΜΤ

366 3596 440 3644 Hanc
455 3599 541 3644 urbem
553 3596 682 3658 Appianas
696 3596 722 3644 in
737 3597 831 3658 Libyco
846 3611 871 3658 p.
904 3599 977 3646 ritate
988 3631 995 3645 .
1007 3633 1014 3644 .
1027 3632 1033 3644 .
1044 3604 1090 3644 aret
1100 3599 1212 3657 uiribus]
1232 3598 1274 3644 Ius
1286 3601 1344 3655 geum
1352 3599 1373 3630 ἢ

365 3663 388 3709 8.
398 3667 468 3708 vocat
478 3658 567 3720 Λόχαν.
585 3661 670 3712 Sicori.
903 3675 958 3722 gem
970 3659 1107 3722 legitimum
1120 3659 1190 3715 scit,
1202 3659 1322 3722 sudauit·
1330 3665 1373 3722 iffi*

398 3726 564 3784 3Eucedere]
585 3724 724 3772 Deflectere
742 3739 756 3771 a
775 3739 800 3772 re
817 3739 870 3786 pro·
903 3723 1014 3784 rabilem,
1026 3723 1087 3772 vires
1103 3729 1243 3785 potentem.
1274 3717 1373 3787 Sisila&

365 3787 452 3848 posits,
461 3789 578 3836 excedere
589 3788 658 3849 quasi
670 3788 759 3836 finibus
770 3787 804 3836 rei
816 3803 870 3849 pro·
902 3787 943 3850 gui
958 3788 1031 3835 debet
1046 3787 1134 3835 horum
1150 3802 1243 3835 rocam
1257 3795 1333 3834 amaia
1342 3787 1374 3822 Μ’

364 3851 464 3911 positae.
483 3851 578 3900 Rusca.
901 3853 989 3914 peritis,
1000 3853 1155 3908 auctoritate,
1166 3853 1267 3900 oirlhua
1283 3849 1345 3895 Cm-

397 3930 412 3972 4
428 3916 540 3986 Repetam
551 3917 585 3964 cd
590 3918 699 3976 fratrem
713 3917 778 3977 repis
787 3917 871 3964 ¹Ociul·
936 3913 952 3964 6
967 3917 1068 3963 Imiidia
1082 3917 1181 3976 rapum]
1201 3909 1375 3962 insedentes>

363 3979 425 4037 scm]
448 3977 558 4026 Similem
576 3979 686 4028 ordinem
706 3979 872 4037 successionis,
905 3978 1034 4028 concitata

364 4044 392 4087 ut
411 4040 437 4087 iii
456 4041 666 4104 demortuiregis,
686 4043 736 4090 sive
756 4042 873 4106 principis
939 4045 1035 4104 7Gene
1056 4043 1223 4104 Massylam
1245 4037 1324 4094 macl
1347 4031 1373 4077 P*

363 4105 446 4150 locum
462 4118 512 4150 non
532 4104 596 4153 filius
615 4106 714 4166 subiret,
731 4107 773 4154 sed
789 4107 872 4166 frater,
904 4112 1002 4154 ternum
1014 4105 1159 4154 Masinissae
1170 4119 1278 4168 regnum.
1307 4100 1372 4146 W

364 4165 390 4212 in
404 4166 527 4228 Hispania
543 4182 640 4228 quoque
656 4176 778 4217 servatum
794 4186 871 4234 appa·
903 4173 950 4232 eyli
965 4171 1083 4232 parebant
1097 4169 1214 4232 Syphaci.
1249 4163 1339 4224 liniq&
1349 4170 1372 4218 i*

364 4235 402 4275 ret
421 4245 485 4291 supr.
504 4229 587 4278 xxviii.
605 4245 643 4279 ai.
677 4233 743 4280 Vide
761 4234 811 4282 alia
829 4249 870 4282 ex·
904 4235 964 4296 pulo
978 4249 1109 4282 commune
1124 4241 1176 4282 erat
1190 4231 1372 4282 Numidas-ti*

364 4293 448 4350 empla
462 4293 530 4352 apud
542 4292 656 4340 Grotium
668 4295 699 4343 de
709 4295 761 4345 iuro
776 4297 835 4346 belli
846 4302 872 4345 et
904 4311 969 4346 men.
987 4299 1068 4347 Gari.

365 4351 466 4409 pacisii.
481 4365 501 4414 7.
514 4369 552 4412 ²4·
570 4355 650 4404 Caar.
