<?xml version="1.0" encoding="UTF-8"?>
<!DOCTYPE html PUBLIC "-//W3C//DTD XHTML 1.0 Transitional//EN"
    "http://www.w3.org/TR/xhtml1/DTD/xhtml1-transitional.dtd">
<html xmlns="http://www.w3.org/1999/xhtml" xml:lang="en" lang="en">
 <head>
  <title>
</title>
<meta http-equiv="Content-Type" content="text/html;charset=utf-8" />
  <meta name='ocr-system' content='tesseract 3.04.00' />
  <meta name='ocr-capabilities' content='ocr_page ocr_carea ocr_par ocr_line ocrx_word'/>
</head>
<body>
  <div class='ocr_page' id='page_1' title='image "./tliviipatavinih00kreygoog_0095.png"; bbox 0 0 2966 4778; ppageno 0'>
   <div class='ocr_carea' id='block_1_1' title="bbox 333 165 996 232">
    <p class='ocr_par' dir='ltr' id='par_1_1' title="bbox 333 165 996 232">
     <span class='ocr_line' id='line_1_1' title="bbox 333 165 996 232; baseline 0.003 -2"><span class='ocrx_word' id='word_1_1' title='bbox 333 172 375 231; x_wconf 82' lang='lat'>84</span> <span class='ocrx_word' id='word_1_2' title='bbox 717 165 830 232; x_wconf 87' lang='grc' dir='ltr'><strong>ΤῙΤΙ</strong></span> <span class='ocrx_word' id='word_1_3' title='bbox 861 165 996 232; x_wconf 92' lang='lat' dir='ltr'>LlVIl</span> 
     </span>
    </p>
   </div>
   <div class='ocr_carea' id='block_1_2' title="bbox 174 301 1430 1662">
    <p class='ocr_par' dir='ltr' id='par_1_2' title="bbox 174 301 1430 1662">
     <span class='ocr_line' id='line_1_2' title="bbox 177 301 1387 390; baseline 0.007 -30"><span class='ocrx_word' id='word_1_4' title='bbox 177 307 211 358; x_wconf 89' lang='lat' dir='ltr'>U.</span> <span class='ocrx_word' id='word_1_5' title='bbox 223 309 253 360; x_wconf 87' lang='lat' dir='ltr'>c.</span> <span class='ocrx_word' id='word_1_6' title='bbox 269 321 324 374; x_wconf 80' lang='lat'>53⁵·</span> <span class='ocrx_word' id='word_1_7' title='bbox 333 304 517 390; x_wconf 85' lang='lat' dir='ltr'>magistrum</span> <span class='ocrx_word' id='word_1_8' title='bbox 553 301 708 390; x_wconf 78' lang='lat' dir='ltr'>delegisse</span> <span class='ocrx_word' id='word_1_9' title='bbox 745 302 908 374; x_wconf 85' lang='lat' dir='ltr'>Romanos</span> <span class='ocrx_word' id='word_1_10' title='bbox 942 316 1136 382; x_wconf 74' lang='lat' dir='ltr'><strong>cernentem,</strong></span> <span class='ocrx_word' id='word_1_11' title='bbox 1172 303 1230 390; x_wconf 91' lang='lat' dir='ltr'>qui</span> <span class='ocrx_word' id='word_1_12' title='bbox 1265 303 1387 369; x_wconf 89' lang='lat' dir='ltr'>bellum</span> 
     </span>
     <span class='ocr_line' id='line_1_3' title="bbox 176 373 1386 486; baseline -0.001 -31"><span class='ocrx_word' id='word_1_13' title='bbox 176 373 253 486; x_wconf 45' lang='grc' dir='ltr'>ᾗῇ·</span> <span class='ocrx_word' id='word_1_14' title='bbox 270 387 324 437; x_wconf 85' lang='lat'>²¹⁷·</span> <span class='ocrx_word' id='word_1_15' title='bbox 333 391 464 467; x_wconf 89' lang='lat' dir='ltr'>ratione,</span> <span class='ocrx_word' id='word_1_16' title='bbox 477 412 540 454; x_wconf 92' lang='lat' dir='ltr'>non</span> <span class='ocrx_word' id='word_1_17' title='bbox 556 390 693 466; x_wconf 86' lang='lat' dir='ltr'>fortuna,</span> <span class='ocrx_word' id='word_1_18' title='bbox 705 401 846 476; x_wconf 85' lang='lat' dir='ltr'>gereret3</span> <span class='ocrx_word' id='word_1_19' title='bbox 870 391 916 454; x_wconf 88' lang='lat' dir='ltr'>ita</span> <span class='ocrx_word' id='word_1_20' title='bbox 929 403 1112 477; x_wconf 89' lang='lat' dir='ltr'>contempta</span> <span class='ocrx_word' id='word_1_21' title='bbox 1120 404 1188 455; x_wconf 89' lang='lat' dir='ltr'>erat</span> <span class='ocrx_word' id='word_1_22' title='bbox 1196 391 1281 455; x_wconf 84' lang='lat' dir='ltr'>inter</span> <span class='ocrx_word' id='word_1_23' title='bbox 1289 391 1386 466; x_wconf 88' lang='lat' dir='ltr'>cives,</span> 
     </span>
     <span class='ocr_line' id='line_1_4' title="bbox 175 476 1387 578; baseline 0.001 -38"><span class='ocrx_word' id='word_1_24' title='bbox 175 503 300 551; x_wconf 72' lang='lat' dir='ltr'>cunensis</span> <span class='ocrx_word' id='word_1_25' title='bbox 333 491 468 542; x_wconf 91' lang='lat' dir='ltr'>armatos</span> <span class='ocrx_word' id='word_1_26' title='bbox 488 476 605 564; x_wconf 87' lang='lat' dir='ltr'>pariter</span> <span class='ocrx_word' id='word_1_27' title='bbox 626 487 831 578; x_wconf 82' lang='lat' dir='ltr'>togatosque3</span> <span class='ocrx_word' id='word_1_28' title='bbox 855 476 967 563; x_wconf 90' lang='lat' dir='ltr'>utique</span> <span class='ocrx_word' id='word_1_29' title='bbox 986 489 1165 564; x_wconf 82' lang='lat' dir='ltr'><strong>postquam,</strong></span> <span class='ocrx_word' id='word_1_30' title='bbox 1182 477 1314 541; x_wconf 79' lang='lat' dir='ltr'><strong>absente</strong></span> <span class='ocrx_word' id='word_1_31' title='bbox 1337 499 1387 554; x_wconf 92' lang='lat' dir='ltr'>eo,</span> 
     </span>
     <span class='ocr_line' id='line_1_5' title="bbox 176 561 1388 650; baseline 0 -22"><span class='ocrx_word' id='word_1_32' title='bbox 176 567 318 641; x_wconf 64' lang='lat' dir='ltr'>somiein·</span> <span class='ocrx_word' id='word_1_33' title='bbox 334 563 511 628; x_wconf 79' lang='lat' dir='ltr'>temeritate</span> <span class='ocrx_word' id='word_1_34' title='bbox 539 563 678 649; x_wconf 76' lang='lat' dir='ltr'>magistri</span> <span class='ocrx_word' id='word_1_35' title='bbox 703 575 857 649; x_wconf 80' lang='lat' dir='ltr'>equitum,</span> <span class='ocrx_word' id='word_1_36' title='bbox 881 562 964 628; x_wconf 90' lang='lat' dir='ltr'>laeto</span> <span class='ocrx_word' id='word_1_37' title='bbox 986 563 1090 628; x_wconf 89' lang='lat' dir='ltr'>verius</span> <span class='ocrx_word' id='word_1_38' title='bbox 1116 561 1263 640; x_wconf 80' lang='lat' dir='ltr'>dixerim,</span> <span class='ocrx_word' id='word_1_39' title='bbox 1288 585 1388 650; x_wconf 89' lang='lat' dir='ltr'>quam</span> 
     </span>
     <span class='ocr_line' id='line_1_6' title="bbox 175 645 1389 749; baseline 0.001 -36"><span class='ocrx_word' id='word_1_40' title='bbox 175 645 233 680; x_wconf 73' lang='lat'>&#39;¹⁸⁸&#39;</span> <span class='ocrx_word' id='word_1_41' title='bbox 333 671 484 736; x_wconf 89' lang='lat' dir='ltr'>prospero</span> <span class='ocrx_word' id='word_1_42' title='bbox 503 662 630 726; x_wconf 86' lang='lat' dir='ltr'>eventu,</span> <span class='ocrx_word' id='word_1_43' title='bbox 650 660 827 749; x_wconf 84' lang='lat' dir='ltr'>pugnatum</span> <span class='ocrx_word' id='word_1_44' title='bbox 847 649 958 713; x_wconf 85' lang='lat' dir='ltr'>fuerat.</span> <span class='ocrx_word' id='word_1_45' title='bbox 1005 649 1214 714; x_wconf 72' lang='lat' dir='ltr'>Aecemerant</span> <span class='ocrx_word' id='word_1_46' title='bbox 1231 649 1316 714; x_wconf 88' lang='lat' dir='ltr'>duae</span> <span class='ocrx_word' id='word_1_47' title='bbox 1337 671 1389 714; x_wconf 89' lang='lat' dir='ltr'>res</span> 
     </span>
     <span class='ocr_line' id='line_1_7' title="bbox 176 734 1389 802; baseline 0.001 -3"><span class='ocrx_word' id='word_1_48' title='bbox 176 736 374 801; x_wconf 71' lang='lat' dir='ltr'>Hannbalisad</span> <span class='ocrx_word' id='word_1_49' title='bbox 404 759 422 800; x_wconf 89' lang='lat' dir='ltr'>a</span> <span class='ocrx_word' id='word_1_50' title='bbox 485 735 581 800; x_wconf 89' lang='lat' dir='ltr'>ndam</span> <span class='ocrx_word' id='word_1_51' title='bbox 611 735 763 799; x_wconf 80' lang='lat' dir='ltr'>invidiam</span> <span class='ocrx_word' id='word_1_52' title='bbox 792 734 971 802; x_wconf 85' lang='lat' dir='ltr'>dictatoris:</span> <span class='ocrx_word' id='word_1_53' title='bbox 1009 758 1075 800; x_wconf 88' lang='lat' dir='ltr'>una</span> <span class='ocrx_word' id='word_1_54' title='bbox 1102 735 1212 801; x_wconf 85' lang='lat' dir='ltr'>fraude</span> <span class='ocrx_word' id='word_1_55' title='bbox 1242 759 1280 800; x_wconf 90' lang='lat' dir='ltr'>ac</span> <span class='ocrx_word' id='word_1_56' title='bbox 1310 735 1389 800; x_wconf 91' lang='lat' dir='ltr'>dolo</span> 
     </span>
     <span class='ocr_line' id='line_1_8' title="bbox 174 817 1430 910; baseline -0.001 -24"><span class='ocrx_word' id='word_1_57' title='bbox 174 817 289 865; x_wconf 71' lang='lat' dir='ltr'>uoluam</span> <span class='ocrx_word' id='word_1_58' title='bbox 334 821 445 886; x_wconf 89' lang='lat' dir='ltr'>Hanni</span> <span class='ocrx_word' id='word_1_59' title='bbox 468 821 534 900; x_wconf 90' lang='lat' dir='ltr'>alis,</span> <span class='ocrx_word' id='word_1_60' title='bbox 550 820 648 909; x_wconf 93' lang='lat' dir='ltr'>quod,</span> <span class='ocrx_word' id='word_1_61' title='bbox 664 843 764 909; x_wconf 91' lang='lat' dir='ltr'>quum</span> <span class='ocrx_word' id='word_1_62' title='bbox 782 820 955 909; x_wconf 84' lang='lat' dir='ltr'>aperfugis</span> <span class='ocrx_word' id='word_1_63' title='bbox 970 821 1000 886; x_wconf 91' lang='lat' dir='ltr'>ei</span> <span class='ocrx_word' id='word_1_64' title='bbox 1021 834 1211 886; x_wconf 90' lang='lat' dir='ltr'>monstratus</span> <span class='ocrx_word' id='word_1_65' title='bbox 1226 845 1304 910; x_wconf 90' lang='lat' dir='ltr'>ager</span> <span class='ocrx_word' id='word_1_66' title='bbox 1317 821 1389 886; x_wconf 89' lang='lat' dir='ltr'>dic·</span> <span class='ocrx_word' id='word_1_67' title='bbox 1427 827 1430 830; x_wconf 78' lang='grc'>’</span> 
     </span>
     <span class='ocr_line' id='line_1_9' title="bbox 174 882 1387 992; baseline -0.002 -18"><span class='ocrx_word' id='word_1_68' title='bbox 174 882 313 992; x_wconf 48' lang='lat' dir='ltr'>mig?</span> <span class='ocrx_word' id='word_1_69' title='bbox 333 910 442 974; x_wconf 86' lang='lat' dir='ltr'>tatoris</span> <span class='ocrx_word' id='word_1_70' title='bbox 457 921 547 986; x_wconf 84' lang='lat' dir='ltr'>esset,</span> <span class='ocrx_word' id='word_1_71' title='bbox 564 908 711 974; x_wconf 89' lang='lat' dir='ltr'>omnibus</span> <span class='ocrx_word' id='word_1_72' title='bbox 722 907 807 972; x_wconf 87' lang='lat' dir='ltr'>circa</span> <span class='ocrx_word' id='word_1_73' title='bbox 820 906 887 972; x_wconf 92' lang='lat' dir='ltr'>solo</span> <span class='ocrx_word' id='word_1_74' title='bbox 904 931 941 972; x_wconf 89' lang='lat' dir='ltr'>ae</span> <span class='ocrx_word' id='word_1_75' title='bbox 966 907 1056 985; x_wconf 88' lang='lat' dir='ltr'>uatis,</span> <span class='ocrx_word' id='word_1_76' title='bbox 1073 909 1113 973; x_wconf 88' lang='lat' dir='ltr'>ab</span> <span class='ocrx_word' id='word_1_77' title='bbox 1128 931 1194 972; x_wconf 89' lang='lat' dir='ltr'>uno</span> <span class='ocrx_word' id='word_1_78' title='bbox 1211 931 1250 974; x_wconf 95' lang='lat' dir='ltr'>eo</span> <span class='ocrx_word' id='word_1_79' title='bbox 1264 909 1387 974; x_wconf 81' lang='lat' dir='ltr'>fenum</span> 
     </span>
     <span class='ocr_line' id='line_1_10' title="bbox 174 994 1411 1083; baseline 0.001 -27"><span class='ocrx_word' id='word_1_80' title='bbox 174 1007 306 1058; x_wconf 71' lang='lat' dir='ltr'>dicamas</span> <span class='ocrx_word' id='word_1_81' title='bbox 334 995 341 1010; x_wconf 76' lang='lat'>⁸</span> <span class='ocrx_word' id='word_1_82' title='bbox 389 1018 505 1083; x_wconf 84' lang='lat' dir='ltr'>amque</span> <span class='ocrx_word' id='word_1_83' title='bbox 520 1007 553 1059; x_wconf 86' lang='lat' dir='ltr'>et</span> <span class='ocrx_word' id='word_1_84' title='bbox 563 996 628 1058; x_wconf 81' lang='lat' dir='ltr'>vim</span> <span class='ocrx_word' id='word_1_85' title='bbox 644 1015 771 1059; x_wconf 90' lang='lat' dir='ltr'>omnem</span> <span class='ocrx_word' id='word_1_86' title='bbox 783 994 922 1058; x_wconf 87' lang='lat' dir='ltr'>hostiurn</span> <span class='ocrx_word' id='word_1_87' title='bbox 938 1017 957 1058; x_wconf 88' lang='lat' dir='ltr'>a</span> <span class='ocrx_word' id='word_1_88' title='bbox 994 995 1087 1059; x_wconf 92' lang='lat' dir='ltr'>tineri</span> <span class='ocrx_word' id='word_1_89' title='bbox 1103 995 1202 1072; x_wconf 88' lang='lat' dir='ltr'>iussit,</span> <span class='ocrx_word' id='word_1_90' title='bbox 1215 1008 1251 1060; x_wconf 90' lang='lat' dir='ltr'>ut</span> <span class='ocrx_word' id='word_1_91' title='bbox 1266 994 1411 1060; x_wconf 82' lang='lat' dir='ltr'>oecultis</span> 
     </span>
     <span class='ocr_line' id='line_1_11' title="bbox 332 1017 1387 1168; baseline 0 -22"><span class='ocrx_word' id='word_1_92' title='bbox 332 1017 465 1146; x_wconf 70' lang='lat' dir='ltr'>blibmus</span> <span class='ocrx_word' id='word_1_93' title='bbox 486 1081 571 1168; x_wconf 92' lang='lat' dir='ltr'>pacti</span> <span class='ocrx_word' id='word_1_94' title='bbox 590 1104 628 1146; x_wconf 93' lang='lat' dir='ltr'>ea</span> <span class='ocrx_word' id='word_1_95' title='bbox 647 1103 768 1146; x_wconf 85' lang='lat' dir='ltr'>merces</span> <span class='ocrx_word' id='word_1_96' title='bbox 782 1080 883 1145; x_wconf 89' lang='lat' dir='ltr'>videri</span> <span class='ocrx_word' id='word_1_97' title='bbox 905 1093 1028 1168; x_wconf 87' lang='lat' dir='ltr'>posset:</span> <span class='ocrx_word' id='word_1_98' title='bbox 1052 1080 1151 1147; x_wconf 88' lang='lat' dir='ltr'>alters</span> <span class='ocrx_word' id='word_1_99' title='bbox 1170 1080 1269 1168; x_wconf 88' lang='lat' dir='ltr'>ipsius</span> <span class='ocrx_word' id='word_1_100' title='bbox 1290 1081 1387 1158; x_wconf 83' lang='lat' dir='ltr'>fac&#39;to,</span> 
     </span>
     <span class='ocr_line' id='line_1_12' title="bbox 331 1166 1388 1255; baseline 0 -23"><span class='ocrx_word' id='word_1_101' title='bbox 331 1168 434 1255; x_wconf 91' lang='lat' dir='ltr'>primo</span> <span class='ocrx_word' id='word_1_102' title='bbox 456 1167 585 1232; x_wconf 79' lang='lat' dir='ltr'>forsitan</span> <span class='ocrx_word' id='word_1_103' title='bbox 611 1166 719 1243; x_wconf 91' lang='lat' dir='ltr'>dubio,</span> <span class='ocrx_word' id='word_1_104' title='bbox 742 1167 818 1253; x_wconf 88' lang='lat' dir='ltr'>quia</span> <span class='ocrx_word' id='word_1_105' title='bbox 839 1189 905 1231; x_wconf 95' lang='lat' dir='ltr'>non</span> <span class='ocrx_word' id='word_1_106' title='bbox 927 1179 1109 1254; x_wconf 84' lang='lat' dir='ltr'>exspectata</span> <span class='ocrx_word' id='word_1_107' title='bbox 1133 1167 1168 1231; x_wconf 91' lang='lat' dir='ltr'>in</span> <span class='ocrx_word' id='word_1_108' title='bbox 1193 1189 1232 1232; x_wconf 95' lang='lat' dir='ltr'>eo</span> <span class='ocrx_word' id='word_1_109' title='bbox 1254 1181 1388 1233; x_wconf 89' lang='lat' dir='ltr'>senatus</span> 
     </span>
     <span class='ocr_line' id='line_1_13' title="bbox 332 1252 1387 1340; baseline 0 -22"><span class='ocrx_word' id='word_1_110' title='bbox 332 1254 501 1318; x_wconf 88' lang='lat' dir='ltr'>auctoritas</span> <span class='ocrx_word' id='word_1_111' title='bbox 522 1267 589 1330; x_wconf 85' lang='lat' dir='ltr'>est3</span> <span class='ocrx_word' id='word_1_112' title='bbox 612 1253 653 1318; x_wconf 90' lang='lat' dir='ltr'>ad</span> <span class='ocrx_word' id='word_1_113' title='bbox 675 1267 854 1318; x_wconf 84' lang='lat' dir='ltr'>extremum</span> <span class='ocrx_word' id='word_1_114' title='bbox 876 1252 963 1317; x_wconf 87' lang='lat' dir='ltr'>haud</span> <span class='ocrx_word' id='word_1_115' title='bbox 984 1253 1132 1340; x_wconf 83' lang='lat' dir='ltr'>ambigue</span> <span class='ocrx_word' id='word_1_116' title='bbox 1154 1254 1188 1317; x_wconf 89' lang='lat' dir='ltr'>in</span> <span class='ocrx_word' id='word_1_117' title='bbox 1210 1255 1387 1318; x_wconf 82' lang='lat' dir='ltr'>maximam</span> 
     </span>
     <span class='ocr_line' id='line_1_14' title="bbox 331 1339 1388 1427; baseline 0.002 -24"><span class='ocrx_word' id='word_1_118' title='bbox 331 1339 459 1406; x_wconf 88' lang='lat' dir='ltr'>laudem</span> <span class='ocrx_word' id='word_1_119' title='bbox 481 1362 581 1418; x_wconf 86' lang='lat' dir='ltr'>verso,</span> <span class='ocrx_word' id='word_1_120' title='bbox 597 1339 632 1404; x_wconf 92' lang='lat' dir='ltr'>in</span> <span class='ocrx_word' id='word_1_121' title='bbox 649 1339 867 1426; x_wconf 81' lang='lat' dir='ltr'>permutandis</span> <span class='ocrx_word' id='word_1_122' title='bbox 887 1340 1034 1427; x_wconf 87' lang='lat' dir='ltr'>captivis:</span> <span class='ocrx_word' id='word_1_123' title='bbox 1059 1339 1157 1427; x_wconf 92' lang='lat' dir='ltr'>quod,</span> <span class='ocrx_word' id='word_1_124' title='bbox 1175 1340 1257 1405; x_wconf 87' lang='lat' dir='ltr'>sicut</span> <span class='ocrx_word' id='word_1_125' title='bbox 1280 1341 1388 1427; x_wconf 89' lang='lat' dir='ltr'>primo</span> 
     </span>
     <span class='ocr_line' id='line_1_15' title="bbox 331 1425 1387 1503; baseline -0.001 -12"><span class='ocrx_word' id='word_1_126' title='bbox 331 1426 456 1492; x_wconf 89' lang='lat' dir='ltr'>Punico</span> <span class='ocrx_word' id='word_1_127' title='bbox 470 1425 554 1492; x_wconf 89' lang='lat' dir='ltr'>bello</span> <span class='ocrx_word' id='word_1_128' title='bbox 565 1427 683 1492; x_wconf 87' lang='lat' dir='ltr'>factum</span> <span class='ocrx_word' id='word_1_129' title='bbox 699 1439 775 1503; x_wconf 80' lang='lat' dir='ltr'>erat,</span> <span class='ocrx_word' id='word_1_130' title='bbox 788 1439 979 1490; x_wconf 89' lang='lat' dir='ltr'>convenerat</span> <span class='ocrx_word' id='word_1_131' title='bbox 993 1427 1078 1491; x_wconf 91' lang='lat' dir='ltr'>inter</span> <span class='ocrx_word' id='word_1_132' title='bbox 1092 1427 1189 1490; x_wconf 88' lang='lat' dir='ltr'>duces</span> <span class='ocrx_word' id='word_1_133' title='bbox 1199 1425 1387 1491; x_wconf 88' lang='lat' dir='ltr'>Romanum</span> 
     </span>
     <span class='ocr_line' id='line_1_16' title="bbox 332 1511 1386 1662; baseline -0.001 -84"><span class='ocrx_word' id='word_1_134' title='bbox 332 1511 554 1600; x_wconf 90' lang='lat' dir='ltr'>Poenumque,</span> <span class='ocrx_word' id='word_1_135' title='bbox 579 1525 625 1590; x_wconf 84' lang='lat' dir='ltr'>ut,</span> <span class='ocrx_word' id='word_1_136' title='bbox 652 1535 733 1598; x_wconf 91' lang='lat' dir='ltr'>quae</span> <span class='ocrx_word' id='word_1_137' title='bbox 762 1535 834 1662; x_wconf 77' lang='lat' dir='ltr'>pars</span> <span class='ocrx_word' id='word_1_138' title='bbox 863 1511 935 1599; x_wconf 90' lang='lat' dir='ltr'>plus</span> <span class='ocrx_word' id='word_1_139' title='bbox 964 1513 1128 1599; x_wconf 84' lang='lat' dir='ltr'>reciperet,</span> <span class='ocrx_word' id='word_1_140' title='bbox 1155 1535 1252 1599; x_wconf 88' lang='lat' dir='ltr'>quarn</span> <span class='ocrx_word' id='word_1_141' title='bbox 1282 1512 1386 1590; x_wconf 86' lang='lat' dir='ltr'>daret,</span> 
     </span>
    </p>
   </div>
   <div class='ocr_carea' id='block_1_3' title="bbox 75 1598 1410 1686">
    <p class='ocr_par' dir='ltr' id='par_1_3' title="bbox 75 1598 1410 1686">
     <span class='ocr_line' id='line_1_17' title="bbox 75 1598 1410 1686; baseline 0.011 -32"><span class='ocrx_word' id='word_1_142' title='bbox 75 1651 77 1654; x_wconf 84' lang='lat'>.</span> <span class='ocrx_word' id='word_1_143' title='bbox 175 1605 317 1670; x_wconf 72' lang='lat' dir='ltr'>Fabiusps</span> <span class='ocrx_word' id='word_1_144' title='bbox 332 1598 577 1686; x_wconf 86' lang='lat' dir='ltr'>argentipondo</span> <span class='ocrx_word' id='word_1_145' title='bbox 599 1599 866 1663; x_wconf 87' lang='lat' dir='ltr'>binaetseibrss</span> <span class='ocrx_word' id='word_1_146' title='bbox 881 1599 914 1661; x_wconf 92' lang='lat' dir='ltr'>in</span> <span class='ocrx_word' id='word_1_147' title='bbox 930 1599 1063 1664; x_wconf 90' lang='lat' dir='ltr'>militem</span> <span class='ocrx_word' id='word_1_148' title='bbox 1106 1611 1264 1667; x_wconf 80' lang='lat' dir='ltr'>raestaret</span> <span class='ocrx_word' id='word_1_149' title='bbox 1312 1599 1410 1669; x_wconf 84' lang='lat' dir='ltr'>Dn·9</span> 
     </span>
    </p>
   </div>
   <div class='ocr_carea' id='block_1_4' title="bbox 172 1671 1405 3320">
    <p class='ocr_par' dir='ltr' id='par_1_4' title="bbox 173 1671 1405 2182">
     <span class='ocr_line' id='line_1_18' title="bbox 174 1671 1387 1773; baseline 0.002 -25"><span class='ocrx_word' id='word_1_150' title='bbox 174 1671 302 1748; x_wconf 70' lang='lat' dir='ltr'>⁰⁰¹¹¹i⁵¹¹⁸</span> <span class='ocrx_word' id='word_1_151' title='bbox 333 1699 442 1750; x_wconf 91' lang='lat' dir='ltr'>centos</span> <span class='ocrx_word' id='word_1_152' title='bbox 464 1685 674 1773; x_wconf 87' lang='lat' dir='ltr'>quadraginta</span> <span class='ocrx_word' id='word_1_153' title='bbox 695 1699 817 1772; x_wconf 88' lang='lat' dir='ltr'>septem</span> <span class='ocrx_word' id='word_1_154' title='bbox 839 1707 940 1771; x_wconf 92' lang='lat' dir='ltr'>quum</span> <span class='ocrx_word' id='word_1_155' title='bbox 961 1685 1068 1771; x_wconf 92' lang='lat' dir='ltr'>plures</span> <span class='ocrx_word' id='word_1_156' title='bbox 1121 1707 1263 1764; x_wconf 88' lang='lat' dir='ltr'>omanus,</span> <span class='ocrx_word' id='word_1_157' title='bbox 1286 1709 1387 1773; x_wconf 91' lang='lat' dir='ltr'>quam</span> 
     </span>
     <span class='ocr_line' id='line_1_19' title="bbox 173 1743 1387 1859; baseline 0 -23"><span class='ocrx_word' id='word_1_158' title='bbox 173 1743 285 1850; x_wconf 46' lang='lat' dir='ltr'>ma?</span> <span class='ocrx_word' id='word_1_159' title='bbox 332 1771 471 1849; x_wconf 87' lang='lat' dir='ltr'>Poenus,</span> <span class='ocrx_word' id='word_1_160' title='bbox 483 1773 662 1859; x_wconf 81' lang='lat' dir='ltr'>recepisset,</span> <span class='ocrx_word' id='word_1_161' title='bbox 675 1785 905 1858; x_wconf 81' lang='lat' dir='ltr'>argentumque</span> <span class='ocrx_word' id='word_1_162' title='bbox 917 1793 975 1858; x_wconf 91' lang='lat' dir='ltr'>pro</span> <span class='ocrx_word' id='word_1_163' title='bbox 986 1772 1026 1836; x_wconf 90' lang='lat' dir='ltr'>iis</span> <span class='ocrx_word' id='word_1_164' title='bbox 1040 1771 1193 1848; x_wconf 90' lang='lat' dir='ltr'>debitum,</span> <span class='ocrx_word' id='word_1_165' title='bbox 1208 1793 1304 1859; x_wconf 86' lang='lat' dir='ltr'>saepe</span> <span class='ocrx_word' id='word_1_166' title='bbox 1319 1773 1387 1837; x_wconf 90' lang='lat' dir='ltr'>iac-</span> 
     </span>
     <span class='ocr_line' id='line_1_20' title="bbox 332 1857 1386 1944; baseline -0.001 -20"><span class='ocrx_word' id='word_1_167' title='bbox 332 1871 398 1924; x_wconf 87' lang='lat' dir='ltr'>tata</span> <span class='ocrx_word' id='word_1_168' title='bbox 411 1858 446 1922; x_wconf 90' lang='lat' dir='ltr'>in</span> <span class='ocrx_word' id='word_1_169' title='bbox 461 1869 572 1923; x_wconf 89' lang='lat' dir='ltr'>senatu</span> <span class='ocrx_word' id='word_1_170' title='bbox 590 1881 634 1935; x_wconf 90' lang='lat' dir='ltr'>re,</span> <span class='ocrx_word' id='word_1_171' title='bbox 651 1857 803 1944; x_wconf 90' lang='lat' dir='ltr'>quoniam</span> <span class='ocrx_word' id='word_1_172' title='bbox 817 1879 884 1921; x_wconf 93' lang='lat' dir='ltr'>non</span> <span class='ocrx_word' id='word_1_173' title='bbox 899 1857 1108 1923; x_wconf 89' lang='lat' dir='ltr'>consuluisset</span> <span class='ocrx_word' id='word_1_174' title='bbox 1123 1858 1246 1936; x_wconf 88' lang='lat' dir='ltr'>Patres,</span> <span class='ocrx_word' id='word_1_175' title='bbox 1262 1858 1386 1923; x_wconf 84' lang='lat' dir='ltr'>tardius</span> 
     </span>
     <span class='ocr_line' id='line_1_21' title="bbox 330 1943 1385 2046; baseline 0 -37"><span class='ocrx_word' id='word_1_176' title='bbox 330 1958 530 2046; x_wconf 73' lang='lat' dir='ltr'>erogaretur:</span> <span class='ocrx_word' id='word_1_177' title='bbox 561 1943 747 2008; x_wconf 89' lang='lat' dir='ltr'>inviolatum</span> <span class='ocrx_word' id='word_1_178' title='bbox 778 1945 817 2007; x_wconf 90' lang='lat' dir='ltr'>ab</span> <span class='ocrx_word' id='word_1_179' title='bbox 847 1943 937 2008; x_wconf 88' lang='lat' dir='ltr'>hoste</span> <span class='ocrx_word' id='word_1_180' title='bbox 967 1966 1087 2031; x_wconf 90' lang='lat' dir='ltr'>agrum,</span> <span class='ocrx_word' id='word_1_181' title='bbox 1118 1945 1213 2008; x_wconf 90' lang='lat' dir='ltr'>misso</span> <span class='ocrx_word' id='word_1_182' title='bbox 1244 1944 1385 2009; x_wconf 81' lang='lat' dir='ltr'>Romam</span> 
     </span>
     <span class='ocr_line' id='line_1_22' title="bbox 334 2029 1405 2182; baseline -0.006 -86"><span class='ocrx_word' id='word_1_183' title='bbox 334 2029 457 2182; x_wconf 73' lang='lat' dir='ltr'>Qurrlrto</span> <span class='ocrx_word' id='word_1_184' title='bbox 472 2031 548 2108; x_wconf 87' lang='lat' dir='ltr'>filio,</span> <span class='ocrx_word' id='word_1_185' title='bbox 561 2029 714 2107; x_wconf 86' lang='lat' dir='ltr'>vendidit,</span> <span class='ocrx_word' id='word_1_186' title='bbox 726 2029 888 2116; x_wconf 89' lang='lat' dir='ltr'>fidemque</span> <span class='ocrx_word' id='word_1_187' title='bbox 904 2030 1063 2116; x_wconf 89' lang='lat' dir='ltr'>publicam</span> <span class='ocrx_word' id='word_1_188' title='bbox 1080 2029 1244 2117; x_wconf 90' lang='lat' dir='ltr'>impendio</span> <span class='ocrx_word' id='word_1_189' title='bbox 1258 2031 1405 2118; x_wconf 74' lang='lat' dir='ltr'>privator</span> 
     </span>
    </p>

    <p class='ocr_par' dir='ltr' id='par_1_5' title="bbox 172 2117 1385 3320">
     <span class='ocr_line' id='line_1_23' title="bbox 330 2117 472 2184; baseline 0.014 -2"><span class='ocrx_word' id='word_1_190' title='bbox 330 2117 472 2184; x_wconf 82' lang='lat' dir='ltr'>exserit</span> 
     </span>
     <span class='ocr_line' id='line_1_24' title="bbox 374 2204 1385 2355; baseline 0.001 -86"><span class='ocrx_word' id='word_1_191' title='bbox 374 2204 537 2270; x_wconf 88' lang='lat' dir='ltr'>Hannibal</span> <span class='ocrx_word' id='word_1_192' title='bbox 555 2229 613 2294; x_wconf 93' lang='lat' dir='ltr'>pro</span> <span class='ocrx_word' id='word_1_193' title='bbox 635 2204 770 2270; x_wconf 89' lang='lat' dir='ltr'>Geronii</span> <span class='ocrx_word' id='word_1_194' title='bbox 790 2204 965 2282; x_wconf 89' lang='lat' dir='ltr'>moenibus,</span> <span class='ocrx_word' id='word_1_195' title='bbox 980 2205 1071 2269; x_wconf 86' lang='lat' dir='ltr'>cuius</span> <span class='ocrx_word' id='word_1_196' title='bbox 1091 2205 1187 2282; x_wconf 89' lang='lat' dir='ltr'>urbis,</span> <span class='ocrx_word' id='word_1_197' title='bbox 1203 2217 1314 2355; x_wconf 68' lang='lat' dir='ltr'>captae</span> <span class='ocrx_word' id='word_1_198' title='bbox 1335 2219 1385 2286; x_wconf 83' lang='lat' dir='ltr'>at·</span> 
     </span>
     <span class='ocr_line' id='line_1_25' title="bbox 331 2289 1384 2378; baseline 0.002 -23"><span class='ocrx_word' id='word_1_199' title='bbox 331 2312 394 2377; x_wconf 93' lang='lat' dir='ltr'>que</span> <span class='ocrx_word' id='word_1_200' title='bbox 417 2292 564 2357; x_wconf 83' lang='lat' dir='ltr'>incensae</span> <span class='ocrx_word' id='word_1_201' title='bbox 587 2293 627 2356; x_wconf 91' lang='lat' dir='ltr'>ab</span> <span class='ocrx_word' id='word_1_202' title='bbox 649 2315 692 2368; x_wconf 93' lang='lat' dir='ltr'>se,</span> <span class='ocrx_word' id='word_1_203' title='bbox 711 2291 745 2355; x_wconf 91' lang='lat' dir='ltr'>in</span> <span class='ocrx_word' id='word_1_204' title='bbox 767 2313 859 2355; x_wconf 88' lang='lat' dir='ltr'>usum</span> <span class='ocrx_word' id='word_1_205' title='bbox 881 2289 1067 2355; x_wconf 91' lang='lat' dir='ltr'>horreorum</span> <span class='ocrx_word' id='word_1_206' title='bbox 1088 2313 1190 2378; x_wconf 87' lang='lat' dir='ltr'>pauca</span> <span class='ocrx_word' id='word_1_207' title='bbox 1210 2314 1244 2358; x_wconf 90' lang='lat' dir='ltr'>re</span> <span class='ocrx_word' id='word_1_208' title='bbox 1258 2292 1384 2378; x_wconf 83' lang='lat' dir='ltr'>‘querat</span> 
     </span>
     <span class='ocr_line' id='line_1_26' title="bbox 331 2375 1384 2454; baseline 0.001 -13"><span class='ocrx_word' id='word_1_209' title='bbox 331 2390 424 2454; x_wconf 86' lang='lat' dir='ltr'>tecta,</span> <span class='ocrx_word' id='word_1_210' title='bbox 448 2378 483 2441; x_wconf 95' lang='lat' dir='ltr'>in</span> <span class='ocrx_word' id='word_1_211' title='bbox 505 2377 626 2442; x_wconf 87' lang='lat' dir='ltr'>stativis</span> <span class='ocrx_word' id='word_1_212' title='bbox 647 2392 721 2442; x_wconf 89' lang='lat' dir='ltr'>erat.</span> <span class='ocrx_word' id='word_1_213' title='bbox 768 2375 850 2440; x_wconf 92' lang='lat' dir='ltr'>Inde</span> <span class='ocrx_word' id='word_1_214' title='bbox 872 2376 1099 2446; x_wconf 82' lang='lat' dir='ltr'>frumentatum</span> <span class='ocrx_word' id='word_1_215' title='bbox 1121 2377 1201 2442; x_wconf 85' lang='lat' dir='ltr'>duas</span> <span class='ocrx_word' id='word_1_216' title='bbox 1222 2379 1384 2442; x_wconf 86' lang='lat' dir='ltr'>exereitus</span> 
     </span>
     <span class='ocr_line' id='line_1_27' title="bbox 331 2463 1383 2551; baseline 0.003 -25"><span class='ocrx_word' id='word_1_217' title='bbox 331 2470 436 2549; x_wconf 82' lang='lat' dir='ltr'>partes</span> <span class='ocrx_word' id='word_1_218' title='bbox 451 2463 613 2527; x_wconf 87' lang='lat' dir='ltr'>mittebat:</span> <span class='ocrx_word' id='word_1_219' title='bbox 636 2485 711 2527; x_wconf 90' lang='lat' dir='ltr'>eum</span> <span class='ocrx_word' id='word_1_220' title='bbox 731 2463 824 2527; x_wconf 89' lang='lat' dir='ltr'>tertia</span> <span class='ocrx_word' id='word_1_221' title='bbox 843 2463 910 2550; x_wconf 92' lang='lat' dir='ltr'>ipse</span> <span class='ocrx_word' id='word_1_222' title='bbox 931 2464 1082 2551; x_wconf 86' lang='lat' dir='ltr'>expedita</span> <span class='ocrx_word' id='word_1_223' title='bbox 1103 2463 1137 2527; x_wconf 90' lang='lat' dir='ltr'>in</span> <span class='ocrx_word' id='word_1_224' title='bbox 1152 2464 1287 2528; x_wconf 85' lang='lat' dir='ltr'>statione</span> <span class='ocrx_word' id='word_1_225' title='bbox 1303 2478 1383 2542; x_wconf 85' lang='lat' dir='ltr'>erat,</span> 
     </span>
     <span class='ocr_line' id='line_1_28' title="bbox 331 2548 1384 2637; baseline 0.001 -23"><span class='ocrx_word' id='word_1_226' title='bbox 331 2549 425 2614; x_wconf 91' lang='lat' dir='ltr'>simul</span> <span class='ocrx_word' id='word_1_227' title='bbox 440 2549 548 2614; x_wconf 84' lang='lat' dir='ltr'>eastris</span> <span class='ocrx_word' id='word_1_228' title='bbox 562 2548 729 2636; x_wconf 89' lang='lat' dir='ltr'>praesidio,</span> <span class='ocrx_word' id='word_1_229' title='bbox 746 2561 779 2613; x_wconf 93' lang='lat' dir='ltr'>et</span> <span class='ocrx_word' id='word_1_230' title='bbox 793 2548 1068 2636; x_wconf 83' lang='lat' dir='ltr'>circumspectans,</span> <span class='ocrx_word' id='word_1_231' title='bbox 1080 2550 1229 2614; x_wconf 89' lang='lat' dir='ltr'>necunde</span> <span class='ocrx_word' id='word_1_232' title='bbox 1243 2551 1384 2637; x_wconf 89' lang='lat' dir='ltr'>impetus</span> 
     </span>
     <span class='ocr_line' id='line_1_29' title="bbox 221 2634 1384 2724; baseline 0.003 -27"><span class='ocrx_word' id='word_1_233' title='bbox 221 2648 272 2706; x_wconf 76' lang='lat'>24.</span> <span class='ocrx_word' id='word_1_234' title='bbox 331 2635 366 2698; x_wconf 90' lang='lat' dir='ltr'>in</span> <span class='ocrx_word' id='word_1_235' title='bbox 387 2635 629 2700; x_wconf 85' lang='lat' dir='ltr'>frumentatores</span> <span class='ocrx_word' id='word_1_236' title='bbox 650 2635 749 2700; x_wconf 88' lang='lat' dir='ltr'>fieret.</span> <span class='ocrx_word' id='word_1_237' title='bbox 797 2634 962 2700; x_wconf 88' lang='lat' dir='ltr'>Romanus</span> <span class='ocrx_word' id='word_1_238' title='bbox 985 2648 1061 2700; x_wconf 90' lang='lat' dir='ltr'>tunc</span> <span class='ocrx_word' id='word_1_239' title='bbox 1084 2636 1241 2702; x_wconf 86' lang='lat' dir='ltr'>exereitus</span> <span class='ocrx_word' id='word_1_240' title='bbox 1256 2637 1290 2700; x_wconf 91' lang='lat' dir='ltr'>in</span> <span class='ocrx_word' id='word_1_241' title='bbox 1306 2659 1384 2724; x_wconf 88' lang='lat' dir='ltr'>agro</span> 
     </span>
     <span class='ocr_line' id='line_1_30' title="bbox 333 2720 1384 2811; baseline 0.004 -27"><span class='ocrx_word' id='word_1_242' title='bbox 333 2720 475 2785; x_wconf 90' lang='lat' dir='ltr'>Larinati</span> <span class='ocrx_word' id='word_1_243' title='bbox 491 2733 565 2786; x_wconf 75' lang='lat' dir='ltr'>erat.</span> <span class='ocrx_word' id='word_1_244' title='bbox 611 2720 761 2786; x_wconf 85' lang='lat' dir='ltr'>Praeerat</span> <span class='ocrx_word' id='word_1_245' title='bbox 782 2720 947 2786; x_wconf 89' lang='lat' dir='ltr'>Minucius</span> <span class='ocrx_word' id='word_1_246' title='bbox 1042 2723 1116 2787; x_wconf 86' lang='lat' dir='ltr'>&#39;ster</span> <span class='ocrx_word' id='word_1_247' title='bbox 1137 2723 1293 2810; x_wconf 90' lang='lat' dir='ltr'>equitum,</span> <span class='ocrx_word' id='word_1_248' title='bbox 1308 2746 1384 2811; x_wconf 89' lang='lat' dir='ltr'>pro-</span> 
     </span>
     <span class='ocr_line' id='line_1_31' title="bbox 175 2807 1383 2885; baseline -0.002 -9"><span class='ocrx_word' id='word_1_249' title='bbox 175 2807 609 2885; x_wconf 67' lang='lat' dir='ltr'>aasaanafectasicutante</span> <span class='ocrx_word' id='word_1_250' title='bbox 625 2807 819 2884; x_wconf 88' lang='lat' dir='ltr'>dictumest,</span> <span class='ocrx_word' id='word_1_251' title='bbox 835 2807 876 2872; x_wconf 88' lang='lat' dir='ltr'>ad</span> <span class='ocrx_word' id='word_1_252' title='bbox 894 2808 1004 2872; x_wconf 91' lang='lat' dir='ltr'>urbem</span> <span class='ocrx_word' id='word_1_253' title='bbox 1044 2808 1183 2874; x_wconf 79' lang='lat' dir='ltr'>&#39;etatore</span> <span class='ocrx_word' id='word_1_254' title='bbox 1226 2807 1383 2874; x_wconf 87' lang='lat' dir='ltr'>Ceterum</span> 
     </span>
     <span class='ocr_line' id='line_1_32' title="bbox 174 2889 1383 2982; baseline 0.002 -24"><span class='ocrx_word' id='word_1_255' title='bbox 174 2889 300 2940; x_wconf 78' lang='lat' dir='ltr'>Minucius</span> <span class='ocrx_word' id='word_1_256' title='bbox 332 2906 441 2972; x_wconf 86' lang='lat' dir='ltr'>castra,</span> <span class='ocrx_word' id='word_1_257' title='bbox 457 2916 538 2980; x_wconf 89' lang='lat' dir='ltr'>quae</span> <span class='ocrx_word' id='word_1_258' title='bbox 554 2894 588 2958; x_wconf 93' lang='lat' dir='ltr'>in</span> <span class='ocrx_word' id='word_1_259' title='bbox 604 2908 712 2958; x_wconf 91' lang='lat' dir='ltr'>monte</span> <span class='ocrx_word' id='word_1_260' title='bbox 731 2893 795 2958; x_wconf 92' lang='lat' dir='ltr'>alto</span> <span class='ocrx_word' id='word_1_261' title='bbox 817 2916 854 2958; x_wconf 87' lang='lat' dir='ltr'>ac</span> <span class='ocrx_word' id='word_1_262' title='bbox 869 2906 939 2959; x_wconf 90' lang='lat' dir='ltr'>tuto</span> <span class='ocrx_word' id='word_1_263' title='bbox 959 2894 1029 2959; x_wconf 91' lang='lat' dir='ltr'>loco</span> <span class='ocrx_word' id='word_1_264' title='bbox 1051 2895 1153 2982; x_wconf 89' lang='lat' dir='ltr'>posita</span> <span class='ocrx_word' id='word_1_265' title='bbox 1167 2895 1302 2974; x_wconf 89' lang='lat' dir='ltr'>fuerant,</span> <span class='ocrx_word' id='word_1_266' title='bbox 1318 2897 1383 2960; x_wconf 88' lang='lat' dir='ltr'>iam</span> 
     </span>
     <span class='ocr_line' id='line_1_33' title="bbox 173 2969 1384 3080; baseline 0.002 -37"><span class='ocrx_word' id='word_1_267' title='bbox 173 2969 323 3080; x_wconf 55' lang='lat' dir='ltr'>ffifflssm</span> <span class='ocrx_word' id='word_1_268' title='bbox 331 2979 365 3044; x_wconf 92' lang='lat' dir='ltr'>in</span> <span class='ocrx_word' id='word_1_269' title='bbox 387 2981 518 3067; x_wconf 88' lang='lat' dir='ltr'>planum</span> <span class='ocrx_word' id='word_1_270' title='bbox 540 2979 742 3045; x_wconf 87' lang='lat' dir='ltr'>deferuntur:</span> <span class='ocrx_word' id='word_1_271' title='bbox 774 2980 1036 3068; x_wconf 85' lang='lat' dir='ltr'>agitabanturque</span> <span class='ocrx_word' id='word_1_272' title='bbox 1059 3003 1117 3068; x_wconf 90' lang='lat' dir='ltr'>pro</span> <span class='ocrx_word' id='word_1_273' title='bbox 1139 2981 1268 3069; x_wconf 88' lang='lat' dir='ltr'>ingenio</span> <span class='ocrx_word' id='word_1_274' title='bbox 1290 2981 1384 3046; x_wconf 86' lang='lat' dir='ltr'>ducis</span> 
     </span>
     <span class='ocr_line' id='line_1_34' title="bbox 172 3066 1382 3154; baseline 0.002 -24"><span class='ocrx_word' id='word_1_275' title='bbox 172 3082 242 3144; x_wconf 73' lang='lat' dir='ltr'>gerit,</span> <span class='ocrx_word' id='word_1_276' title='bbox 331 3067 462 3131; x_wconf 88' lang='lat' dir='ltr'>consilia</span> <span class='ocrx_word' id='word_1_277' title='bbox 476 3066 636 3144; x_wconf 86' lang='lat' dir='ltr'>calidiora,</span> <span class='ocrx_word' id='word_1_278' title='bbox 653 3080 689 3132; x_wconf 91' lang='lat' dir='ltr'>ut</span> <span class='ocrx_word' id='word_1_279' title='bbox 709 3066 845 3153; x_wconf 89' lang='lat' dir='ltr'>impetus</span> <span class='ocrx_word' id='word_1_280' title='bbox 861 3078 916 3130; x_wconf 90' lang='lat' dir='ltr'>aut</span> <span class='ocrx_word' id='word_1_281' title='bbox 935 3067 970 3131; x_wconf 91' lang='lat' dir='ltr'>in</span> <span class='ocrx_word' id='word_1_282' title='bbox 991 3066 1234 3134; x_wconf 84' lang='lat' dir='ltr'>frumentatores</span> <span class='ocrx_word' id='word_1_283' title='bbox 1248 3068 1382 3154; x_wconf 83' lang='lat' dir='ltr'>palatos,</span> 
     </span>
     <span class='ocr_line' id='line_1_35' title="bbox 331 3151 1384 3240; baseline 0.002 -23"><span class='ocrx_word' id='word_1_284' title='bbox 331 3167 387 3217; x_wconf 91' lang='lat' dir='ltr'>aut</span> <span class='ocrx_word' id='word_1_285' title='bbox 401 3153 436 3217; x_wconf 90' lang='lat' dir='ltr'>in</span> <span class='ocrx_word' id='word_1_286' title='bbox 450 3168 561 3230; x_wconf 84' lang='lat' dir='ltr'>castra,</span> <span class='ocrx_word' id='word_1_287' title='bbox 576 3152 687 3218; x_wconf 86' lang='lat' dir='ltr'>relicta</span> <span class='ocrx_word' id='word_1_288' title='bbox 706 3174 783 3216; x_wconf 89' lang='lat' dir='ltr'>cum·</span> <span class='ocrx_word' id='word_1_289' title='bbox 794 3152 857 3217; x_wconf 88' lang='lat' dir='ltr'>levi</span> <span class='ocrx_word' id='word_1_290' title='bbox 872 3151 1039 3240; x_wconf 86' lang='lat' dir='ltr'>praesidio,</span> <span class='ocrx_word' id='word_1_291' title='bbox 1056 3153 1154 3219; x_wconf 78' lang='lat' dir='ltr'>fieret.</span> <span class='ocrx_word' id='word_1_292' title='bbox 1202 3153 1274 3219; x_wconf 88' lang='lat' dir='ltr'>Nee</span> <span class='ocrx_word' id='word_1_293' title='bbox 1289 3153 1384 3220; x_wconf 92' lang='lat' dir='ltr'>Han-</span> 
     </span>
     <span class='ocr_line' id='line_1_36' title="bbox 332 3237 1385 3320; baseline 0.004 -18"><span class='ocrx_word' id='word_1_294' title='bbox 332 3237 469 3304; x_wconf 89' lang='lat' dir='ltr'>nibalern</span> <span class='ocrx_word' id='word_1_295' title='bbox 485 3239 605 3317; x_wconf 86' lang='lat' dir='ltr'>fefellit,</span> <span class='ocrx_word' id='word_1_296' title='bbox 620 3263 694 3305; x_wconf 92' lang='lat' dir='ltr'>cum</span> <span class='ocrx_word' id='word_1_297' title='bbox 717 3238 799 3303; x_wconf 89' lang='lat' dir='ltr'>duee</span> <span class='ocrx_word' id='word_1_298' title='bbox 821 3251 974 3304; x_wconf 86' lang='lat' dir='ltr'>mutatam</span> <span class='ocrx_word' id='word_1_299' title='bbox 994 3261 1062 3304; x_wconf 84' lang='lat' dir='ltr'>esse</span> <span class='ocrx_word' id='word_1_300' title='bbox 1076 3239 1153 3305; x_wconf 93' lang='lat' dir='ltr'>belli</span> <span class='ocrx_word' id='word_1_301' title='bbox 1167 3241 1334 3320; x_wconf 90' lang='lat' dir='ltr'>rationem,</span> <span class='ocrx_word' id='word_1_302' title='bbox 1350 3255 1385 3307; x_wconf 86' lang='lat' dir='ltr'>et</span> 
     </span>
    </p>
   </div>
   <div class='ocr_carea' id='block_1_5' title="bbox 330 3324 1405 3508">
    <p class='ocr_par' dir='ltr' id='par_1_6' title="bbox 330 3324 1405 3508">
     <span class='ocr_line' id='line_1_37' title="bbox 330 3324 1383 3414; baseline 0.005 -26"><span class='ocrx_word' id='word_1_303' title='bbox 330 3324 475 3404; x_wconf 87' lang='lat' dir='ltr'>ferocius,</span> <span class='ocrx_word' id='word_1_304' title='bbox 488 3349 584 3414; x_wconf 77' lang='lat' dir='ltr'>qrmm</span> <span class='ocrx_word' id='word_1_305' title='bbox 600 3325 784 3402; x_wconf 90' lang='lat' dir='ltr'>consultius,</span> <span class='ocrx_word' id='word_1_306' title='bbox 796 3347 864 3390; x_wconf 89' lang='lat' dir='ltr'>rem</span> <span class='ocrx_word' id='word_1_307' title='bbox 879 3324 986 3390; x_wconf 87' lang='lat' dir='ltr'>hostes</span> <span class='ocrx_word' id='word_1_308' title='bbox 999 3337 1151 3413; x_wconf 64' lang='lat' dir='ltr'>gesom</span> <span class='ocrx_word' id='word_1_309' title='bbox 1175 3326 1248 3414; x_wconf 91' lang='lat' dir='ltr'>Ipse</span> <span class='ocrx_word' id='word_1_310' title='bbox 1264 3341 1383 3406; x_wconf 85' lang='lat' dir='ltr'>autern,</span> 
     </span>
     <span class='ocr_line' id='line_1_38' title="bbox 331 3410 1405 3508; baseline -0.006 -30"><span class='ocrx_word' id='word_1_311' title='bbox 331 3411 435 3499; x_wconf 89' lang='lat' dir='ltr'>(quod</span> <span class='ocrx_word' id='word_1_312' title='bbox 457 3413 588 3508; x_wconf 78' lang='lat' dir='ltr'>minime</span> <span class='ocrx_word' id='word_1_313' title='bbox 612 3413 684 3500; x_wconf 91' lang='lat' dir='ltr'>quis</span> <span class='ocrx_word' id='word_1_314' title='bbox 704 3410 865 3495; x_wconf 88' lang='lat' dir='ltr'>erederet)</span> <span class='ocrx_word' id='word_1_315' title='bbox 887 3434 988 3498; x_wconf 90' lang='lat' dir='ltr'>quum</span> <span class='ocrx_word' id='word_1_316' title='bbox 1017 3411 1115 3478; x_wconf 86' lang='lat' dir='ltr'>hostis</span> <span class='ocrx_word' id='word_1_317' title='bbox 1136 3413 1267 3501; x_wconf 88' lang='lat' dir='ltr'>propius</span> <span class='ocrx_word' id='word_1_318' title='bbox 1288 3428 1405 3491; x_wconf 55' lang='lat' dir='ltr'>emera</span> 
     </span>
    </p>
   </div>
   <div class='ocr_carea' id='block_1_6' title="bbox 331 3603 1471 4367">
    <p class='ocr_par' dir='ltr' id='par_1_7' title="bbox 333 3603 1471 3732">
     <span class='ocr_line' id='line_1_39' title="bbox 368 3603 1471 3670; baseline 0.002 -14"><span class='ocrx_word' id='word_1_319' title='bbox 368 3607 526 3656; x_wconf 77' lang='lat' dir='ltr'>8Abstiaeri</span> <span class='ocrx_word' id='word_1_320' title='bbox 541 3607 626 3665; x_wconf 76' lang='lat' dir='ltr'>iussit]</span> <span class='ocrx_word' id='word_1_321' title='bbox 648 3603 841 3654; x_wconf 68' lang='lat' dir='ltr'>disimilisdo</span> <span class='ocrx_word' id='word_1_322' title='bbox 907 3606 1313 3670; x_wconf 65' lang='lat' dir='ltr'>aoummtatmsqatsmdersr]</span> <span class='ocrx_word' id='word_1_323' title='bbox 1333 3607 1386 3658; x_wconf 68' lang='lat' dir='ltr'>car</span> <span class='ocrx_word' id='word_1_324' title='bbox 1470 3627 1471 3630; x_wconf 46' lang='lat'>¹</span> 
     </span>
     <span class='ocr_line' id='line_1_40' title="bbox 333 3667 1384 3732; baseline 0.004 -16"><span class='ocrx_word' id='word_1_325' title='bbox 333 3669 587 3732; x_wconf 75' lang='lat' dir='ltr'>lussp.&#39;l¹bucyd.ii‚</span> <span class='ocrx_word' id='word_1_326' title='bbox 602 3683 638 3730; x_wconf 82' lang='lat'>13·</span> <span class='ocrx_word' id='word_1_327' title='bbox 873 3673 956 3716; x_wconf 58' lang='lat' dir='ltr'>auum</span> <span class='ocrx_word' id='word_1_328' title='bbox 977 3667 1106 3730; x_wconf 84' lang='lat' dir='ltr'>quisquam</span> <span class='ocrx_word' id='word_1_329' title='bbox 1127 3685 1199 3732; x_wconf 82' lang='lat' dir='ltr'>aegre</span> <span class='ocrx_word' id='word_1_330' title='bbox 1220 3672 1304 3719; x_wconf 74' lang='lat' dir='ltr'>medat</span> <span class='ocrx_word' id='word_1_331' title='bbox 1326 3687 1384 3720; x_wconf 85' lang='lat' dir='ltr'>sum</span> 
     </span>
    </p>

    <p class='ocr_par' dir='ltr' id='par_1_8' title="bbox 331 3731 1386 4180">
     <span class='ocr_line' id='line_1_41' title="bbox 364 3731 1385 3796; baseline 0.004 -16"><span class='ocrx_word' id='word_1_332' title='bbox 364 3747 380 3796; x_wconf 89' lang='lat'>9</span> <span class='ocrx_word' id='word_1_333' title='bbox 396 3735 501 3794; x_wconf 75' lang='lat' dir='ltr'>Arpents&#39;</span> <span class='ocrx_word' id='word_1_334' title='bbox 515 3734 596 3794; x_wconf 78' lang='lat' dir='ltr'>pondo</span> <span class='ocrx_word' id='word_1_335' title='bbox 613 3735 671 3780; x_wconf 77' lang='lat' dir='ltr'>bino</span> <span class='ocrx_word' id='word_1_336' title='bbox 686 3739 711 3782; x_wconf 82' lang='lat' dir='ltr'>st</span> <span class='ocrx_word' id='word_1_337' title='bbox 725 3733 840 3792; x_wconf 77' lang='lat' dir='ltr'>selibras]</span> <span class='ocrx_word' id='word_1_338' title='bbox 874 3731 962 3780; x_wconf 87' lang='lat' dir='ltr'>ducem</span> <span class='ocrx_word' id='word_1_339' title='bbox 973 3733 1024 3794; x_wconf 90' lang='lat' dir='ltr'>qui,</span> <span class='ocrx_word' id='word_1_340' title='bbox 1034 3733 1104 3782; x_wconf 86' lang='lat' dir='ltr'>hoste</span> <span class='ocrx_word' id='word_1_341' title='bbox 1120 3735 1204 3795; x_wconf 88' lang='lat' dir='ltr'>procul</span> <span class='ocrx_word' id='word_1_342' title='bbox 1217 3735 1311 3794; x_wconf 84' lang='lat' dir='ltr'>dissito,</span> <span class='ocrx_word' id='word_1_343' title='bbox 1322 3737 1385 3784; x_wconf 78' lang='lat' dir='ltr'>duas</span> 
     </span>
     <span class='ocr_line' id='line_1_42' title="bbox 333 3795 1385 3858; baseline 0.004 -14"><span class='ocrx_word' id='word_1_344' title='bbox 333 3796 374 3844; x_wconf 88' lang='lat' dir='ltr'>Dc</span> <span class='ocrx_word' id='word_1_345' title='bbox 395 3796 442 3843; x_wconf 86' lang='lat' dir='ltr'>hac</span> <span class='ocrx_word' id='word_1_346' title='bbox 464 3811 560 3843; x_wconf 87' lang='lat' dir='ltr'>summa</span> <span class='ocrx_word' id='word_1_347' title='bbox 581 3795 717 3854; x_wconf 83' lang='lat' dir='ltr'>Hannibal,</span> <span class='ocrx_word' id='word_1_348' title='bbox 739 3795 842 3858; x_wconf 87' lang='lat' dir='ltr'>captivis</span> <span class='ocrx_word' id='word_1_349' title='bbox 873 3795 980 3844; x_wconf 85' lang='lat' dir='ltr'>militum</span> <span class='ocrx_word' id='word_1_350' title='bbox 1002 3803 1083 3858; x_wconf 83' lang='lat' dir='ltr'>partes</span> <span class='ocrx_word' id='word_1_351' title='bbox 1104 3798 1280 3847; x_wconf 76' lang='lat' dir='ltr'>immentatum</span> <span class='ocrx_word' id='word_1_352' title='bbox 1301 3799 1385 3848; x_wconf 73' lang='lat' dir='ltr'>mitte</span> 
     </span>
     <span class='ocr_line' id='line_1_43' title="bbox 331 3859 1386 3924; baseline 0.005 -17"><span class='ocrx_word' id='word_1_353' title='bbox 331 3860 467 3916; x_wconf 83' lang='lat' dir='ltr'>abundans,</span> <span class='ocrx_word' id='word_1_354' title='bbox 480 3859 574 3920; x_wconf 86' lang='lat' dir='ltr'>aliquid</span> <span class='ocrx_word' id='word_1_355' title='bbox 588 3859 681 3907; x_wconf 88' lang='lat' dir='ltr'>remisit</span> <span class='ocrx_word' id='word_1_356' title='bbox 699 3865 754 3920; x_wconf 86' lang='lat' dir='ltr'>post</span> <span class='ocrx_word' id='word_1_357' title='bbox 767 3859 841 3908; x_wconf 75' lang='lat' dir='ltr'>victe</span> <span class='ocrx_word' id='word_1_358' title='bbox 873 3859 924 3918; x_wconf 84' lang='lat' dir='ltr'>bnt,</span> <span class='ocrx_word' id='word_1_359' title='bbox 934 3865 1063 3922; x_wconf 86' lang='lat' dir='ltr'>postquam</span> <span class='ocrx_word' id='word_1_360' title='bbox 1075 3862 1175 3924; x_wconf 88' lang='lat' dir='ltr'>propius</span> <span class='ocrx_word' id='word_1_361' title='bbox 1184 3863 1287 3912; x_wconf 84' lang='lat' dir='ltr'>accessit</span> <span class='ocrx_word' id='word_1_362' title='bbox 1298 3863 1386 3920; x_wconf 80' lang='lat' dir='ltr'>hostis,</span> 
     </span>
     <span class='ocr_line' id='line_1_44' title="bbox 332 3921 1384 3987; baseline 0.004 -17"><span class='ocrx_word' id='word_1_363' title='bbox 332 3923 393 3970; x_wconf 88' lang='lat' dir='ltr'>riam</span> <span class='ocrx_word' id='word_1_364' title='bbox 409 3923 441 3970; x_wconf 86' lang='lat' dir='ltr'>ad</span> <span class='ocrx_word' id='word_1_365' title='bbox 458 3923 564 3982; x_wconf 84' lang='lat' dir='ltr'>Cannas,</span> <span class='ocrx_word' id='word_1_366' title='bbox 580 3922 599 3971; x_wconf 90' lang='lat' dir='ltr'>si</span> <span class='ocrx_word' id='word_1_367' title='bbox 613 3924 642 3972; x_wconf 76' lang='lat' dir='ltr'>A.</span> <span class='ocrx_word' id='word_1_368' title='bbox 655 3923 739 3971; x_wconf 83' lang='lat' dir='ltr'>Gellio</span> <span class='ocrx_word' id='word_1_369' title='bbox 750 3923 789 3972; x_wconf 85' lang='lat' dir='ltr'>vii.</span> <span class='ocrx_word' id='word_1_370' title='bbox 804 3925 840 3973; x_wconf 91' lang='lat'>18.</span> <span class='ocrx_word' id='word_1_371' title='bbox 874 3921 922 3970; x_wconf 91' lang='lat' dir='ltr'>iam</span> <span class='ocrx_word' id='word_1_372' title='bbox 934 3925 1087 3973; x_wconf 84' lang='lat' dir='ltr'>solummodo</span> <span class='ocrx_word' id='word_1_373' title='bbox 1098 3926 1198 3974; x_wconf 85' lang='lat' dir='ltr'>tertiam</span> <span class='ocrx_word' id='word_1_374' title='bbox 1213 3933 1309 3987; x_wconf 82' lang='lat' dir='ltr'>partem</span> <span class='ocrx_word' id='word_1_375' title='bbox 1321 3927 1384 3974; x_wconf 86' lang='lat' dir='ltr'>mili·</span> 
     </span>
     <span class='ocr_line' id='line_1_45' title="bbox 333 3985 1385 4052; baseline 0.006 -18"><span class='ocrx_word' id='word_1_376' title='bbox 333 3987 393 4034; x_wconf 87' lang='lat' dir='ltr'>fides</span> <span class='ocrx_word' id='word_1_377' title='bbox 403 3986 517 4034; x_wconf 87' lang='lat' dir='ltr'>habenda</span> <span class='ocrx_word' id='word_1_378' title='bbox 527 3986 566 4044; x_wconf 90' lang='lat' dir='ltr'>sit,</span> <span class='ocrx_word' id='word_1_379' title='bbox 581 3986 623 4048; x_wconf 90' lang='lat' dir='ltr'>qui</span> <span class='ocrx_word' id='word_1_380' title='bbox 635 3985 718 4045; x_wconf 65' lang='lat' dir='ltr'>uadit,</span> <span class='ocrx_word' id='word_1_381' title='bbox 729 4001 786 4034; x_wconf 90' lang='lat' dir='ltr'>eum</span> <span class='ocrx_word' id='word_1_382' title='bbox 803 4001 840 4034; x_wconf 85' lang='lat' dir='ltr'>ar·</span> <span class='ocrx_word' id='word_1_383' title='bbox 873 3991 925 4034; x_wconf 85' lang='lat' dir='ltr'>tum</span> <span class='ocrx_word' id='word_1_384' title='bbox 937 3987 1038 4037; x_wconf 83' lang='lat' dir='ltr'>misisse.</span> <span class='ocrx_word' id='word_1_385' title='bbox 1062 3989 1170 4038; x_wconf 89' lang='lat' dir='ltr'>Omnino</span> <span class='ocrx_word' id='word_1_386' title='bbox 1180 3989 1242 4038; x_wconf 88' lang='lat' dir='ltr'>haec</span> <span class='ocrx_word' id='word_1_387' title='bbox 1254 3991 1385 4052; x_wconf 72' lang='lat' dir='ltr'>parentine·</span> 
     </span>
     <span class='ocr_line' id='line_1_46' title="bbox 331 4049 1385 4115; baseline 0.005 -17"><span class='ocrx_word' id='word_1_388' title='bbox 331 4049 397 4113; x_wconf 86' lang='lat' dir='ltr'>genti</span> <span class='ocrx_word' id='word_1_389' title='bbox 427 4050 491 4098; x_wconf 89' lang='lat' dir='ltr'>endo</span> <span class='ocrx_word' id='word_1_390' title='bbox 502 4055 528 4098; x_wconf 93' lang='lat' dir='ltr'>et</span> <span class='ocrx_word' id='word_1_391' title='bbox 542 4050 656 4100; x_wconf 83' lang='lat' dir='ltr'>selibram</span> <span class='ocrx_word' id='word_1_392' title='bbox 667 4056 768 4112; x_wconf 83' lang='lat' dir='ltr'>paetum</span> <span class='ocrx_word' id='word_1_393' title='bbox 780 4065 839 4099; x_wconf 89' lang='lat' dir='ltr'>esse.</span> <span class='ocrx_word' id='word_1_394' title='bbox 873 4049 905 4097; x_wconf 89' lang='lat' dir='ltr'>sis</span> <span class='ocrx_word' id='word_1_395' title='bbox 922 4067 1008 4113; x_wconf 84' lang='lat' dir='ltr'>pamm</span> <span class='ocrx_word' id='word_1_396' title='bbox 1022 4052 1385 4115; x_wconf 84' lang='lat' dir='ltr'>dignaLiviovidetur,etaut</span> 
     </span>
     <span class='ocr_line' id='line_1_47' title="bbox 333 4065 1384 4180; baseline 0.006 -19"><span class='ocrx_word' id='word_1_397' title='bbox 333 4115 363 4164; x_wconf 85' lang='lat' dir='ltr'>cf.</span> <span class='ocrx_word' id='word_1_398' title='bbox 375 4065 430 4162; x_wconf 72' lang='lat' dir='ltr'>inti.</span> <span class='ocrx_word' id='word_1_399' title='bbox 442 4115 481 4175; x_wconf 89' lang='lat'>58.</span> <span class='ocrx_word' id='word_1_400' title='bbox 499 4115 564 4162; x_wconf 81' lang='lat' dir='ltr'>Rur.</span> <span class='ocrx_word' id='word_1_401' title='bbox 611 4134 613 4137; x_wconf 96' lang='lat'>·</span> <span class='ocrx_word' id='word_1_402' title='bbox 873 4121 1049 4178; x_wconf 65' lang='lat' dir='ltr'>corruptaaut</span> <span class='ocrx_word' id='word_1_403' title='bbox 1063 4116 1138 4164; x_wconf 87' lang='lat' dir='ltr'>etism</span> <span class='ocrx_word' id='word_1_404' title='bbox 1155 4117 1255 4180; x_wconf 79' lang='lat' dir='ltr'>penitm</span> <span class='ocrx_word' id='word_1_405' title='bbox 1264 4119 1384 4167; x_wconf 77' lang='lat' dir='ltr'>tollenda</span> 
     </span>
    </p>

    <p class='ocr_par' dir='ltr' id='par_1_9' title="bbox 333 4176 1384 4367">
     <span class='ocr_line' id='line_1_48' title="bbox 367 4176 1384 4244; baseline 0.006 -19"><span class='ocrx_word' id='word_1_406' title='bbox 367 4193 377 4225; x_wconf 89' lang='lat' dir='ltr'>r</span> <span class='ocrx_word' id='word_1_407' title='bbox 397 4179 528 4241; x_wconf 76' lang='lat' dir='ltr'>Fidesaqae</span> <span class='ocrx_word' id='word_1_408' title='bbox 542 4179 678 4239; x_wconf 78' lang='lat' dir='ltr'>publicam]</span> <span class='ocrx_word' id='word_1_409' title='bbox 704 4177 779 4234; x_wconf 81' lang='lat' dir='ltr'>Quod</span> <span class='ocrx_word' id='word_1_410' title='bbox 796 4176 840 4226; x_wconf 89' lang='lat' dir='ltr'>rei-</span> <span class='ocrx_word' id='word_1_411' title='bbox 873 4177 964 4240; x_wconf 85' lang='lat' dir='ltr'>Neque</span> <span class='ocrx_word' id='word_1_412' title='bbox 978 4180 1044 4228; x_wconf 87' lang='lat' dir='ltr'>enim</span> <span class='ocrx_word' id='word_1_413' title='bbox 1060 4180 1140 4229; x_wconf 86' lang='lat' dir='ltr'>simile</span> <span class='ocrx_word' id='word_1_414' title='bbox 1151 4181 1283 4244; x_wconf 86' lang='lat' dir='ltr'>quicquam</span> <span class='ocrx_word' id='word_1_415' title='bbox 1294 4183 1384 4244; x_wconf 84' lang='lat' dir='ltr'>reperi·</span> 
     </span>
     <span class='ocr_line' id='line_1_49' title="bbox 333 4240 1384 4308; baseline 0.006 -20"><span class='ocrx_word' id='word_1_416' title='bbox 333 4240 446 4301; x_wconf 85' lang='lat' dir='ltr'>publicae</span> <span class='ocrx_word' id='word_1_417' title='bbox 461 4241 561 4290; x_wconf 86' lang='lat' dir='ltr'>nomine</span> <span class='ocrx_word' id='word_1_418' title='bbox 572 4242 706 4290; x_wconf 87' lang='lat' dir='ltr'>debebatur</span> <span class='ocrx_word' id='word_1_419' title='bbox 721 4241 839 4301; x_wconf 81' lang='lat' dir='ltr'>hostibus,</span> <span class='ocrx_word' id='word_1_420' title='bbox 872 4247 912 4288; x_wconf 88' lang='lat' dir='ltr'>tur</span> <span class='ocrx_word' id='word_1_421' title='bbox 924 4244 992 4303; x_wconf 87' lang='lat' dir='ltr'>apud</span> <span class='ocrx_word' id='word_1_422' title='bbox 1004 4243 1145 4306; x_wconf 83' lang='lat' dir='ltr'>Polybium,</span> <span class='ocrx_word' id='word_1_423' title='bbox 1156 4260 1229 4307; x_wconf 86' lang='lat' dir='ltr'>quem</span> <span class='ocrx_word' id='word_1_424' title='bbox 1246 4245 1288 4294; x_wconf 92' lang='lat' dir='ltr'>hic</span> <span class='ocrx_word' id='word_1_425' title='bbox 1304 4247 1384 4308; x_wconf 84' lang='lat' dir='ltr'>sequi-</span> 
     </span>
     <span class='ocr_line' id='line_1_50' title="bbox 333 4303 1384 4367; baseline 0.006 -15"><span class='ocrx_word' id='word_1_426' title='bbox 333 4303 426 4366; x_wconf 82' lang='lat' dir='ltr'>privata</span> <span class='ocrx_word' id='word_1_427' title='bbox 437 4319 481 4353; x_wconf 85' lang='lat' dir='ltr'>sua</span> <span class='ocrx_word' id='word_1_428' title='bbox 493 4304 597 4367; x_wconf 85' lang='lat' dir='ltr'>pecunia</span> <span class='ocrx_word' id='word_1_429' title='bbox 608 4305 719 4354; x_wconf 83' lang='lat' dir='ltr'>exsolvit.</span> <span class='ocrx_word' id='word_1_430' title='bbox 735 4307 816 4356; x_wconf 77' lang='lat' dir='ltr'>esav.</span> <span class='ocrx_word' id='word_1_431' title='bbox 872 4309 913 4352; x_wconf 88' lang='lat' dir='ltr'>tur</span> <span class='ocrx_word' id='word_1_432' title='bbox 924 4305 1014 4354; x_wconf 79' lang='lat' dir='ltr'>Livius.</span> <span class='ocrx_word' id='word_1_433' title='bbox 1048 4308 1163 4357; x_wconf 81' lang='lat' dir='ltr'>Ceterum</span> <span class='ocrx_word' id='word_1_434' title='bbox 1175 4309 1384 4358; x_wconf 84' lang='lat' dir='ltr'>detotohocae·</span> 
     </span>
    </p>
   </div>
   <div class='ocr_carea' id='block_1_7' title="bbox 0 0 1488 4778">
    <p class='ocr_par' dir='ltr' id='par_1_10' title="bbox 0 0 1488 4778">
     <span class='ocr_line' id='line_1_51' title="bbox 0 0 1488 4778; baseline 0 0"><span class='ocrx_word' id='word_1_435' title='bbox 0 0 1488 4778; x_wconf 95' lang='lat' dir='ltr'> </span> 
     </span>
    </p>
   </div>
  </div>
 </body>
</html>
