2878 4772
369 229 465 296 LIB.
489 227 654 294 XXVIII.
687 227 799 294 cAP.
823 234 853 295 9.
1071 235 1133 298 411

86 371 212 442 ‘mum,
226 363 313 443 dein,
327 363 505 430 secundum
524 363 611 442 deos,
628 362 815 441 consulum,’
829 365 1080 452 responderunt3
1104 379 1138 432 et
1147 382 1182 432 u.
1193 381 1223 434 c.
1239 393 1295 446 545·

86 450 320 538 supplicatione
343 450 508 514 amborum
531 449 671 528 nomine,
691 463 725 516 et
746 450 908 538 triumpho
931 453 1058 540 utrique
1081 447 1178 519 dest·
1195 447 1227 496 ⁰·
1241 457 1296 508 ²⁰⁷·

86 549 187 615 creto,
202 536 310 602 interi
409 558 461 614 ne,
475 557 576 623 quum
595 535 713 602 bellum
728 537 892 602 communi
905 537 1013 603 animo
1026 539 1139 639 gessis-
1147 509 1296 636 fflffiffi

58 635 172 700 ssent,
187 623 306 710 triump
330 644 385 687 um
402 634 593 723 separarent,
608 623 653 686 ita
666 623 832 688 convenite
856 631 923 701 ‘ut,
938 647 1092 712 quomam
1106 637 1139 690 et

89 709 146 772 ‘in
167 707 497 808 provinciaM3L1vii
518 729 568 772 res
588 719 677 808 gesta
692 720 789 808 esset,
803 722 837 809 et
855 732 896 775 eo
915 710 979 789 die,
995 733 1060 797 quo
1078 734 1140 812 pu·

88 795 451 946 {ffiffflt
463 793 761 957 lusu&
778 795 1141 948 bubastus

90 967 270 1118 :potuispeet
294 966 335 1032 de
352 1052 359 1067 ι
375 965 532 1116 'iiim'
557 979 594 1030 ut
615 965 671 1116 {Iu
679 965 819 1116 Lrgiugl,
844 967 1006 1118 qpadrigis
1028 970 1141 1069 urbem

91 1074 1141 1227 ‘ssililibubliuvehereuirlllulleanconbocibtusaliiffiplibffqtiiiid

91 1225 232 1312 utrique,
247 1237 317 1288 tum
338 1223 437 1310 magis
456 1223 497 1302 ei,
514 1225 580 1310 qui,
596 1236 752 1310 quantum
773 1224 886 1290 merito
906 1226 1057 1304 anteibat,
1072 1239 1142 1291 tan·

61 1322 165 1376 otum
183 1309 305 1376 honore
326 1309 466 1396 collegae
486 1322 631 1387 cesserat,
645 1308 779 1396 gloriam
793 1311 899 1376 auxit:
925 1319 935 1350 ‘
945 1311 1036 1376 illum
1051 1313 1143 1399 equi·

93 1397 203 1521 :temss
216 1397 354 1496 aiebant,
371 1404 449 1460 ‘aex
467 1395 591 1496 diemm
611 1396 714 1482 spatio
734 1398 950 1498 uanscurrisse
968 1397 1143 1500 longitudi-

117 1481 1143 1570 eur

94 1656 221 1742 ‘posita
234 1655 351 1721 babere
367 1653 532 1719 Hannibal
551 1654 744 1720 credidisset.
790 1655 841 1720 Ita
859 1678 961 1720 unum
979 1656 1144 1722 consulem

93 1749 177 1830 ‘pro
191 1765 213 1805 u
284 1764 324 1806 ue
339 1753 428 1828 parte
444 1738 555 1806 Italiae
570 1739 716 1806 adversos
730 1741 811 1806 duos
824 1741 931 1820 duces,
947 1741 1028 1808 duos
1042 1744 1145 1830 impe·

95 1753 349 1905 ‘ratorebubinc
378 1825 545 1892 consilium
574 1848 676 1904 suum,
703 1827 779 1891 hinc
807 1850 922 1914 corpus
950 1829 1142 1914 opposuisse.

96 1913 250 1978 ‘Nomen
266 1911 406 1978 Neronis
422 1913 496 1977 satis
509 1912 605 1978 fuisse
624 1912 666 1977 ad
685 1913 915 1977 continendum
929 1914 1037 1978 castris
1053 1913 1145 1978 Han-

96 1998 275 2065 ‘nibalemz
301 1997 534 2064 Hasdrubalem
548 2020 634 2076 vero,
653 2021 717 2084 qua
737 1999 799 2063 alia
821 2021 865 2075 re,
887 2021 983 2085 quarn
1004 1998 1145 2064 adventu

97 2085 199 2163 ‘eiua
215 2085 362 2150 obrutum
383 2097 480 2170 atque
500 2084 693 2150 exstinctum
715 2085 806 2148 esse?
850 2083 963 2170 Itaque
985 2085 1047 2148 iret
1066 2084 1146 2150 alter

57 2243 64 2254 ,
96 2179 109 2210 ‘
121 2171 231 2237 consul
253 2170 397 2237 sublimis
419 2193 515 2236 curru
536 2168 722 2256 multiiugis,
744 2170 771 2234 si
791 2169 898 2247 vellet,
922 2170 1021 2256 equis
1068 2170 1146 2236 Uno

98 2266 217 2409 ιιι,
227 2257 551 2432 cubasse
562 2255 891 2428 ,tarseus
905 2254 1146 2430 traua

99 2429 284 2516 ‘triumpho
321 2429 410 2506 loris,
428 2427 665 2494 memorabilem
685 2427 772 2493 fore!
816 2425 863 2492 Hi
889 2449 1049 2493 sermones
1073 2452 1146 2517 spe·

97 2517 255 2584 stantium
282 2451 447 2580 lieronem
472 2537 574 2602 usque
600 2514 635 2579 in
658 2513 854 2600 Capitolium
876 2515 1036 2602 prosecuti
1060 2529 1144 2582 sunt.

71 2602 276 2673 7Pecuniam
290 2601 326 2666 in
340 2601 493 2665 aerarium
510 2601 651 2666 tulerunt
665 2600 844 2666 sestertium
860 2601 973 2679 tricies,
986 2603 1148 2690 octoginta

98 2688 201 2754 millia
214 2687 303 2752 aeris.
339 2685 498 2751 Militibus
514 2685 561 2751 M.
574 2686 686 2752 Livius
700 2687 942 2775 quinquagenos
956 2711 1049 2753 senos
1063 2711 1147 2754 asses

99 2775 217 2839 divisit.
263 2772 469 2838 Tantundem
486 2774 524 2839 C.
539 2772 692 2839 Claudius
707 2774 889 2840 absentibus
908 2774 1063 2839 militibus
1082 2775 1147 2840 suis

98 2873 151 2928 est
170 2859 340 2948 pollicitus,
355 2881 456 2959 quum
477 2859 519 2924 ad
540 2861 716 2925 exercitum
737 2860 878 2926 redisset.
925 2859 1092 2937 Nestum,
1107 2883 1147 2925 eo

99 2947 155 3012 die
175 2947 267 3034 plura
286 2967 426 3010 curmma
444 2945 632 3010 militaribus
651 2947 728 3010 iocis
747 2947 782 3010 in
799 2946 838 3010 C.
853 2945 1036 3022 Claudium,
1051 2968 1147 3032 quam

100 3035 138 3098 in
160 3031 323 3098 consulem
347 3053 451 3108 suum,
473 3032 596 3096 iactata.
696 3032 778 3094 nites
801 3031 839 3094 L
853 3029 1024 3095 Veturium
1047 3045 1080 3095 et
1103 3031 1147 3107 Q,

104 3118 283 3184 Caecilium
297 3117 418 3206 legatos
432 3118 555 3204 magnis
570 3115 675 3180 tuliaee
721 3115 846 3194 udibus,
861 3117 1065 3202 hortatosque
1080 3139 1148 3180 esse

99 3205 239 3294 plebem,
251 3217 288 3269 ut
302 3227 356 3270 eos
370 3203 515 3270 musules
528 3204 564 3268 in
578 3202 759 3290 proximum
773 3224 894 3267 armum
907 3215 1068 3266 crearent:
1092 3201 1149 3266 ad-

138 3387 151 3434 ⁵
172 3373 340 3436 thueaiun
354 3371 608 3430 ...utM.Liolwa]
643 3369 763 3432 Polybius
781 3369 814 3419 ix.
835 3384 857 3432 3.
876 3370 932 3446 plus
950 3375 1149 3432 decantaturus

103 3437 239 3487 Redundut
274 3435 378 3484 articula
394 3441 431 3496 ut,
445 3440 472 3483 at
488 3450 538 3482 non
555 3434 610 3482 ideo
642 3433 699 3495 plus
719 3433 840 3496 septagies
857 3435 895 3482 bu
913 3435 1051 3483 sestertium
1070 3433 1149 3482 effice·

102 3501 217 3550 delenda.
250 3452 336 3548 dimila
347 3499 489 3560 exemplum
501 3499 610 3546 observu-
641 3501 704 3555 rent,
720 3497 746 3545 in
763 3497 881 3546 aerarium
901 3499 972 3546 illata
990 3513 1042 3546 esse
1059 3497 1149 3548 scribit.

104 3566 184 3616 rimus
190 3561 545 3626 supr.xxii.1r.etreperiemua
551 3575 611 3624 quo·
645 3561 720 3612 Unde
734 3561 871 3623 suspicatur
881 3561 1021 3611 Gronovius
1031 3562 1150 3611 excidisse

102 3645 153 3694 qus
164 3629 219 3678 intr.
228 3627 312 3678 xxxvi.
324 3641 344 3677 1.
355 3633 381 3676 et
392 3641 414 3689 3.
431 3627 512 3676 carr.
536 3626 611 3675 Hanc
642 3625 739 3674 literam
748 3639 856 3687 uquam
867 3631 980 3674 notatum
992 3627 1054 3674 foret
1065 3639 1150 3685 cxxx,

103 3693 251 3758 particulam
270 3699 308 3751 ut,
327 3697 382 3754 pou
398 3692 519 3752 quaedam
539 3691 610 3739 luter-
642 3690 709 3751 quod
730 3693 767 3736 est
788 3691 897 3752 octuplos,
919 3705 948 3738 es
969 3690 1034 3738 enim
1056 3690 1151 3738 talenta

103 3758 186 3820 posita
202 3755 342 3820 repetitam,
352 3756 507 3817 maximeque
521 3753 547 3802 in
566 3755 611 3802 fur·
644 3753 728 3815 paullo
747 3751 854 3815 amplius
870 3757 982 3802 trecenta
999 3753 1098 3815 triginta
1114 3769 1150 3802 es·

102 3822 180 3871 mulis
199 3819 350 3870 sollennibus
365 3819 524 3880 geminatam,
541 3817 612 3868 Livio
643 3823 705 3866 sent.
749 3815 888 3866 Perizonius
909 3817 935 3866 in
956 3817 1004 3866 boc
1025 3817 1151 3880 triumphu

104 3901 158 3934 esse
172 3883 385 3934 familiarisdmam
400 3884 489 3931 docent
504 3882 611 3932 Gronov.
644 3879 751 3944 primum
768 3896 785 3929 a
802 3879 873 3930 Livio
888 3883 1009 3930 meatim
1022 3881 1151 3930 memorari

104 3955 132 3998 et
143 3949 269 3998 Drakenb.
644 3944 824 4002 animadvertit,
839 3943 865 3992 in
882 3959 961 4007 eoque
978 3946 1083 3994 multam
1099 3959 1150 3992 mu·

137 4011 245 4062 olllum
268 4010 386 4075 quum]
415 4008 549 4068 Neronem,
570 4007 613 4070 qui
645 4008 720 4058 iorem
736 4007 923 4071 argenti,quam
940 4008 1012 4068 aeris,
1028 4022 1151 4058 summam

105 4091 170 4138 equo
180 4075 292 4134 vehatur,
303 4075 362 4122 dum
374 4073 469 4134 collega
479 4071 532 4120 eius
542 4086 613 4120 curru
645 4072 774 4132 nominari,
793 4073 894 4135 eiusque
915 4073 951 4122 rei
973 4088 1071 4122 cauum
1091 4085 1151 4130 ene,

104 4139 217 4188 sublimis
227 4137 326 4187 incedit.
343 4139 425 4188 Casu.
644 4137 710 4198 quod
721 4135 770 4183 iam
782 4142 836 4186 tum
850 4153 908 4186 usus
922 4138 1015 4199 argenti
1026 4151 1085 4198 prae
1094 4149 1151 4183 aare

141 4215 153 4264 7
169 4205 313 4254 Sestertium
331 4203 425 4261 mdes]
445 4198 517 4249 Haec
534 4197 613 4246 iurent
644 4199 670 4248 in
681 4201 833 4250 commercia
842 4200 989 4250 invalescere
1000 4203 1121 4260 coeperat

105 4267 187 4318 minus
203 4271 303 4315 centum
319 4263 402 4329 viginti
416 4279 459 4314 sex
474 4263 577 4322 talenta,
588 4267 614 4310 at
