2966 4778
359 237 424 302 120
743 235 856 303 ΤΙΤΙ
883 234 1020 302 LIVII

204 379 237 430 U.
249 380 279 430 ⁰·
296 377 350 444 53⁶·
360 380 371 412 ‘
381 374 489 439 sistere
501 375 607 439 conati
622 388 713 439 sunt:
738 387 874 439 autnon
889 374 1031 440 invidere
1046 397 1111 453 eos,
1126 395 1226 461 quum
1242 374 1416 440 incolumi·

201 445 233 494 A.
250 445 280 496 ⁰·
297 443 446 538 ²¹⁶·‘tati,
462 474 532 525 tum
553 460 671 548 gloriae
693 460 818 527 iliorum
840 483 899 548 per
919 461 1068 526 virtutem
1089 475 1209 548 partae,
1227 483 1330 549 quum
1352 463 1416 527 sibi

361 547 528 611 ‘timorem
544 547 554 609 i
599 548 766 634 aviamque
781 547 940 613 servitutis
957 549 1185 636 ignominiosae
1200 571 1329 613 causam
1344 571 1414 614 esse

361 641 372 671 ‘
382 633 491 698 sciant
579 634 727 699 aluerunt
741 635 775 699 in
785 635 929 700 tentoriis
943 635 1077 699 latentes
1091 635 1186 699 simui
1197 634 1303 700 iucem
1313 649 1414 722 atque

362 719 506 784 ‘hostem
521 733 714 810 exspectare,
724 743 824 808 quum
839 721 965 787 silentio
980 721 1082 786 noctis
1090 721 1279 809 erumpendi
1289 723 1415 786 occasio

363 813 473 872 ‘esset
520 807 567 872 At
582 809 668 872 enim
686 807 728 871 ad
742 806 974 894 erumpendum
990 831 1008 872 e
1026 808 1134 872 castris
1147 807 1250 872 defuit
1265 808 1435 884 animus34

363 893 422 957 ‘ad
442 894 575 960 tutanda
592 895 715 959 fortiter
734 907 836 959 castra
858 893 1000 959 animum
1019 894 1207 959 habuerunt
1254 893 1338 976 Dies
1356 918 1415 960 no-

362 988 512 1066 ‘ctesque
535 980 657 1068 aliquot
678 981 805 1059 obsessi,
820 979 938 1044 vallum
960 981 1063 1058 armis,
1079 1003 1112 1045 se
1134 981 1195 1067 ipsi
1217 981 1313 1044 tutati
1330 981 1415 1046 valio

361 1074 372 1104 ‘
382 1079 473 1132 sunt:
499 1067 628 1132 tandem
648 1067 761 1132 ultima
775 1067 842 1131 ansi
879 1065 1013 1166 assique,
1029 1089 1129 1154 quum
1144 1067 1252 1132 omnia
1270 1067 1415 1132 subsidia

362 1152 465 1216 ‘vitae
480 1153 635 1231 abessent,
645 1153 829 1240 affectisque
843 1089 926 1218 iiime
934 1154 1064 1232 viribus,
1076 1176 1164 1218 arma
1176 1155 1241 1218 iam
1255 1154 1413 1218 sustinere

362 1239 563 1326 ‘nequirent
575 1240 814 1305 necessitatibus
828 1263 861 1303 m
903 1240 910 1254 '
938 1239 1095 1318 humanis,
1108 1261 1205 1327 quem
1219 1240 1328 1319 armis,
1337 1241 1414 1304 victi

362 1331 465 1390 ‘sunt
513 1324 594 1391 Orto
605 1326 669 1391 sole
684 1326 783 1390 hostis
797 1325 839 1391 ad
848 1263 966 1390 viduum
981 1327 1127 1391 accessit:
1151 1338 1225 1391 ante
1236 1327 1413 1391 secundam

361 1411 503 1490 ‘horam,
525 1412 646 1478 nuliam
667 1412 826 1477 fortrmam
848 1409 1029 1478 certaminis
1054 1414 1187 1500 experti,
1211 1412 1415 1492 tradidersmt

361 1507 468 1563 ‘arma
482 1521 519 1562 ac
533 1521 566 1563 se
582 1500 675 1587 ipsos.
721 1498 911 1564 Haecvobis
925 1500 1064 1586 ipsorum
1079 1521 1138 1586 per
1146 1498 1282 1564 biduum
1298 1499 1414 1563 militia

361 1584 450 1648 ‘suis
498 1584 610 1658 Quum
632 1586 666 1648 in
686 1586 753 1650 acie
775 1597 857 1650 stare
880 1608 916 1649 ac
960 1607 1080 1672 ugnare
1103 1585 1262 1662 decuerat,
1285 1597 1361 1650 mm
1381 1586 1413 1649 in

361 1677 483 1734 ‘castra
492 1671 694 1758 refugerunt:
718 1694 819 1772 quum
833 1694 892 1757 pro
900 1607 983 1736 vdio
997 1671 1206 1758 pugnandum
1220 1685 1300 1748 erat,
1314 1685 1414 1737 casua

361 1755 588 1835 ‘tradiderunt
604 1781 710 1844 neque
731 1781 767 1822 m
789 1759 856 1822 acie
878 1781 984 1845 neque
1006 1758 1040 1821 in
1063 1758 1170 1823 castris
1192 1757 1298 1822 utiles.
1348 1757 1414 1823 Vos

360 1841 556 1907 ‘redimami
586 1866 686 1931 quum
703 1866 870 1932 erumpere
885 1845 993 1909 castris
1007 1857 1141 1946 oportet,
1157 1845 1361 1910 cunctemini
1379 1867 1414 1908 ac

360 1929 532 1995 ‘manetise
555 1952 657 2017 quum
672 1952 810 2008 manere,
826 1943 928 1996 castra
942 1943 1037 1996 tutan
1052 1931 1146 1994 armis
1160 1951 1289 1995 necesse
1306 1945 1368 2008 est,
1383 1946 1414 1995 et

360 2023 481 2080 ‘castra
494 2029 527 2081 et
541 2039 628 2082 arma
644 2029 678 2082 et
691 2039 747 2082 vos
762 2017 845 2104 ipsos
863 2017 987 2082 traditis
1003 2015 1095 2082 hosti.
1143 2016 1213 2104 Ego
1227 2039 1297 2082 non
1390 2019 1397 2030 '

360 2101 456 2166 ‘istos
471 2102 683 2180 redimendos,
699 2103 811 2168 Patres
825 2103 1005 2190 conscripti,
1015 2125 1140 2181 censeo,
1155 2125 1253 2190 quam
1268 2039 1413 2170 stiffi

359 2187 501 2255 ‘dendos
511 2188 696 2267 Hannibali,
706 2190 763 2276 qui
771 2189 955 2278 permodice
963 2189 1215 2255 hostesecastris
1223 2203 1411 2278 erupenmt,

360 2283 417 2339 ‘ac
432 2298 491 2363 per
504 2297 660 2340 summam
673 2277 824 2342 virtutem
839 2297 872 2340 se
887 2276 1007 2362 patriae
1022 2277 1248 2341 restituerunt'

249 2362 301 2424 61.
403 2360 577 2448 Postquam
593 2361 735 2426 Manlius
749 2361 841 2439 dixit,
854 2383 1037 2449 quanquam
1049 2361 1181 2426 Patrum
1196 2384 1332 2449 quoque
1370 2363 1413 2428 ie-

200 2445 306 2496 Senam
359 2467 473 2533 rosque
496 2448 615 2547 captivi
636 2448 824 2535 cognatione
847 2447 1054 2535 attingebant,
1077 2461 1203 2535 praeter
1224 2387 1412 2538 exempibm
1471 2479 1472 2490 ¹

200 2515 351 2623 {ffiff
359 2532 493 2598 civitatis
501 2534 633 2598 mmime
648 2533 682 2597 in
697 2535 837 2620 captivos
848 2535 911 2598 iam
922 2534 998 2599 inde
1013 2535 1190 2622 antiquitus
1199 2533 1410 2622 indulgenus

200 2639 326 2752 ΗΕ
358 2620 651 2770 {iffiqif'qu‘
666 2620 1073 2772 “ttmtiiitssffltii
1088 2620 1412 2774 diiffiffl

359 2790 512 2855 emendos
527 2727 773 2879 brmadnndosque,
794 2816 854 2858 nec
877 2729 1092 2860 Hadidbalem
1115 2793 1253 2858 maxime
1276 2793 1411 2860 huiume

359 2877 416 2956 rei,
439 2889 475 2942 ut
499 2877 682 2955 sumserat,
705 2891 853 2966 egentem
882 2878 1068 2967 locupletari
1089 2878 1247 2944 volebant
1298 2879 1411 2957 Quum

358 2963 446 3029 triste
461 2985 658 3052 responsum,
672 2971 760 3030 <non
772 2964 887 3030 redimi
902 2965 1061 3052 captivos’
1069 2964 1231 3030 redditum
1246 2979 1346 3045 emet,
1356 2990 1411 3031 no-

358 3072 480 3136 vusque
504 3073 600 3138 super
621 3061 761 3116 veterem
783 3051 888 3117 luctus
913 3064 959 3116 tot
981 3052 1102 3117 iactura
1124 3052 1241 3116 civium
1266 3051 1410 3119 adiectus

359 3148 451 3214 esset,
465 3159 540 3201 cum
554 3137 678 3224 magnis
698 3137 825 3202 fletibus
840 3137 1067 3238 questibusque
1089 3137 1209 3238 legatos
1226 3137 1271 3202 ad
1283 3153 1409 3226 portam

201 3237 284 3312 uinis
295 3239 343 3314 qu-
358 3223 517 3308 prosecuti
542 3235 625 3289 sunt
673 3223 766 3288 Unus
790 3247 831 3288 ex
856 3225 895 3289 1is
919 3223 1050 3290 domum
1077 3225 1165 3302 abiit,
1189 3224 1281 3310 quod
1305 3225 1409 3292 falisci

201 3302 331 3378 udaium
357 3309 464 3375 reditu
492 3309 528 3374 in
553 3323 653 3375 castra
681 3309 885 3376 iureiurando
911 3333 944 3374 se
973 3309 1165 3376 exsolvisset.
1223 3309 1327 3385 Quod
1357 3311 1407 3376 ubi

200 3367 349 3494 ffffflfflg·
358 3393 508 3474 innotuit,
532 3397 730 3484 relatumque
754 3396 796 3462 ad
820 3408 967 3461 senatum
989 3409 1047 3474 est,
1070 3419 1180 3462 omnes
1203 3411 1407 3474 censuenmt,

357 3481 695 3633 gquprehendendum
707 3496 740 3548 et
754 3482 937 3548 custodibus
945 3481 1073 3570 publice
1088 3483 1170 3548 datis
1181 3483 1407 3550 deducendum

451 3567 630 3637 annibalem
645 3591 721 3634 esse.

403 3654 462 3720 Est
483 3666 517 3719 et
537 3655 654 3719 eliade
677 3655 808 3755 captivis
823 3655 916 3734 fama,
932 3654 1045 3721 decem
1066 3656 1185 3743 primos
1199 3655 1345 3722 venisse:
1370 3655 1424 3720 det

358 3741 397 3804 iis
411 3763 512 3826 quum
521 3739 700 3808 dubitatum
709 3763 744 3805 1n
758 3753 871 3806 senatu
881 3753 974 3828 esset,
983 3740 1226 3807 admitterentur
1237 3743 1272 3806 in
1283 3743 1406 3818 urbem,

358 3849 419 3890 nec
441 3849 501 3902 ne3
531 3826 577 3892 ita
597 3826 749 3892 admissos
770 3849 848 3904 esse,
863 3850 905 3892 ne
929 3841 1035 3892 tamen
1057 3828 1096 3892 iis
1118 3840 1244 3893 senatus
1266 3827 1405 3894 daretur.
1466 3811 1467 3890 i

359 3910 561 3975 Morantibus
580 3910 697 3976 deinde
712 3913 744 3976 io
790 3913 838 3978 ‘us
855 3914 998 3978 omnium
1016 3936 1081 4027 spe,
1097 3913 1175 3979 alios
1193 3927 1255 3978 tres
1277 3913 1408 4003 insuper

358 3998 478 4084 legatos
499 3997 631 4075 venisse,
655 3997 693 4062 L.
713 3935 923 4077 senribonium,
946 4012 979 4064 et
1007 3999 1046 4065 (Α
1065 3999 1348 4094 Calpurniumtet
1369 4001 1403 4068 L

390 4199 406 4254 4
422 4183 457 4230 Ae
467 4182 544 4241 mm]
564 4181 654 4230 Forma
664 4181 807 4232 obiectionis
817 4182 864 4232 usi·
897 4185 972 4235 Hanc
980 4186 1089 4248 sequitur
1097 4187 1245 4252 Aciliusqui
1253 4186 1354 4239 Graece
1362 4189 1406 4238 his·

357 4250 439 4304 tabor,
466 4260 523 4293 uam
539 4245 609 4293 nobis
619 4243 678 4308 ipsis
688 4246 813 4308 iacientes,
823 4249 864 4297 de-
896 4247 983 4296 toriam
995 4249 1097 4312 scripsit.
1109 4252 1202 4303 eicie.
1215 4251 1263 4303 ou.
1275 4252 1311 4302 iii.
1325 4269 1366 4318 3²·
1378 4255 1405 4301 Δ.

358 4308 416 4357 inde
462 4307 567 4360 eilimus.
898 4311 964 4362 Geli.
976 4313 1015 4364 vii.
1030 4315 1066 4364 18.

391 4383 404 4434 5
422 4373 468 4422 Est
489 4381 513 4422 ct
534 4375 584 4422 alia
606 4375 635 4424 dc
657 4377 760 4438 captives
777 4376 862 4436 samo]
