2874 4772
333 252 425 318 LIB.
455 251 602 319 XXVIL
635 253 746 320 CAP.
774 261 822 322 14.
1042 259 1104 326 357

51 390 143 469 ‘quo
164 385 312 451 omisistis
333 409 483 475 pugnam.
532 387 599 463 Qui
618 411 717 476 pavor
735 389 797 468 hic,
817 391 874 478 qui
896 404 1005 470 tenor,
1021 414 1103 479 quae
1115 405 1149 456 U.
1162 407 1190 456 c.
1207 386 1262 468 543·

51 477 220 557 ‘repentc,
267 474 311 550 ui,
335 487 463 538 etcum
486 475 602 561 quibus
623 477 817 575 pugnaretis,
842 477 958 543 oblivio
982 472 1144 544 animost·
1161 471 1191 519 ⁰·
1207 484 1262 534 sos

50 557 188 643 ‘cepitl
267 581 360 647 empe
382 561 480 624 iidem
503 574 578 625 aunt
598 561 633 625 h1
655 562 770 640 hostes,
789 585 869 650 quos
890 565 1049 630 vincendo
1071 577 1104 630 et

51 643 177 708 ‘victos
200 647 364 732 sequendo
389 647 527 733 priorem
551 659 702 712 aestatem
726 649 960 736 absumpsistis3
988 651 1104 738 quibus

50 729 147 794 ‘dies
167 745 341 819 noctesque
363 733 558 820 fugientibus
578 756 637 821 per
655 734 714 799 hos
733 734 802 799 dies
823 737 999 814 institistis;
1023 759 1104 825 quos

50 814 200 882 ‘levibus
228 818 355 905 proeliis
381 820 552 906 fatigastis3
588 843 668 907 quos
696 820 845 886 hesterno
870 822 924 888 die
953 846 1013 888 nec
1042 824 1104 888 iter

50 902 191 981 ‘facere
206 927 267 970 nec
286 918 389 970 castra
406 927 525 993 ponere
547 907 629 993 passi
650 907 732 972 estis.
780 907 904 973 Omitto
924 931 971 986 ea,
987 911 1104 996 quibus

17 998 64 1062 4‘
75 989 205 1076 gloriari
219 992 371 1078 potestis:
395 992 486 1056 euius
505 1005 538 1057 et
558 993 656 1080 ipsius
675 993 797 1079 pudere
815 1017 852 1058 ac
869 995 1032 1082 poenitere
1048 1017 1104 1061 vos

49 1085 211 1177 ‘oportet
235 1077 382 1143 referam:
422 1077 561 1166 Nempe,
582 1081 692 1166 aequis
713 1080 858 1145 manibus
880 1081 1028 1146 hesterno
1050 1081 1103 1147 die

50 1171 63 1202 ‘
76 1161 247 1229 diremistis
258 1187 411 1265 pugnam.
445 1164 535 1241 Quid
549 1164 627 1230 haec
642 1188 717 1244 nox,
731 1165 810 1252 quid
824 1166 878 1231 bic
892 1166 961 1232 dies
975 1167 1104 1232 attulit?

51 1257 69 1313 ‘.
77 1248 211 1314 Vestrae
233 1251 283 1315 hia
304 1252 414 1339 copiae
436 1251 622 1317 imminutae
645 1264 728 1330 sunt,
751 1275 793 1316 an
818 1251 944 1317 illorum
967 1254 1104 1318 auctae?

51 1345 65 1374 ‘
78 1335 157 1400 Non
176 1337 326 1423 equidem
346 1339 425 1402 mihi
446 1360 521 1403 cum
540 1339 684 1403 exercitu
706 1361 778 1404 meo
800 1337 889 1426 loqui
909 1339 1027 1417 videor,
1043 1363 1103 1405 nec

51 1431 65 1461 ⁶
77 1445 153 1487 cum
183 1423 337 1489 Romanis
365 1424 538 1489 militibus:
577 1447 709 1512 corpora
738 1437 862 1490 tantum
891 1439 987 1513 atque
1017 1449 1104 1490 arma
1142 1495 1145 1502 ,

50 1517 65 1548 ‘
76 1508 191 1574 eadem
216 1523 299 1574 sunt.
345 1510 411 1587 An,
437 1511 464 1576 si
490 1511 618 1576 eosdem
644 1512 766 1576 animos
792 1511 988 1589 habuissetis,
1015 1525 1105 1599 terga

51 1604 65 1636 ‘
75 1607 181 1660 vestra
197 1595 327 1662 vidisset
348 1597 473 1662 hostis?
494 1597 585 1684 signa
606 1597 701 1662 alicui
723 1597 885 1685 manipulo
906 1611 961 1662 sut
981 1598 1104 1663 cohorti

19 1691 65 1753 5‘
77 1682 280 1747 abstulisset?
324 1682 444 1748 Adhuc
473 1684 571 1748 caesis
602 1683 757 1749 Romanis
784 1683 814 1748 le
838 1684 962 1750 'onibus
990 1685 1105 1772 gloria·

52 1778 65 1808 ‘
77 1770 179 1834 batur.
225 1768 292 1834 Vos
317 1769 364 1834 illi
389 1769 545 1835 hodierno
571 1769 624 1834 die
652 1771 792 1857 primum
892 1771 917 1834 ti
945 1771 1105 1836 exercitus

52 1855 209 1920 ‘dedistis
229 1855 345 1921 decua'
392 1855 523 1921 Clamor
541 1856 617 1920 inde
637 1869 734 1932 ortua,
750 1869 787 1920 ut
805 1857 932 1920 veniam
952 1857 1021 1921 eius
1038 1856 1104 1921 diei

50 1943 167 2018 daret3
202 1942 257 2006 ubi
285 1941 391 2020 vellet,
422 1941 539 2007 deinde
573 1943 771 2058 experiretur
803 1942 941 2006 militum
974 1964 1104 2006 snorum

51 2029 187 2094 animos
234 2028 326 2115 ‘Ego
355 2051 430 2094 vero
459 2029 613 2115 experiar,
648 2027 764 2114 inquit,
797 2027 952 2091 ‘militesr
988 2038 1021 2091 et
1049 2049 1105 2092 vos

53 2124 66 2154 ‘
78 2115 215 2180 crastino
234 2115 287 2179 die
310 2115 344 2178 iu
366 2115 466 2180 aciem
490 2113 634 2190 educam,
656 2125 693 2177 ut
714 2113 848 2177 victores
870 2113 1105 2200 potiusquam

53 2201 163 2280 ‘victi
179 2202 305 2266 veniam
318 2201 361 2265 im
407 2201 505 2277 tretis,
544 2222 617 2264 uam
632 2198 760 2285 petitis’
806 2197 1104 2286 Cohortibus,quae

50 2289 148 2375 signa
167 2288 345 2364 amiserant,
384 2223 600 2351 omeumban
619 2285 728 2349 iussit:
753 2285 1017 2372 centurionesque
1039 2307 1106 2349 ma-

18 2374 250 2462 6nipulorum,
266 2395 402 2461 quorum
425 2373 514 2459 signa
534 2371 647 2436 amissa
666 2370 801 2448 fuerant,
817 2370 974 2435 destrictis
992 2370 1105 2458 gladiis

52 2461 228 2526 discinctos
242 2460 408 2536 destituit3
431 2474 473 2536 et,
490 2471 525 2523 ut
543 2470 670 2544 postero
690 2457 744 2521 die
764 2479 883 2534 omnes,
899 2457 1034 2545 equites,
1049 2479 1107 2544 pe-

52 2547 150 2626 dites,
173 2548 285 2612 armati
311 2547 467 2623 adessent,
491 2545 600 2610 edixit.
646 2543 697 2609 Ita
719 2544 832 2609 concio
854 2542 983 2608 dimissa
1004 2543 1107 2608 faten-

53 2635 149 2710 tium,
165 2634 233 2698 iure
252 2656 288 2697 ac
308 2633 422 2698 merito
442 2654 509 2697 sese
529 2630 720 2718 increpitos3
743 2652 849 2717 neque
864 2628 919 2694 illo
934 2628 987 2694 die
1002 2630 1106 2694 virum

54 2742 253 2807 quemquam
274 2719 308 2782 in
331 2719 398 2784 acie
415 2718 562 2783 Romana
574 2717 679 2795 fuisse,
699 2730 825 2805 praeter
846 2739 948 2781 unum
968 2715 1104 2792 ducem3

53 2807 113 2872 cui
135 2821 190 2871 aut
215 2818 315 2870 morte
342 2803 608 2881 satisfaciendum,
631 2816 687 2868 aut
711 2804 839 2890 egregia
860 2802 993 2867 victoria
1014 2815 1104 2867 esset

54 2893 192 2958 Postero
207 2893 259 2956 die
274 2891 377 2956 ornati
397 2891 572 2976 armatique
593 2890 634 2955 ad
653 2889 795 2954 edictum
812 2889 952 2953 aderant
998 2887 1107 2974 Impe-

53 2993 145 3045 rator
166 3001 220 3043 eos
242 2977 409 3054 collaudat,
425 2976 683 3075 pronuntiatque,
712 2983 752 3038 ‘a
777 2974 893 3074 quibus
914 2972 1107 3072 orta-pridie

55 3066 158 3152 ‘fuga
177 3076 269 3140 esset,
285 3064 503 3148 cohortesque,
519 3083 600 3148 quae
623 3083 713 3160 signa
734 3071 920 3160 amisissent,
935 3081 968 3123 se
989 3081 1022 3121 1n
1043 3079 1108 3208 pn·

55 3162 166 3216 ‘mam
196 3151 297 3216 aciem
326 3149 542 3214 inducturum.
598 3145 732 3210 Edicere
763 3167 826 3209 iam
855 3167 933 3221 sese,
960 3143 1049 3208 omni
1071 3165 1108 3208 us

55 3237 291 3338 ‘pugnandum
313 3259 349 3301 ac
369 3232 562 3299 vincendum
583 3253 670 3295 esset
694 3244 727 3296 et
746 3228 956 3296 annitendum
976 3227 1108 3316 singulis

55 3324 310 3409 ‘universisque
331 3344 372 3386 ne
395 3320 482 3408 prius
503 3319 669 3382 hesternae
691 3317 794 3404 bigae,
815 3338 913 3404 quam
934 3315 1107 3380 hodiernae

56 3411 241 3486 ‘victoriae
267 3409 352 3472 fama
377 3406 514 3471 Romam
543 3403 725 3490 perveniat’
769 3402 849 3467 Inde
875 3403 947 3467 cibo
977 3423 1109 3488 corpora

55 3498 186 3561 firmare
202 3495 288 3573 iussi,
304 3506 350 3570 ut,
366 3493 392 3557 si
406 3491 531 3578 longior
550 3512 659 3578 pugna
677 3501 769 3567 esset,
784 3489 903 3553 viribus
917 3488 1106 3552 sufficerent

57 3583 130 3648 Ubi
149 3583 257 3648 omnia
276 3581 363 3645 dicta
375 3579 520 3665 factaque
540 3590 624 3654 sunt,
664 3576 757 3641 nibus
776 3575 992 3640 excitarentur
1010 3573 1108 3638 animi

57 3668 209 3746 militum,
225 3669 259 3732 in
282 3667 382 3732 aciem
403 3663 590 3753 procedunt.
631 3599 740 3738 'duod
758 3661 814 3726 nbi
830 3659 1004 3724 Hannibali
1025 3681 1109 3724 nun-
1168 3661 1217 3722 14.

57 3757 175 3822 tiatum
191 3767 258 3819 est:
284 3752 390 3818 ‘Cum
405 3774 444 3816 eo
459 3751 629 3827 nimirum,’
643 3747 758 3835 inquit,
783 3757 792 3786 ‘
805 3747 893 3814 hoste
912 3767 962 3810 res
980 3759 1036 3822 est,
1052 3745 1109 3834 qui
1117 3742 1239 3871 ffiffi

94 3942 200 4004 40nt'rss
210 3937 570 4004 stipsiue]1dreferam,quod
602 3951 670 3985 mum
683 3935 791 3984 dedistis.
808 3935 888 3985 Onnv.

57 4007 131 4056 vobis
141 4007 221 4069 ipsum
233 4003 321 4066 pudori
329 4019 380 4051 esse
389 4003 496 4059 deberet,
504 4017 571 4050 nem·
635 3999 650 4049 6
661 4002 790 4050 Dsstrs'ctis
797 4000 888 4062 pladite
895 3999 1033 4058 discinctos]
1040 3999 1110 4048 Stare

58 4087 94 4136 pe
111 4076 241 4132 aequatam
255 4068 323 4116 vobis
339 4069 452 4114 hesterno
463 4063 504 4113 die
515 4079 571 4112 oum
604 4079 645 4112 eos
661 4063 795 4112 Marcellus
811 4062 881 4111 iussit
898 4077 942 4124 per
957 4063 1110 4124 aliquantum

58 4135 172 4186 hostibus
183 4147 299 4196 pugnam.
316 4132 397 4182 Onne.
604 4127 728 4188 tempon's,
745 4127 876 4176 discinctos
894 4141 950 4174 cum
970 4125 1066 4174 nudatis
1084 4129 1110 4172 et

95 4212 109 4262 5
126 4200 216 4246 Adhuc
231 4198 321 4256 cuens]
341 4195 471 4242 Hactenus
485 4191 571 4254 gloria·
604 4189 737 4254 evaginatis
749 4191 850 4252 gladiis:
870 4191 1001 4250 quoderat
1017 4201 1110 4248 poenae

57 4268 135 4312 batur
146 4261 275 4310 Hannibal
286 4273 369 4308 caesas
383 4274 399 4306 a
409 4273 435 4306 se
448 4257 573 4304 Romanas
605 4253 715 4301 militaris
730 4269 816 4316 genus,
827 4257 989 4300 memoratum
1000 4265 1042 4312 ap.
1051 4250 1110 4299 Sue·

59 4329 185 4389 legionem
202 4332 229 4374 at
245 4337 370 4385 nunquam
387 4323 493 4393 integras
505 4320 572 4392 lugn-
606 4323 656 4366 ton.
668 4318 731 4378 Aug.
744 4330 781 4374 ²4
798 4317 879 4365 Cnav.

61 4396 139 4441 rcrot„
174 4391 227 4439 Vos
242 4388 265 4437 ci
281 4389 329 4436 hoc
346 4387 420 4435 decus
437 4385 509 4434 hodia
525 4397 573 4445 pn·
