2874 4772
370 213 434 276 290
755 206 868 274 TITI
899 203 1033 276 LIVII

217 345 496 434 U·.c.541.copiam
515 367 592 423 esse,
607 357 644 410 ut
663 368 728 410 una
749 359 842 411 nocte
863 346 965 412 traiici
979 358 1085 434 posset
1103 345 1262 421 exercitus,
1274 339 1369 406 allatam

216 431 248 480 A·
265 431 294 480 ⁰·
309 443 432 510 2¹¹·est,
450 433 574 498 cibariis
595 431 707 496 decem
724 433 848 498 diemm
869 434 1070 520 praeparatis,
1091 433 1237 497 deductas
1253 425 1370 494 noctead

375 520 507 585 fluvium
521 519 661 607 legiones
676 535 748 584 ante
763 520 867 584 lucem
882 520 1012 586 traiecit.

277 621 306 680 8.
419 604 459 670 Id
469 605 653 694 priusquam
663 607 762 684 fieret,
772 606 818 670 ita
827 607 969 672 futurum
980 618 1176 694 compertum
1187 627 1227 670 ex
1236 598 1383 696 translitgbt

377 692 506 758 Fulvius
536 691 665 758 Flaccus
690 693 814 758 senatui
841 693 976 758 Romam
1002 716 1101 780 quum
1129 691 1298 778 scripsisset,
1316 705 1371 786 {⁸130

222 784 347 834 Vanesia
376 779 543 846 hominum
557 778 654 844 animi
674 780 901 867 proculusque
920 781 1049 867 ingenio
1066 779 1171 844 affecti
1190 789 1267 842 sunt.
1305 774 1341 837 bt
1352 793 1373 834 n

220 855 361 964 ssffim
378 890 412 932 re
432 879 496 932 tam
518 865 649 953 trepida,
670 881 782 932 senatu
799 867 959 954 extemplo
978 879 1097 943 vocato,
1118 865 1154 930 P.
1170 862 1328 934 Cornelius,
1341 857 1373 922 cai

379 953 498 1018 Asinae
519 974 696 1040 cognomen
716 967 793 1030 erat,
811 975 921 1017 omnes
938 953 1036 1018 duces
1055 953 1269 1036 exercitusque
1285 971 1318 1013 ex
1333 958 1375 1008 tata

379 1039 480 1117 Italia,
501 1061 606 1127 neque
624 1038 764 1126 Capuae,
782 1062 888 1126 neque
906 1039 999 1104 ullius
1017 1039 1143 1104 alterius
1162 1039 1209 1103 rei
1229 1057 1336 1108 memor,
1345 1029 1375 1130 ¹ad

378 1127 464 1192 tubis
486 1125 677 1213 praesidium
698 1126 873 1191 revocabat.
918 1125 1033 1190 Fabius
1058 1124 1231 1202 Maximus,
1252 1118 1377 1188 abscedit

381 1211 503 1301 Capua,
520 1212 691 1298 terrerique
704 1227 737 1277 et
751 1213 921 1296 circumagi
936 1212 977 1277 ad
991 1225 1087 1277 nutus
1097 1211 1376 1290 comminationesque

380 1298 578 1377 Hannibalis,
601 1299 790 1385 flagitiosum
810 1299 954 1364 ducebat.
1001 1299 1089 1375 ‘Qui
1110 1298 1151 1363 ad
1174 1297 1297 1363 Cannas
1312 1294 1378 1357 rictu

381 1387 447 1451 ‘ire
463 1400 569 1450 tamen
584 1385 624 1450 ad
641 1387 751 1450 urbem
766 1409 858 1450 ausus
873 1409 937 1455 non
952 1399 1042 1463 esset,
1058 1408 1142 1462 eum,
1153 1409 1174 1450 a
1191 1383 1298 1472 Capua
1308 1376 1378 1528 repul·

381 1481 479 1550 ‘sum,
495 1495 584 1560 spem
604 1473 775 1560 potiundae
792 1473 877 1537 urbis
894 1472 1014 1538 Romae
1032 1473 1177 1559 cepisse?
1201 1471 1275 1536 Non
1291 1468 1324 1534 ad
1359 1486 1378 1526 u

382 1568 487 1624 ‘mam
501 1557 716 1636 obsidendam,
732 1559 789 1623 sed
803 1558 844 1624 ad
860 1558 990 1646 Capuae
1005 1558 1201 1624 liberandam
1216 1557 1390 1625 obsidionem

382 1645 457 1710 ‘ire
497 1645 632 1710 Romam
649 1669 719 1710 eum
736 1669 774 1710 eo
786 1646 937 1724 exercitu,
950 1646 1006 1732 qui
1020 1645 1061 1709 sd
1073 1646 1184 1710 urbem
1200 1658 1287 1720 esset,
1297 1641 1379 1736 loten,

382 1730 564 1796 ‘foederum
587 1743 751 1819 ruptorum
773 1733 812 1796 ab
836 1731 1015 1796 Hannibale
1038 1744 1160 1809 testem,
1184 1733 1316 1817 deosque
1332 1725 1381 1822 altus

382 1817 586 1883 ‘defensuros
599 1819 686 1884 esse.’
730 1817 798 1884 Has
812 1818 949 1884 diversas
963 1819 1133 1884 sententias
1147 1819 1255 1884 media
1267 1827 1380 1882 manau

382 1905 419 1970 P.
430 1904 551 1970 Valerii
565 1904 669 1969 Flacci
680 1905 772 1970 vicit:
796 1906 862 1991 qui,
873 1906 1037 1992 utriusque
1052 1906 1098 1970 rei
1112 1928 1245 1983 memor,
1256 1899 1393 1986 imperant

382 1992 477 2069 ribus,
496 1991 553 2078 qui
575 1991 616 2056 ad
640 1991 689 2057 Ca
711 2014 785 2057 uam
806 2006 919 2069 essent,
938 1991 1139 2057 scribendum
1158 1992 1289 2068 censuit,
1309 1980 1381 2060 ‘Quid

383 2079 446 2144 ‘ad
460 2079 571 2144 urbem
586 2015 733 2166 praesidii
749 2091 848 2155 esset3
872 2092 1005 2166 quantas
1018 2092 1125 2143 autem
1140 2075 1302 2144 Hannibal
1312 2071 1383 2160 cous

382 2174 393 2204 ‘
401 2166 541 2243 duceret,
557 2178 612 2230 aut
625 2178 745 2252 quanto
760 2166 900 2230 exercitu
914 2165 956 2230 ad
968 2164 1112 2252 Capuam
1127 2165 1323 2230 obsidendam
1333 2175 1382 2253 opt}

383 2261 495 2329 ‘esset
508 2253 592 2340 ipsos
601 2255 688 2316 scire.
736 2250 814 2317 siet
826 2251 962 2316 Romam
974 2253 1137 2317 edacibus
1152 2251 1242 2329 alter,
1258 2263 1289 2316 et
1301 2265 1383 2314 exeru-

383 2348 455 2404 ‘tus
476 2361 548 2426 pars
565 2339 647 2404 mitti
671 2353 785 2426 posset,
807 2353 842 2403 ut
864 2340 903 2403 ab
925 2339 1047 2426 reliquo
1069 2352 1102 2404 et
1122 2339 1206 2404 duce
1229 2352 1263 2404 et
1281 2332 1384 2401 exercitu

383 2423 454 2489 ‘Ca
476 2447 517 2524 ua
537 2438 622 2490 recte
640 2425 852 2501 obsideretur3
875 2426 1010 2490 interae
1030 2440 1250 2526 compararent
1271 2419 1384 2524 Claudius

384 2509 432 2574 ‘F
466 2533 608 2598 vmsque,
629 2513 692 2576 utri
710 2511 883 2576 obsidenda
902 2511 1024 2599 Capua,
1044 2527 1117 2590 utrr,
1135 2512 1177 2578 ad
1220 2505 1385 2578 rohlbendaffl

226 2603 354 2655 Fulvius
385 2597 566 2661 ‘obsidione
576 2598 867 2684 patriam,Romam
875 2598 1070 2664 veniundum
1079 2611 1168 2664 esset.
1239 2606 1384 2664 ocreatus

226 2671 314 2732 ⁰⁸P¹¹⁸
326 2669 376 2718 Ro
384 2681 528 2749 consulto
545 2682 689 2772 Capuam
700 2685 829 2772 perlato,
844 2686 885 2760 Q,
897 2685 1026 2750 Fulvius
1039 2685 1218 2772 proconsul,
1228 2686 1289 2763 cui,
1303 2680 1385 2762 caleat

226 2749 357 2848 mero
384 2792 425 2834 ex
439 2769 569 2835 vulnere
584 2793 687 2858 aegro,
699 2771 841 2836 cundum
856 2772 991 2838 Romam
1003 2786 1078 2850 erat,
1090 2796 1108 2837 e
1124 2773 1225 2838 tribus
1236 2766 1385 2837 exercitius

384 2856 484 2922 milite
504 2857 614 2934 electo,
636 2857 677 2922 ad
697 2857 879 2958 quindecim
900 2859 998 2924 millia
1056 2859 1167 2936 ditum,
1183 2859 1273 2924 mille
1290 2854 1384 2947 equitas

383 2943 579 3011 Vulturnum
600 2945 744 3009 traducrt.
789 2944 870 3010 Inde.
890 2968 989 3033 quum
1010 2882 1226 3011 &annibalem
1247 2945 1385 3010 Lunata

383 3031 502 3096 iturum
516 3031 590 3096 satis
604 3031 815 3119 comperisset,
830 3033 897 3120 ipse
912 3055 969 3120 per
983 3033 1108 3120 Appiae
1129 3033 1248 3099 munici
1274 3032 1387 3114 inqut*

384 3131 599 3206 quapropter
623 3141 694 3183 eam
719 3117 802 3183 viam
825 3132 908 3197 sunt,
935 3119 1063 3197 Setiam,
1090 3117 1219 3197 Coram,
1244 3055 1384 3185 Rumina

383 3205 553 3292 praemisit,
569 3217 605 3270 ut
619 3219 812 3270 commeatus
830 3218 954 3294 paratos
968 3219 1001 3272 et
1014 3207 1049 3270 in
1064 3206 1193 3272 urbibus
1213 3205 1385 3276 haberentet

383 3313 424 3354 ex
446 3293 527 3378 agris
548 3290 647 3356 deviis
668 3291 703 3356 in
724 3293 807 3356 viam
828 3291 1012 3380 proferrent,
1035 3292 1255 3380 praesidiaque
1275 3293 1308 3356 in
1325 3287 1395 3383 urta·

383 3377 614 3456 contraherent,
630 3391 667 3442 ut
681 3401 738 3443 sua
750 3379 866 3466 cuique
881 3379 1057 3467 respublica
1071 3379 1105 3444 in
1119 3401 1216 3446 meatu
1231 3391 1318 3444 emet
1390 3390 1393 3410 ¹

415 3672 431 3715 4
448 3657 494 3705 Id.
507 3691 513 3704 .
526 3661 689 3717 mammarum
699 3671 729 3704 an
744 3656 888 3716 erumnas,
920 3654 961 3718 qni
976 3655 1008 3704 ad
1023 3657 1108 3704 urbem
1125 3663 1196 3716 esset,
1208 3657 1328 3706 defensam
1341 3649 1386 3698 fuis

384 3721 489 3767 Fuluius
507 3720 610 3767 Flaccus
629 3721 726 3768 scamni
746 3755 793 3768 ...
813 3735 888 3782 quum
918 3725 1045 3768 memorat.
1076 3719 1162 3770 Utrius
1172 3713 1386 3784 muorntfidsslt

383 3784 529 3844 ωτίρείειοί]
552 3783 668 3846 Polybius
678 3783 703 3831 in
715 3788 767 3831 tota
777 3784 824 3831 hac
834 3799 888 3832 nar-
919 3783 979 3846 lybii
995 3783 1334 3844 erRnondeennimm
1357 3777 1386 3826 St<

384 3846 486 3906 ratione,
496 3861 559 3907 qnae
577 3847 637 3896 libro
654 3846 706 3895 eins
722 3861 759 3896 rx.
776 3847 887 3907 habetur,
919 3863 961 3896 eos
978 3847 1005 3896 in
1023 3863 1049 3896 rs
1067 3853 1119 3898 tam
1135 3850 1201 3900 clara
1216 3856 1314 3911 mque
1329 3845 1387 3906 man

384 3909 491 3957 multum
512 3925 528 3958 a
545 3911 614 3960 Lirio
633 3911 761 3972 discrepat.
798 3910 888 3974 Neque
919 3916 1046 3974 tantopere
1061 3913 1186 3964 &mentire
1205 3913 1349 3962 vehementer
1361 3917 1386 3950 θ’·

385 3973 450 4021 enim
462 3973 586 4022 Romanos
602 3981 659 4023 ante
673 3974 818 4037 comperisse
831 3991 887 4024 con·
919 3991 1007 4025 ramur.
1024 3977 1104 4027 Cant.
1379 4033 1381 4038 ,

385 4036 466 4086 silium
478 4036 625 4086 Hannibalis
639 4039 729 4102 scribit,
739 4054 812 4100 quam
825 4041 885 4089 Pos-
955 4052 968 4103 5
984 4041 1147 4091 Libasandm
1166 4042 1317 4101 Mum]
1343 4035 1387 4084 S&

385 4117 431 4150 nus
449 4101 549 4148 traiecto
566 4101 685 4151 Anienem
705 4103 812 4154 exercitu
829 4121 887 4166 qus·
920 4105 969 4154 lem
986 4105 1133 4155 locutionem
1153 4107 1217 4170 apud
1237 4112 1339 4154 nodum
1354 4109 1387 4145 ΝΞ

385 4163 496 4227 draginta
506 4165 589 4214 stadiis
602 4167 633 4212 ab
645 4167 703 4214 urbe
714 4173 792 4216 eastra
802 4184 887 4230 posue—
920 4168 1003 4217 xxxvi.
1015 4185 1052 4232 ²5·
1064 4170 1178 4220 invenies

384 4228 423 4277 n't.
456 4228 522 4276 Tum
537 4229 598 4277 nihil
609 4229 707 4278 omnino
717 4229 777 4279 dicit
787 4233 818 4280 de
830 4233 887 4282 Ful·
951 4231 1113 4298 suram
1119 4237 1168 4296 rei]
1178 4225 1388 4284 Etubn'dendwst

386 4291 425 4340 vio
441 4307 457 4340 a
472 4293 560 4353 Capua
575 4299 695 4342 revocato.
728 4294 833 4344 Romam
847 4297 887 4346 de
919 4299 1196 4360 puscetdefendandne
1206 4299 1308 4348 nomae
1376 4349 1382 4354 .

385 4355 459 4416 nique
475 4371 490 4404 a
507 4357 645 4406 consulibus
660 4371 690 4405 ao
706 4357 758 4406 solo
771 4359 888 4421 exercitu,
956 4374 970 4423 7
990 4364 1024 4412 Ut
1040 4379 1087 4413 rata
1104 4366 1191 4428 crdqroe
1210 4358 1349 4426 mmsis]
1367 4352 1388 4398 l'·
