2888 4768
215 369 252 436 11·
263 369 293 419 ὓ·
308 380 363 432 ⁵40·

215 435 246 502 ll.
263 434 294 483 C.
309 448 364 482 ara.

372 223 436 284 234
756 213 867 281 ΤΙΤΙ
900 213 1034 281 LIVII

372 352 466 452 allata
479 363 537 430 est,
553 363 590 451 ut
603 331 865 451 aeramentumubi
881 349 989 416 Latini
1000 351 1181 452 suffragium
1195 351 1317 416 ferrent,
1350 351 1404 420 lna

373 453 464 506 terrm
482 437 642 526 pubhoanr
663 435 782 504 Cascae
800 449 925 516 instare,
943 451 979 504 ut
997 438 1132 504 concilro
1150 439 1236 504 diem
1251 439 1405 504 eximerett

373 523 515 614 Populus
526 522 708 590 reclamare:
733 537 765 589 et
779 524 859 590 forte
870 525 905 590 in
920 547 1020 590 cornu
1030 525 1150 613 primus
1163 526 1291 592 sedebat
1302 525 1405 602 Cuma

216 634 361 684 Publiusne
373 613 426 677 cui
440 609 534 676 simul
549 625 653 711 metus
665 609 831 700 pudorque
849 609 992 676 animum
1006 612 1156 678 versabat.
1205 611 1311 687 Quum
1323 613 1352 676 in
1363 635 1391 675 eo

215 715 269 774 mm
282 701 356 748 auda·

216 779 261 812 cra

373 721 485 788 parum
508 697 656 798 praesidu
679 711 771 776 esset,
796 697 968 762 turbandae
994 699 1040 764 rei
1064 722 1157 763 causa
1179 698 1333 786 publicani
1350 705 1406 785 pert

372 781 831 852 vacuummsummotolocum
841 807 944 849 cuneo
953 785 1143 872 irrupenmt,
1153 785 1311 872 iurgantes
1320 783 1391 848 mul

372 895 446 938 cum
460 895 503 960 po
526 871 579 937 ulo
594 871 801 958 tribunisque.
846 869 919 936 Nec
955 871 1042 936 rocul
1058 871 1262 938 dimicatione
1276 887 1390 946 resera,

372 982 472 1048 quum
515 957 616 1024 ulvius
631 957 739 1023 consul
756 956 898 1035 tribunis,
916 967 925 995 ‘
970 981 1053 1024 onne
1069 959 1201 1036 videtis'
1216 959 1324 1046 inquit,
1338 967 1406 1024 ‘rost

374 1047 426 1110 ‘in
441 1045 586 1110 ordinem
601 1057 725 1110 coactos
739 1067 816 1122 esse,
832 1055 865 1109 et
879 1067 946 1109 rem
961 1043 1002 1110 ad
1017 1044 1206 1110 seditionem
1220 1043 1392 1145 spectarani

296 1189 303 1206 ,
375 1142 526 1222 ‘propere
549 1131 707 1197 dimittitis
724 1130 825 1219 plebis
844 1130 1052 1198 conciliuml’
1095 1131 1195 1196 Plebe
1213 1131 1342 1206 drmima,
1357 1153 1392 1194 se·

373 1234 466 1286 natus
483 1230 621 1296 vocatur,
642 1231 675 1282 et
695 1217 839 1282 consules
858 1217 1000 1283 reserauit
1016 1218 1056 1282 de
1076 1218 1214 1284 concilio
1231 1218 1326 1307 plebis
1345 1231 1393 1280 tur

372 1307 448 1372 bato
461 1305 493 1370 vi
508 1318 602 1394 atque
621 1303 753 1370 audacia
772 1303 1020 1405 publicanorum.
1067 1303 1136 1368 ςΜ.
1150 1303 1283 1372 Furium
1298 1301 1391 1370 Camil·

322 1447 327 1458 .
374 1394 469 1470 ‘lum,
479 1393 569 1457 cuius
583 1390 729 1456 exsilium
741 1413 834 1456 ruma
847 1391 933 1456 urbis
944 1403 1051 1456 secuta
1061 1391 1166 1470 fuerit,
1177 1392 1317 1458 damnari
1330 1390 1391 1454 scab

374 1480 478 1544 ‘iratis
489 1479 609 1544 civibus
620 1500 744 1566 passum
760 1499 836 1542 esse.
882 1477 1087 1543 Decemviros
1101 1491 1175 1544 ante
1188 1501 1273 1556 eum,
1285 1497 1391 1565 quamn

374 1566 515 1654 ‘legibus
529 1564 570 1629 ad
584 1587 655 1629 eam
665 1563 750 1628 diem
761 1564 912 1641 viverent,
922 1563 1039 1628 multos
1052 1577 1162 1652 postea
1176 1565 1330 1653 principes
1336 1562 1391 1627 dri·

374 1653 475 1730 ‘tatis
485 1650 638 1717 iudicium
649 1650 689 1714 de
701 1674 734 1716 se
788 1650 856 1739 puli
866 1672 980 1737 passos.
1011 1650 1213 1716 Postumium
1226 1652 1390 1740 Pyrgensem

374 1739 576 1838 ‘suffragium
601 1736 720 1825 populo
745 1673 891 1802 bimam
916 1737 1091 1816 extorsisse,
1118 1739 1290 1804 concilium
1314 1735 1390 1824 plebis

374 1823 563 1902 ‘sustnhsse,
582 1825 725 1888 tribunos
746 1822 781 1887 in
801 1823 946 1890 ordinem
968 1824 1116 1910 coegisse,
1137 1839 1251 1892 contra
1265 1821 1390 1974 popplan

374 1912 576 1978 ‘Romanum
591 1911 692 1976 aciem
706 1910 899 1988 instruxisse,
915 1910 1020 1978 locum
1035 1933 1215 1998 occupasse,
1229 1925 1265 1977 ut
1277 1925 1313 1976 tn
1333 1927 1390 1972 mas

375 2010 413 2064 ‘a
430 1999 524 2088 plebe
539 1997 776 2075 intercluderet,
791 1998 891 2063 tribus
905 1997 939 2062 in
954 1997 1137 2097 suffragium
1152 1999 1259 2064 vocari
1272 1996 1390 2084 prohibe·

375 2096 449 2152 ‘ret
496 2085 587 2152 Nihil
610 2082 696 2150 aliud
713 2107 732 2148 a
749 2084 847 2150 caede
869 2106 905 2148 ac
925 2083 1127 2150 dimicanonc
1146 2085 1332 2150 continuisse
1350 2081 1389 2144 ho·

375 2173 503 2252 ‘mines
528 2172 588 2238 nisi
612 2171 797 2258 patientiam
822 2171 1069 2257 magistratuum,
1094 2171 1181 2258 quod
1207 2167 1389 2236 camerintin

374 2271 384 2300 ‘
392 2261 570 2350 praesentia
584 2257 682 2322 furori
696 2271 790 2344 atque
809 2255 957 2322 audaciae
972 2279 1153 2344 paucorum,
1170 2259 1314 2345 vincique
1327 2278 1353 2320 se
1364 2273 1388 2316 ar

374 2347 545 2436 ‘populum
570 2345 752 2410 Romanum
774 2343 855 2430 passi
877 2343 959 2408 sint:
981 2356 1014 2408 et
1035 2343 1170 2422 comitia,
1193 2369 1277 2433 quae
1296 2337 1388 2407 reusu'

373 2444 382 2472 ‘
394 2447 491 2533 atque
506 2433 599 2498 armis
610 2431 825 2519 prohibiturus
840 2443 916 2508 erat,
927 2453 969 2495 ne
981 2454 1075 2495 cause
1085 2433 1307 2518 quaerentibus
1319 2425 1388 2492 dini·

374 2530 550 2584 ‘canonem
580 2519 717 2595 daretur,
748 2516 908 2582 voluntate
938 2518 1036 2604 ipsius
1066 2517 1271 2583 sustuleriut‘
1321 2513 1400 2578 Haeo

371 2628 472 2694 quum
488 2606 526 2670 ab
541 2606 662 2692 optimo
677 2627 804 2692 quoque
820 2626 877 2690 pro
892 2603 1055 2670 atrocitate
1070 2605 1116 2670 rei
1132 2619 1202 2670 acta
1213 2615 1320 2680 essent,
1331 2600 1387 2664 rim

371 2715 434 2780 que
450 2713 520 2756 eam
535 2705 645 2756 contra
659 2689 885 2777 rempublicam
900 2703 933 2754 et
947 2691 1123 2778 pernicioso
1134 2691 1282 2843 exemplo
1291 2691 1385 2758 facum

371 2793 497 2844 senatus
512 2777 686 2853 decressct3
710 2775 875 2841 confestim
893 2775 1024 2840 Carvilii
1044 2777 1163 2842 tribuni
1177 2777 1232 2930 ple
1254 2773 1387 2856 iactum

371 2865 488 2930 multae
501 2863 682 2941 certatione,
695 2863 741 2928 rei
752 2861 894 2952 capitalis
906 2862 991 2928 diem
1002 2863 1166 2930 Postumio
1203 2865 1336 2930 'xenmn
1354 2879 1385 2931 δὴ

404 3091 418 3140 3
438 3078 486 3128 Ubi
500 3077 586 3126 Latini
602 3075 750 3138 mffraffim
763 3076 876 3136 sacrm]
909 3073 962 3139 tur)
973 3074 993 3125 ai
1006 3083 1125 3140 perpetrm
1135 3077 1246 3128 emtione
1256 3077 1316 3126 diem
1325 3083 1384 3121 aaa*

371 3141 521 3203 Corruptum
538 3141 604 3190 hunc
620 3141 702 3190 locum
718 3144 815 3188 tantum
828 3153 878 3188 non
909 3145 996 3190 maret.
1010 3140 1092 3191 Cass.
1375 3195 1378 3204 ,

371 3221 455 3254 omnes
474 3203 550 3252 critici
569 3205 670 3264 habent,
686 3209 711 3252 at
730 3201 837 3254 Gronov.
854 3219 878 3251 e·
942 3207 1007 3266 51n
1021 3207 1110 3266 rama]
1137 3205 1168 3254 In
1184 3213 1292 3256 anema
1306 3206 1341 3251 aut
1353 3211 1384 3260 prr

370 3270 486 3318 mandare
498 3273 585 3327 tentat,
595 3277 625 3318 at
634 3271 781 3318 sortirentur
791 3269 878 3328 tribus,
909 3283 976 3317 more
990 3269 1169 3330 subselliorum,
1179 3269 1205 3318 in
1224 3285 1302 3320 arcum
1316 3269 1349 3314 aut
1362 3275 1384 3308 a*

271 3343 273 3350 “
370 3333 736 3396 oadatamffraya'amsmaat.
759 3329 877 3380 SedNia·
908 3331 1029 3382 micirculi
1037 3333 1139 3384 formam
1147 3331 1383 3390 conomanmprre

370 3397 618 3446 buhriuaubiLatr'ni
632 3398 728 3460 probat,
739 3401 876 3458 censetque,
909 3395 1017 3448 Srsorn.
1372 3451 1376 3460 ,

370 3463 468 3524 qnando
483 3477 499 3509 a
515 3461 653 3510 censoribus
667 3461 700 3518 Q,
712 3459 789 3509 Fabio
806 3465 831 3509 et
847 3461 876 3510 P.
941 3457 1105 3511 6Pablr'oaai
1123 3479 1171 3525 per
1190 3462 1305 3521 mars]
1324 3453 1382 3506 Pulli

370 3525 449 3576 Decio
472 3530 541 3574 vetus
564 3525 677 3574 claudum
705 3524 730 3572 iu
756 3523 877 3572 centurias
909 3521 1382 3586 camwngtobatiatameoraetoimrt

370 3589 456 3640 divisio
472 3605 504 3638 ex
520 3588 630 3640 instituto
642 3588 718 3640 Servii
730 3587 807 3638 Tullii
824 3603 877 3638 mu·
909 3594 966 3638 runt
978 3590 1123 3652 pariorum,
1133 3590 1159 3640 in
1170 3607 1200 3640 aa
1211 3597 1279 3654 parte
1290 3587 1380 3651 ander?

370 3660 423 3704 tata
444 3661 489 3713 eat,
508 3653 697 3716 municipalibus
715 3651 757 3714 qui
780 3653 877 3702 Romae
909 3653 983 3714 pulus
998 3661 1134 3704 summonte
1145 3662 1206 3715 erat,
1217 3667 1320 3704 vacuum.
1345 3645 1380 3694 '1⁸¹'r

369 3717 513 3766 habitabant
526 3717 580 3766 iure
596 3719 679 3780 aliqua
694 3715 824 3766 imminuta
839 3715 876 3764 iu·
908 3715 968 3765 buni
980 3719 1100 3780 populum
1111 3719 1381 3775 mmmovorantutwiss

369 3781 425 3842 isse,
446 3788 471 3831 et
493 3797 542 3844 quo
563 3782 640 3844 magis
662 3781 731 3830 illam
757 3780 876 3828 iacturam
909 3787 1125 3831 memoratumast
1160 3784 1249 3845 Itaque
1259 3777 1338 3842 aliquid
1346 3777 1379 3822 asi

369 3860 448 3907 aequo
464 3845 546 3894 animo
562 3845 659 3904 ferrent,
671 3844 765 3892 Latinis
779 3861 874 3894 conces
908 3845 978 3894 vacari
989 3845 1111 3896 intervalli
1122 3847 1231 3896 tribunos
1243 3847 1301 3896 inter
1313 3847 1334 3890 st
1346 3836 1379 3898 pit

369 3908 615 4020 3334?le
623 3908 875 4034 malinii-‘li’
907 3909 971 4036 ἢεῖ·
983 3909 1322 4027 edibili-²¹¹3&
1334 3903 1378 4020 21

617 4007 625 4033 ἱ

368 4039 466 4085 renent.
765 4057 769 4068 ·
907 4035 1202 4088 vestrammetariatem
1212 4033 1377 4090 munietur·

401 4117 416 4162 4
437 4103 470 4151 Ut
488 4101 588 4150 wadila
606 4101 668 4148 diem
686 4101 813 4160 camera]
838 4100 876 4150 Ut
907 4101 941 4150 iii.
954 4114 992 4166 35.
1008 4101 1039 4152 ri.
1052 4104 1090 4166 38.

368 4166 435 4214 hunc
452 4163 516 4214 diem
533 4162 637 4212 concilio
652 4163 761 4226 impendi
774 4169 875 4225 vetaret,
939 4167 955 4216 8
971 4170 1041 4218 Heca
1052 4184 1142 4232 qaum.
1153 4175 1238 4218 ..acta
1249 4163 1327 4220 moll
1335 4157 1376 4222 Gli

368 4245 458 4293 nampe
476 4229 654 4278 intercedendo.
690 4229 763 4277 Diem
778 4244 876 4291 qnoque
908 4231 993 4280 novius
1009 4239 1093 4280 contra
1110 4232 1183 4282 fidem
1199 4247 1249 4282 um.
1260 4221 1375 4281 startias
1408 4255 1409 4268 2

368 4310 441 4357 saepe
458 4293 547 4356 aliquis
562 4293 666 4343 dicando
682 4294 808 4352 sumebat,
825 4293 875 4343 aive
906 4295 977 4344 iussit
996 4298 1068 4355 iacta,
1086 4311 1159 4359 quem
1176 4303 1292 4346 auctorem
1306 4289 1375 4339 sumtu
1408 4303 1409 4306 ’

369 4361 472 4417 tollebat,
484 4355 598 4422 (utroque
610 4357 674 4407 enim
688 4358 759 4406 verbo
775 4359 874 4406 utebnn-
908 4365 943 4407 cst
956 4359 1062 4408 Bckkcr.
