3002 4798
397 237 492 303 LIB.
517 237 613 302 ΧΧΙ,
649 237 760 302 CAP.
786 242 837 303 59.
1100 243 1141 304 53

60 386 78 433 a
134 373 236 440 Haud
265 375 353 462 longi
382 375 458 440 inde
489 375 648 461 temporis,
678 375 757 440 dum
786 375 997 440 intolerabilia
1026 375 1143 476 frigora
1151 391 1185 442 U.
1198 391 1227 444 c.
1240 403 1295 455 534·

86 474 191 539 erant,
215 461 306 548 quies
328 460 421 526 militi
443 461 517 526 data
538 473 601 526 est:
635 474 668 526 et
690 461 730 526 ad
751 462 854 548 prima
875 484 912 526 ac
934 462 1032 526 dubia
1052 458 1181 549 elgnaA·
1198 457 1228 504 0·
1241 458 1297 506 ²¹⁸·

85 549 173 612 veris
186 548 346 634 profectus
361 570 403 612 ex
417 547 566 624 hibernis,
581 547 616 612 in
637 547 798 612 Etruriam
813 547 911 625 ducit,
928 570 997 613 eam
1013 571 1141 636 quoque
1203 523 1254 583 58·

85 647 231 720 gentem,
246 635 329 698 sicut
352 633 462 700 Gallos
484 634 693 721 Liguresque,
709 647 765 698 aut
785 635 817 697 vi
839 646 895 698 aut
909 634 1071 699 voluntate
1086 635 1142 699 ad·

85 723 266 786 iuncturus.
313 720 546 786 Transeuntem
570 723 601 784 A
645 721 780 784 nninum
810 720 889 786 adeo
912 734 1002 785 atrox
1031 721 1141 786 adorta
1150 729 1292 780 Transitum

86 819 263 893 tempestas
284 819 341 884 est,
372 820 409 872 ut
438 807 573 894 Alpium
594 744 778 872 lbeeditatem
807 829 905 895 prope
935 795 1303 907 superaveritssptgtnffl

89 893 199 957 Vento
226 893 345 958 mixtus
368 894 470 958 imber
498 917 598 980 quum
623 894 759 958 ferretur
780 893 815 957 in
837 892 905 980 ipsa
933 916 997 970 ora,
1027 894 1140 980 primo,
1149 875 1224 972 nibal.
1263 874 1294 906 ω

85 981 167 1066 quia
181 993 238 1044 aut
252 1002 340 1044 arma
354 981 529 1044 omittenda
543 993 642 1057 erant,
654 993 709 1046 aut
724 991 834 1044 contra
848 979 1006 1043 enitentes
1020 980 1140 1044 vortice

59 1066 201 1142 9intorti
221 1065 450 1153 affligebantur,
471 1067 658 1130 constitere:
683 1065 769 1142 dein,
790 1087 890 1152 quum
911 1065 974 1129 iam
994 1065 1140 1152 spiritum

62 1151 270 1216 1includeret
289 1174 350 1216 nec
369 1152 563 1239 reciprocare
585 1153 723 1216 animam
743 1151 869 1228 sineret,
886 1151 986 1215 aversi
1006 1175 1025 1216 a
1044 1164 1140 1217 vento

84 1260 262 1326 parumper
290 1238 470 1303 consedere.
531 1237 618 1302 Tum
647 1260 722 1302 vero
756 1238 879 1324 ingenti
908 1261 986 1302 sono
1015 1237 1141 1303 coelum

84 1339 151 1389 stre
195 1346 240 1401 re,
264 1337 297 1388 et
318 1324 402 1388 inter
423 1323 598 1389 horrendos
618 1323 757 1410 fragores
778 1323 894 1388 micare
916 1323 1023 1410 ignes:
1056 1323 1140 1410 capti

85 1433 159 1474 aun
182 1432 220 1474 us
241 1422 276 1475 et
297 1409 397 1475 oculis
418 1422 506 1474 metu
528 1431 638 1474 omnes
667 1421 800 1496 torpere.
861 1409 1017 1486 Tandem,
1040 1410 1140 1474 effuso

84 1498 201 1573 imbre,
215 1517 316 1583 quum
331 1518 370 1560 eo
385 1495 485 1582 magis
499 1517 631 1560 accensa
644 1495 691 1560 vis
704 1495 793 1559 venti
807 1507 899 1572 esset,
912 1495 980 1582 ipso
995 1495 1060 1572 illo,
1076 1518 1141 1582 quo

85 1582 283 1670 deprehensi
298 1594 397 1659 erant,
409 1581 480 1646 loco
494 1593 596 1646 castra
609 1604 727 1668 ponere
743 1581 954 1648 necessarium
964 1581 1067 1646 visum
1082 1595 1138 1646 est

85 1669 129 1734 Id
151 1690 229 1734 vero
251 1667 365 1734 laboris
385 1668 474 1733 velut
495 1668 536 1732 de
560 1668 685 1755 integro
706 1667 833 1751 initium
855 1668 924 1732 firit
972 1667 1058 1732 Nam
1080 1687 1140 1734 nec

86 1754 251 1843 explicare
280 1755 463 1842 quicquam,
492 1777 553 1819 nec
582 1766 718 1818 statuere
750 1767 914 1840 poterant;
952 1776 1022 1831 nec,
1053 1754 1141 1840 quod

85 1852 246 1906 statutum
280 1853 373 1918 esset,
403 1841 560 1917 manebat,
590 1840 699 1904 omnia
731 1840 953 1926 perscindente
981 1854 1078 1906 vento
1107 1853 1141 1904 et

62 1929 252 2014 arapiente:
288 1939 321 1992 et
343 1949 419 1991 mox
440 1949 524 2014 aqua
543 1926 648 1991 levata
668 1941 773 2006 vento,
797 1949 898 2014 quum
919 1949 1014 2014 super
1034 1925 1141 2026 gelida

85 2013 251 2079 montium
266 2013 341 2100 iuga
355 2027 503 2080 concreta
517 2025 609 2090 esset,
625 2024 749 2077 tantum
764 2013 891 2077 nivosae
906 2013 1069 2112 grandims
1083 2011 1141 2077 de-

86 2101 177 2176 iecit,
193 2113 240 2177 ut,
256 2100 403 2164 omnibus
418 2100 550 2178 omissis,
566 2100 812 2186 procumberent
833 2097 987 2176 hommes,
1004 2099 1141 2183 tegmin-

86 2187 164 2251 ibus
185 2186 250 2250 suis
272 2186 371 2273 magis
393 2185 508 2263 obruti,
524 2207 620 2286 quam
640 2185 725 2249 tecti.
772 2184 940 2270 Tantaque
955 2183 1003 2248 vis
1017 2183 1141 2270 frigoris

87 2273 237 2337 insecuta
251 2285 308 2350 est,
320 2283 366 2349 ut,
379 2295 420 2336 ex
435 2271 490 2336 illa
500 2271 670 2336 miserabili
680 2270 848 2334 hominum
862 2269 1141 2356 iumentorumque

87 2372 195 2444 strage
217 2380 316 2446 quum
337 2381 371 2422 se
392 2357 446 2445 qui
486 2380 526 2424 ue
547 2357 690 2422 attollere
708 2379 745 2421 ac
763 2356 867 2421 levare
887 2355 992 2433 vellet,
1009 2355 1066 2420 diu
1085 2379 1143 2420 ne·

87 2445 209 2532 quiret,
232 2445 317 2530 quia,
340 2456 374 2509 to
431 2458 479 2508 nt1
501 2466 538 2508 us
567 2443 670 2531 rigore
693 2443 807 2519 nervis,
830 2443 883 2506 vix
906 2443 1032 2507 flectere
1055 2455 1142 2508 artus

87 2543 250 2618 poterant.
296 2530 385 2595 Dein
407 2553 435 2609 e,
451 2543 488 2595 ut
501 2530 632 2595 tandem
651 2529 799 2616 agitando
815 2551 881 2594 sese
900 2551 1025 2594 movere
1041 2552 1077 2595 ac
1092 2551 1142 2594 re-

87 2639 208 2704 cepere
223 2617 354 2694 animos,
370 2629 404 2682 et
418 2616 494 2682 raris
508 2617 586 2682 locis
605 2616 611 2630 '
659 2616 686 2680 is
706 2616 776 2680 lieri
791 2629 839 2680 est
852 2627 993 2703 coeptus,
1009 2615 1051 2679 ad
1066 2615 1141 2680 alie-

88 2725 169 2768 nam
184 2725 278 2791 opem
293 2704 428 2790 quisque
448 2703 540 2802 inops
560 2716 615 2766 ten
638 2723 699 2766 ere.
746 2700 888 2767 Biduum
903 2725 941 2766 eo
960 2701 1039 2779 loco,
1054 2701 1143 2766 velut

89 2791 221 2867 obsessi,
236 2811 389 2854 mansere.
413 2788 514 2853 Multi
527 2789 682 2864 homines,
698 2787 798 2852 multa
812 2789 963 2866 iumenta,
979 2787 1142 2874 elephanti

89 2897 224 2963 quoque
240 2899 281 2940 ex
296 2876 354 2952 bis,
371 2876 427 2976 qui
442 2874 562 2962 proelio
582 2874 623 2939 ad
639 2873 790 2939 Trebiam
809 2874 892 2938 facto
912 2873 1142 2960 superfuerant,

65 2985 123 3040 3se
148 2975 216 3028 tem
231 2963 341 3028 absum
364 2975 398 3028 tr.

173 3071 316 3136 egressus
411 3047 511 3112 nnino
531 3058 615 3112 retro
635 3045 677 3110 ad
696 3045 892 3111 Placentiam
914 3057 1016 3110 castra
1032 3046 1141 3123 movit,
1205 3046 1257 3108 59.

90 3148 125 3201 et
141 3135 184 3200 ad
199 3135 310 3200 decem
330 3071 430 3198 mdia
447 3155 629 3221 progressus
648 3131 801 3196 consedit
847 3131 979 3196 Postero
994 3131 1047 3196 die
1062 3132 1143 3196 duo-
1151 3129 1307 3192 Reponitur.

91 3221 200 3286 decim
222 3220 322 3286 millia
383 3218 660 3319 ditum-quinque
682 3218 827 3390 equitum
849 3216 997 3281 adversus
1018 3216 1142 3281 hostem

92 3308 193 3372 ducit
240 3305 312 3372 Nec
385 3327 547 3393 mpromus
575 3303 686 3370 consul
730 3303 793 3366 iam
821 3303 908 3366 enim
937 3301 1075 3367 redierat
1102 3302 1142 3366 ab

94 3393 218 3480 Roma)
232 3393 421 3458 detrectavit
441 3403 618 3456 certamen:
643 3401 739 3475 atque
755 3410 794 3452 eo
813 3387 865 3452 die
884 3388 946 3452 tria
959 3387 1059 3451 millia
1072 3410 1143 3488 pas-

93 3502 189 3544 suum
217 3480 302 3546 inter
329 3479 406 3545 bina
434 3489 534 3542 castra
561 3476 659 3541 fuere.
719 3474 851 3539 Postero
880 3473 933 3538 die
962 3474 1144 3560 ingentibus
1153 3481 1240 3544 Pugna
1246 3481 1310 3532 inter

93 3567 219 3644 animis,
235 3567 320 3631 vario
335 3577 461 3642 eventu,
477 3574 654 3651 pugnatum
669 3575 724 3626 est
771 3559 880 3626 Primo
894 3581 1049 3625 concursu
1064 3558 1144 3624 adeo
1153 3547 1265 3658 Semprq

94 3675 145 3718 res
162 3653 309 3718 Romana
326 3651 468 3740 superior
481 3649 551 3727 suit,
569 3663 605 3713 ut
619 3671 685 3714 non
700 3647 766 3713 acie
781 3647 944 3712 vincerent
960 3646 1072 3724 solum,
1088 3645 1145 3712 scd
1152 3625 1282 3723 ffiib,

93 3739 204 3826 pulsos
218 3740 325 3804 hostes
339 3739 374 3802 in
389 3749 490 3802 caena
505 3747 787 3824 persequerentur3
811 3755 886 3799 mox
900 3745 1002 3798 castm
1016 3755 1061 3820 qu
1104 3755 1144 3797 ue
1154 3739 1211 3788 lem·

95 3837 327 3913 oppugnarent
385 3822 557 3900 Harmibal,
578 3821 687 3910 paucis
703 3821 989 3908 propugnatoribus
1008 3820 1044 3884 in
1063 3843 1083 3884 v
1126 3841 1145 3884 ο

128 4053 240 4101 SHaud
257 4053 324 4114 longi
341 4053 398 4101 inde
417 4051 542 4114 temporis]
566 4049 608 4098 Ita
640 4047 736 4110 ciproco
748 4045 828 4095 halitu
844 4059 925 4095 aerem
943 4044 1056 4108 excipere
1070 4049 1096 4092 et
1113 4043 1146 4090 af-

95 4113 431 4167 1.F.Granor.emendavit.
449 4114 532 4176 Vulgo
540 4114 608 4162 bared
640 4112 705 4160 flare.
722 4111 803 4162 ΟΜ.

94 4181 244 4243 lonybindr
255 4181 408 4241 temporibus.
672 4177 774 4238 rAqaa
785 4175 959 4235 moravam]
973 4173 1084 4234 Vapores
1091 4171 1147 4220 sub-

128 4260 145 4308 9
161 4245 357 4306 Afflipcbaatur]
377 4241 457 4292 Humi
474 4246 608 4304 prosterne·
640 4238 776 4288 lativento.
793 4238 900 4287 Sraoru.

95 4311 197 4366 bantur,
208 4313 237 4355 ut
247 4322 312 4369 supr.
323 4319 362 4370 35.
673 4316 687 4364 3
704 4305 799 4365 Septem
809 4303 944 4365 absumpti]
958 4299 1053 4374 'Unum
1068 4299 1147 4348 solum

132 4387 141 4420 ι
163 4373 327 4434 neuma
342 4371 462 4432 unimam]
483 4369 508 4419 h.
520 4384 541 4418 e.
559 4369 608 4417 Re-
641 4367 787 4429 superbiisse
798 4365 872 4415 tradit
884 4365 937 4415 Pol.
948 4364 981 4414 iu.
995 4376 1031 4425 74.
