2878 4772
307 225 404 293 LIB.
429 225 595 294 XXVIII.
630 228 742 295 CAP.
766 234 818 296 46.
1020 229 1084 292 455

14 373 191 468 'quantum
216 362 251 428 irr
277 363 489 514 quaciqqpinte
513 363 623 451 longas
645 387 743 431 naves
767 383 848 456 opus
871 375 962 439 esset,
987 361 1170 426 turicino.
1185 383 1240 436 ⁵47·

14 461 163 534 ,cenum
176 461 211 514 et
224 449 337 538 viginti
420 473 452 514 ra
469 450 623 528 modium,
638 465 671 517 et
686 453 721 516 in
735 452 886 516 viaticum
901 436 1121 522 decurioni·Au
1140 437 1169 487 ⁰·
1185 452 1242 500 ²⁰⁵·

30 535 91 599 bus
110 536 345 622 remigibusque
366 536 554 602 collaturos:
579 536 736 615 Perusini,
758 537 895 614 Clusini,
915 533 1081 600 Rusellani
1091 549 1195 624 Paratur

29 621 168 686 abietem
187 623 223 688 irr
242 621 439 687 fabricandas
458 645 565 700 neves,
580 636 614 688 et
632 624 782 689 frumenti
803 647 835 688 rn
899 644 954 687 um
968 643 1081 686 nume·
1089 613 1181 664 ω

14 730 112 778 rrum.
157 709 277 774 Abiete
290 732 331 773 ex
345 709 481 796 publicis
495 709 580 773 silvis
594 723 643 774 est
658 733 740 774 usus
788 645 941 774 Utribiiae
959 707 1080 795 populi,

29 807 63 858 et
77 807 203 880 praeter
216 795 275 860 hos
289 795 435 873 Nursini,
451 806 484 859 ct
499 795 640 873 ReatIni,
656 809 690 860 et
705 795 911 872 Amiternini,
930 793 1081 859 Sabinus-

28 903 94 965 que
110 903 187 968 ager
199 881 311 958 omnis,
324 881 441 946 milites
454 881 596 968 polliciti
644 881 754 959 Marsi,
770 882 839 947 Peli
885 881 906 958 i,
923 879 1080 944 Marruci-

29 967 139 1053 nique,
155 967 248 1032 multi
263 967 432 1033 voluntarii
446 967 578 1033 nomina
596 968 631 1032 irr
652 967 782 1033 classem
800 969 841 1032 de
865 980 968 1032 erunt.
1015 965 1080 1032 Ca-

28 1065 157 1131 mertes,
178 1076 278 1140 quum
297 1077 401 1141 aequo
420 1052 548 1119 foedere
565 1076 640 1118 curn
659 1054 813 1120 Romanis
834 1065 948 1130 essent,
967 1052 1079 1119 cohor·

29 1152 97 1202 tem
114 1154 266 1204 armatam
289 1153 512 1206 sexcentorum
533 1139 699 1204 hominum
721 1143 884 1205 miserunt.
929 1138 1080 1224 Triginta

28 1225 159 1290 navium
174 1226 308 1304 carinae,
324 1226 438 1313 viginti
452 1226 708 1326 quinqueremes,
724 1226 837 1291 decem
851 1225 1077 1313 quadriremes,

26 1333 129 1396 quum
145 1325 250 1377 essent
261 1313 392 1400 positae,
403 1313 471 1400 ipse
486 1313 532 1377 ite
546 1313 661 1377 institit
675 1313 775 1400 operi,
788 1326 824 1377 ut
837 1312 891 1376 die
901 1311 1077 1411 quadrage·

27 1397 110 1462 simo
124 1398 247 1484 quinto,
260 1422 356 1485 quam
371 1421 412 1463 ex
424 1398 509 1464 silvis
523 1398 666 1481 detracta
679 1399 811 1464 materia
825 1412 901 1476 erat,
917 1419 1013 1462 naves
1027 1419 1077 1461 rn-

26 1496 165 1548 structae
179 1499 382 1572 armataeque
396 1485 431 1549 irr
446 1507 561 1586 aquarn
573 1484 729 1550 deductae
744 1485 816 1550 sint.
863 1483 1027 1549 Profectus
1042 1481 1077 1548 iri
1131 1484 1184 1545 46.

28 1569 170 1636 Siciliam
192 1584 242 1636 est
262 1572 392 1659 triginta
410 1572 543 1636 navrbus
562 1571 674 1658 longis,
690 1571 939 1636 voluntariorum
954 1593 987 1634 se
1010 1583 1075 1635 tem
1085 1565 1186 1615 Patet-

26 1656 127 1722 ferme
142 1657 281 1723 millibus
295 1658 330 1722 iu
344 1680 440 1722 neves
454 1657 617 1745 impositis.
663 1657 707 1723 Et
721 1657 758 1722 P.
771 1656 916 1722 Licinius
930 1649 965 1720 irr
980 1593 1186 1744 irat-23⁰3&

26 1743 89 1818 tios
110 1743 153 1807 ad
172 1743 252 1809 duos
271 1745 429 1809 exercitus
447 1743 628 1810 consulares
647 1744 746 1809 venit
791 1743 843 1808 Ex
862 1743 901 1808 iis
921 1765 995 1806 eum
1017 1742 1078 1808 sibi

25 1829 172 1916 sumpsit,
193 1853 289 1916 quem
310 1830 348 1895 L.
362 1829 516 1895 Veturius
534 1829 645 1895 consul
662 1829 823 1895 habuerat.
870 1827 1014 1905 Metello,
1030 1841 1077 1906 ut,

27 1915 144 2002 quibus
158 1916 344 2002 praefuisset
358 1916 545 2003 legionibus,
561 1915 600 1978 iis
619 1928 786 2001 praeesset,
802 1913 926 1978 facilius
940 1936 1014 1978 curn
1029 1935 1080 1978 es·

26 2002 126 2065 suetis
140 2002 274 2089 imperio
288 2025 356 2066 rem
371 2013 534 2088 gesturum
549 2014 645 2078 ratus,
661 2000 814 2087 permisit.
860 1999 904 2064 Et
917 2012 1078 2085 praetores

26 2087 144 2152 diversi
159 2088 194 2152 in
208 2088 385 2175 provincias
400 2087 542 2176 profecti.
589 2085 643 2164 Et,
659 2087 735 2173 quia
751 2086 889 2173 pecunia
902 2083 943 2149 ad
958 2084 1078 2150 bellurn

26 2173 147 2253 deerat,
170 2175 238 2261 agri
262 2175 420 2262 Campani
441 2174 616 2259 regionem,
638 2195 657 2236 a
678 2172 765 2236 fossa
784 2171 909 2237 Graeca
929 2170 970 2235 ad
992 2192 1077 2236 mare

14 2282 159 2338 versam,
174 2260 313 2326 vendere
328 2273 509 2347 quaestores
522 2259 617 2334 iussi;
640 2257 760 2323 indicio
795 2279 900 2344 uoque
915 2257 1076 2345 permisso,

26 2347 85 2432 qui
103 2369 178 2434 ager
197 2347 274 2412 civis
296 2345 454 2446 Campani
473 2345 593 2422 fuisset,
610 2357 646 2409 ut
665 2344 692 2408 is
714 2345 780 2430 pub
795 2344 860 2408 'cus
877 2342 988 2430 populi
1009 2342 1078 2408 Ro-

26 2433 115 2496 mani
144 2445 235 2498 esset.
280 2431 385 2498 Iudicr
413 2431 590 2518 praemium
614 2429 831 2506 constitutum,
880 2442 994 2494 uentae
1020 2451 1077 2529 pe·

26 2519 141 2584 cuniae
160 2541 235 2606 ager
254 2517 414 2583 indicatus
432 2529 524 2594 esset,
540 2538 612 2604 pars
626 2515 759 2581 decima.
806 2514 850 2580 Et
896 2539 928 2580 rr.
943 2514 1077 2581 Servilio

26 2605 165 2692 praetori
180 2604 267 2669 urbis
286 2604 451 2691 negotium
466 2603 586 2680 datum,
602 2616 639 2668 ut
656 2601 814 2690 Campani
829 2602 923 2680 cives,
938 2601 995 2666 ubi
1009 2601 1078 2666 cui·

26 2714 92 2777 que
115 2714 156 2756 ex
185 2689 457 2756 senatusconsulto
486 2689 596 2754 liceret
624 2688 776 2767 habitare,
802 2688 848 2753 ibi
876 2687 1075 2770 habitarent3

26 2777 356 2864 animadverteretque
371 2777 406 2840 iu
421 2799 484 2854 eos,
501 2777 557 2862 qui
572 2775 647 2840 alibi
661 2775 852 2840 habitarent.

73 2862 195 2930 Eadem
210 2877 327 2929 aestate
349 2862 459 2952 Mago,
475 2860 667 2928 Hamilcaris
681 2861 774 2944 filius,
791 2883 832 2926 ex
846 2861 969 2928 minore
990 2858 1212 2998 Bffl‘ffiffifi'g,

26 3083 141 3135 habuisse
163 3091 257 3134 veteres
280 3085 338 3134 hine
359 3089 471 3146 apparet,
492 3083 535 3132 sed
569 3083 738 3132 Romanorum
758 3079 890 3138 venissent,
908 3093 957 3127 non
979 3093 1078 3128 neeesse

25 3149 163 3200 necessario
181 3149 283 3200 leviores
301 3159 327 3200 et
345 3147 446 3198 minoris
463 3147 537 3196 solito
568 3146 745 3204 habuisse,eut
757 3143 832 3193 etiam
847 3143 932 3193 solitos
941 3141 1016 3191 luisse
1027 3143 1078 3192 Ro-

25 3213 149 3264 diemetri.
166 3214 246 3264 cerv.
569 3209 649 3258 ruanis
664 3209 779 3271 praebere
793 3206 891 3255 milites.
924 3207 1008 3266 Atque
1022 3205 1078 3255 ideo

62 3279 125 3340 7Irr
143 3279 273 3338 victuum]
295 3275 347 3325 Hic
365 3273 482 3324 viaticum
501 3273 537 3322 in·
569 3272 732 3322 observaverit
749 3270 835 3319 Livius
851 3285 892 3318 eos
908 3269 933 3317 id
951 3268 1035 3318 iecisse
1052 3269 1078 3318 in

25 3341 106 3404 telligi
122 3342 197 3390 debet
214 3343 245 3390 de
263 3341 376 3404 pecunia,
392 3354 469 3401 quum
486 3337 536 3386 iam
568 3335 671 3400 gretiam
691 3333 821 3396 Scipionis,
840 3333 905 3396 quod
926 3347 1007 3395 neque
1028 3335 1078 3393 lex,

25 3405 102 3454 tritici
113 3405 331 3454 meutiofrretarit.
353 3402 444 3465 siquis
452 3409 536 3451 temen
568 3415 648 3463 neque
667 3414 720 3448 mos
739 3399 841 3448 iuberet.
858 3398 939 3448 carr.
962 3397 997 3447 ei.
1011 3413 1078 3461 supr.

25 3471 63 3518 its
75 3468 134 3518 velit
145 3485 268 3532 exponere
279 3474 307 3517 ut
315 3466 431 3526 Arretini,
440 3471 537 3530 praeter
569 3465 602 3515 ix.
614 3479 652 3524 41.
669 3462 724 3512 infr.
735 3461 802 3512 xxxi.
815 3475 838 3510 t.

25 3533 123 3582 modios
141 3532 215 3582 tritici
236 3546 336 3582 120000.
356 3531 431 3580 etiam
450 3529 476 3578 id
496 3530 538 3577 ad-
604 3529 729 3577 studeto
785 3524 916 3588 pambas]
929 3524 1078 3574 Memoravit

26 3597 129 3646 iecerint
143 3595 268 3656 frumenti,
279 3596 345 3657 quod
361 3593 470 3658 perviae
484 3607 539 3668 spa·
572 3591 657 3642 Livius
672 3605 738 3653 supr.
749 3589 817 3639 xxvi.
831 3587 867 3638 16.
879 3602 963 3662 agnini
978 3603 1077 3636 omnem

25 3661 91 3708 tium
105 3676 168 3724 opus
181 3665 245 3710 esset
257 3659 428 3708 decurionibus
441 3656 536 3720 remigi·
569 3657 723 3718 Campanum
737 3653 864 3716 publicum
873 3653 959 3714 populi
969 3651 1077 3700 Romani

25 3727 186 3786 busque,ruo
203 3724 292 3786 cuique
308 3723 399 3772 iudicio
415 3721 453 3771 uti
469 3721 536 3771 licet.
569 3721 661 3769 factum
673 3733 731 3766 esse.
766 3716 817 3764 Hic
832 3715 906 3778 igitur
920 3730 951 3763 ne
962 3730 1011 3776 qua
1022 3730 1078 3778 pers

25 3789 110 3840 Cuev.
544 3799 545 3803 ¹
568 3783 621 3834 eius
635 3781 684 3846 agri
699 3781 797 3830 falleret
811 3781 856 3828 sub
872 3778 955 3828 alieno
969 3779 1078 3839 nomine,

61 3854 77 3901 8
92 3851 272 3902 Decurionibus
288 3850 479 3913 ramiprrrsque]
500 3849 536 3898 Hi
568 3847 594 3898 id
605 3848 671 3910 quod
682 3845 720 3905 fir,
730 3845 865 3893 etiamnum
880 3845 912 3892 ab
927 3842 1010 3904 aliquo
1024 3843 1077 3892 cive

25 3915 172 3965 decuriones
188 3915 300 3966 videntur
315 3913 448 3978 praetulere
465 3913 536 3962 remi·
569 3913 698 3974 Campano
709 3923 827 3986 possesse,
838 3906 989 3969 permittitur
1001 3907 1024 3956 ei
1035 3907 1077 3970 qui

24 3981 104 4044 gibus
123 3981 228 4029 Densa.
569 3975 626 4025 talis
641 3973 734 4023 staudrs
750 3972 858 4034 aliqum
874 3971 987 4020 notitiam
1004 3971 1077 4021 habe·

60 4059 77 4108 9
96 4045 211 4094 Umbriae
222 4042 323 4106 populi]
342 4040 455 4098 Quorum
470 4055 537 4088 nran-
569 4045 615 4098 ret,
626 4053 681 4088 eam
692 4037 809 4096 indicare,
819 4036 906 4084 imoet
917 4037 948 4084 ad
960 4035 1076 4085 indicium

25 4108 63 4157 tio
83 4107 188 4156 occurrit
205 4107 274 4170 apud
294 4103 460 4155 Niebubrium
478 4105 496 4154 i.
513 4120 537 4152 rr.
570 4103 679 4166 praemio
690 4101 815 4165 proposito
825 4099 940 4158 allicitur,
951 4105 980 4148 ut
990 4100 1011 4148 is
1021 4115 1079 4162 ager

25 4185 85 4236 435.
568 4167 611 4216 fiat
623 4165 736 4229 publicus
751 4164 837 4228 populi
849 4161 966 4222 Romani,
977 4179 1023 4211 nec
1035 4178 1078 4223 per

64 4250 73 4284 r
94 4235 225 4294 Camertes,
241 4250 316 4308 quum
332 4249 409 4296 aeque
420 4232 534 4295 foedera]
568 4231 637 4280 illam
652 4229 764 4277 laudern
779 4244 809 4278 eo
826 4229 933 4290 populus
950 4225 1079 4276 Romanus

26 4298 152 4361 Suspieari
185 4313 263 4360 porus
293 4298 429 4356 Camertes,
460 4311 537 4358 quum
569 4294 685 4359 privetur.
703 4293 783 4343 Cret.

26 4378 109 4426 aequo
127 4363 180 4412 iure
197 4377 228 4412 ee
244 4362 343 4412 foedera
359 4360 385 4410 in
403 4358 537 4410 amicitiam
