2874 4772
210 653 271 751 T.
315 655 523 753 LlVII
569 643 961 761 PATAVINI

340 944 600 1028 LIBER
648 947 840 1032 XXVII.

489 1229 684 1269 ——e-—-

163 1463 212 1532 IC
227 1477 325 1532 status
339 1488 444 1532 rerum
456 1463 629 1554 Hispaniae
640 1479 715 1532 erat.
748 1463 788 1532 In
797 1464 890 1533 Italia
899 1467 1010 1533 consul
1019 1465 1107 1534 Mar·
1119 1491 1150 1543 u,
1162 1493 1192 1543 c,
1206 1507 1263 1557 ψ,

184 1553 291 1631 callus,
309 1551 433 1654 Salapia
453 1575 511 1640 per
532 1552 743 1639 proditionem
764 1567 900 1641 recepta,
919 1553 1146 1620 MaroneamA·
1163 1558 1193 1608 ⁰·
1208 1571 1264 1608 ²10·

68 1653 103 1702 et
117 1637 220 1704 Meles
234 1639 274 1704 de
292 1639 484 1706 Sammtibus
502 1639 534 1703 vi
552 1639 645 1727 cepit
691 1639 747 1704 Ad
770 1641 829 1705 tria
849 1639 949 1706 millia
969 1622 1258 1736 militumgffi

67 1723 115 1789 ibi
129 1723 327 1804 Hannibalis
343 1748 425 1813 quae
439 1725 587 1813 praesidii
602 1749 696 1791 causa
710 1725 818 1792 relicta
832 1739 932 1806 erant,
948 1751 990 1816 op
1012 1751 1104 1794 ressa.
1114 1751 1158 1800 ue.
1168 1757 1263 1814 aptae

68 1809 193 1876 Praeda
207 1812 255 1899 (et
276 1811 472 1899 aliquantum
494 1812 562 1912 eius
583 1811 659 1895 fuit)
676 1812 946 1913 militieoncessa.
1023 1815 1107 1880 ritici

69 1897 1108 2073 dlqllulllllllfftntldlnlllltutffllffll:

69 2083 139 2134 tum
159 2070 310 2158 gaudium
323 2070 394 2148 fuit,
409 2083 528 2159 quanta
542 2069 646 2135 clades
664 2071 748 2135 intra
767 2093 884 2158 paucos
897 2072 966 2136 dies
979 2095 1052 2138 acce
1076 2086 1108 2138 ta

69 2169 128 2234 est,
142 2155 228 2222 haud
249 2156 359 2245 procul
380 2157 419 2221 ab
442 2156 615 2221 Herdonea
635 2157 722 2221 urbe.
770 2155 881 2222 Castra
895 2157 939 2222 ibi
957 2156 1018 2223 Cn.
1059 2159 1108 2224 nl·

68 2242 139 2308 vius
160 2243 328 2332 proconsul
346 2242 492 2321 habebat,
513 2265 568 2330 spe
588 2243 788 2330 recipiendae
809 2241 1009 2322 Herdoneae,
1049 2267 1107 2311 uae

67 2342 141 2417 post
165 2329 368 2396 Cannensem
389 2329 513 2395 cladem
534 2329 574 2394 ab
594 2329 747 2394 Romanis
768 2328 935 2408 defecerat,
956 2267 1107 2397 necloco

69 2415 144 2481 satis
166 2430 234 2482 tuto
254 2418 365 2505 posita,
380 2439 440 2482 nec
455 2415 617 2504 praesidiis
630 2415 760 2481 firmata.
807 2415 1043 2505 Negligentiam
1057 2418 1109 2482 in-

69 2503 161 2568 sitam
180 2504 308 2592 ingenio
323 2503 413 2568 ducis
430 2503 565 2590 augebat
577 2525 649 2590 spes
663 2525 710 2580 ea,
725 2502 813 2589 quod
826 2503 930 2604 lairere
946 2504 983 2605 iis
998 2504 1109 2570 adver·

69 2589 399 2742 emulsa
415 2603 566 2742 sur
605 2587 850 2776 euml
865 2613 1035 2743 rure
1051 2614 1243 2764 aaa

70 2763 187 2914 omnuila,
199 2763 238 2827 ab
253 2761 426 2863 Herdonea
437 2785 504 2914 ptep1
510 2761 648 2914 οοὲυΙῐοε
659 2776 790 2914 ppntrps
803 2762 909 2914 delatsa
923 2763 1106 2867 Hannibali,
1115 2758 1255 2872 ffiffl*

70 2871 140 3000 ill
154 2871 790 3024 alsfflddffiffirfnriillddpe
813 2872 868 3012 id,
883 2873 1107 3002 {lilim
1115 2886 1232 3000 ,Ψ

68 3043 128 3110 pro
189 3021 395 3110 praeveniret,
414 3022 535 3108 magnis
557 3021 722 3086 itineribus
744 3020 785 3084 ad
805 3020 1010 3087 Herdoneam
1031 3045 1108 3088 con·

71 3121 127 3173 ten
151 3108 184 3185 't,
199 3123 241 3186 et,
279 3131 320 3173 uo
342 3106 413 3195 plns
435 3107 559 3171 terroris
584 3106 667 3171 hosti
688 3107 847 3185 obiiceret,
866 3107 933 3174 acie
955 3109 1109 3174 instructa

70 3195 208 3259 accessit
253 3133 316 3259 Har
333 3193 465 3258 audacia
479 3191 651 3270 Romanus,
666 3191 796 3257 consilio
811 3206 845 3257 et
858 3192 975 3259 viribus
996 3195 1106 3283 impar,

48 3277 799 3454 'illrdtimussiffissffid‘oeldlia
819 3278 1108 3432 menese

198 3391 208 3430 1
242 3391 258 3432 r
282 3391 303 3455 p
980 3414 990 3444 ‚
1016 3391 1107 3455 signo

67 3441 231 3554 ⁸equitibus
245 3454 329 3531 dato,
344 3465 504 3606 uoffiuum
521 3450 680 3538 pedestres
695 3451 777 3516 acies
791 3466 996 3540 occupassent
1017 3477 1107 3541 prae-

71 3553 155 3605 sentr
169 3539 338 3606 certamine
432 3561 468 3604 os
488 3536 682 3625 animosque,
697 3537 907 3616 circumvecti,
923 3561 993 3626 pars
1007 3553 1107 3605 casua

48 3625 220 3704 abesdum,
235 3648 307 3714 pars
321 3639 409 3713 terga
422 3623 647 3712 trepidantium
662 3623 858 3702 invaderent,
873 3625 940 3713 ipse
954 3624 989 3689 in
1004 3625 1107 3692 Fulvii

72 3711 311 3778 similitudinem
329 3711 475 3790 nominis,
491 3709 578 3799 quod
594 3708 655 3775 Cn
666 3709 812 3775 Fulvium
826 3727 1003 3799 praetorem
1016 3713 1108 3778 bien·

71 3799 127 3866 nio
141 3813 214 3865 ante
229 3799 264 3863 in
278 3797 390 3864 iisdem
404 3797 563 3863 devicerat
575 3795 662 3874 locis,
677 3797 852 3886 increpans,
864 3797 998 3864 similem
1012 3822 1108 3866 even-

73 3900 142 3950 tum
166 3907 292 3974 pugnae
316 3884 382 3949 fore
408 3884 588 3949 affirmabat
634 3883 750 3971 Neque
776 3907 814 3950 ea
837 3907 909 3973 spes
931 3908 1014 3952 vana
1037 3886 1105 3954 fuit.

74 3970 170 4050 Nam,
185 3995 284 4060 quum
299 3971 442 4037 cominus
462 3970 528 4035 acie
550 3983 584 4035 et
605 3969 749 4057 peditum
763 3971 934 4037 certamine
949 3973 1041 4038 multi
1055 3997 1108 4040 ce·

87 4204 91 4210 ·
109 4194 119 4229 1
138 4183 244 4230 Sinistra
254 4181 308 4239 olo]
328 4177 422 4229 Milites
435 4176 537 4227 sociales
549 4176 575 4226 in
606 4176 728 4226 indicatur
747 4179 876 4240 tumultus,
892 4181 971 4242 qualis
991 4179 1017 4228 in
1039 4179 1109 4228 initio

74 4245 170 4294 ninistro
185 4245 247 4294 aciei
264 4259 338 4293 cornu
357 4241 438 4306 positi.
465 4241 496 4291 ef.
510 4255 574 4303 supr.
607 4241 692 4304 proelii
710 4257 762 4291 aare
780 4244 851 4302 solet,
867 4250 998 4304 antequam
1019 4242 1110 4290 militer

74 4323 180 4359 xxaor.
607 4319 747 4354 concurrere
768 4313 843 4366 atqua
864 4307 895 4354 ad
920 4321 1007 4355 manua
1029 4305 1109 4353 venire

107 4388 121 4422 a
140 4373 335 4436 Trepidantiam]
356 4371 414 4422 Hoc
432 4371 502 4419 verbo
518 4367 574 4418 tulis
608 4368 739 4430 coeperint.
756 4369 842 4418 Dara.
