2966 4778
357 231 452 299 LIB.
476 229 610 298 xxm
643 231 754 299 CAP.
784 237 831 300 17.
1063 241 1123 302 139

64 368 209 456 experiri
231 369 350 434 sunus
396 367 452 433 Ad
467 381 530 434 tres
592 381 655 434 rtas
670 369 704 434 in
726 369 833 440 hostes
847 391 951 436 versas
966 371 1123 458 tripartito
1133 389 1168 440 U.
1179 389 1210 439 c.
1226 387 1282 451 ⁵3⁶·

64 455 248 520 exercitum
263 455 431 520 instruxit:
456 456 523 543 imp
568 457 688 520 'menta
695 456 847 544 subsequi
862 457 969 522 iussit:
994 456 1121 524 calones
1131 458 1163 509 Δ·
1180 459 1210 508 0·
1226 456 1282 508 ²¹⁶·

40 541 214 628 elixasque
238 554 272 606 et
295 540 450 606 invalidos
475 542 592 607 milites
615 541 733 607 vallum
756 543 848 609 ferre.
894 542 1008 610 Media
1031 557 1124 632 porta

64 629 184 693 robora
205 628 216 691 l
259 629 367 694 'onum
389 642 423 693 et
438 627 602 694 Romanos
623 629 759 717 equites,
774 628 898 695 duabus
918 631 1002 696 circa
1022 631 1123 719 portis

64 737 169 778 novos
195 651 312 780 milites
337 713 504 801 levemque
534 727 725 780 armaturam
754 739 791 780 ac
820 716 977 781 sociorum
999 719 1124 818 equites

64 801 187 865 statuit.
235 800 354 866 Nolani
375 822 482 866 muros
496 814 666 888 portasque
685 801 772 868 adire
787 801 896 879 vetiti3
919 802 1122 891 subsidiaque

63 886 228 954 destinata
249 886 486 974 impedimentis
506 886 589 966 data,
606 911 657 966 ne,
673 888 835 990 occupatis
854 887 975 975 proelio
990 888 1124 976 legiom·

63 973 136 1051 bus,
154 973 189 1038 in
205 974 300 1038 esim
346 973 505 1038 tuslieret
551 973 759 1039 Itainstructr
774 975 858 1039 intra
911 987 974 1039 rtas
987 976 1120 1040 stabant

65 1057 257 1136 Hannibali,
273 995 450 1147 subsigna
463 1060 513 1146 (id
528 1060 615 1148 quod
637 1082 696 1147 per
710 1059 832 1148 aliquot
872 1083 919 1125 res
932 1060 1067 1146 fecerat)
1081 1062 1124 1128 ad

63 1146 208 1210 multum
223 1146 288 1212 diei
301 1147 337 1210 in
358 1147 425 1212 acie
439 1147 547 1224 stanti,
562 1147 667 1234 primo
687 1147 839 1212 miraculo
861 1169 939 1225 esse,
955 1147 1042 1233 quod
1062 1170 1123 1214 nec

63 1233 229 1298 exercitus
240 1231 405 1298 Romanus
413 1247 506 1320 porta
514 1231 727 1320 egrederemr,
738 1256 798 1298 nec
808 1248 945 1299 armatus
954 1234 1123 1323 quisquam

62 1319 99 1383 in
115 1318 218 1383 muris
232 1333 324 1384 esset.
371 1318 473 1384 Ratus
483 1319 601 1385 deiude
616 1319 744 1406 prodita
757 1319 915 1407 colloquia
930 1343 1009 1398 esse,
1019 1333 1124 1386 metu·

62 1429 131 1492 que
149 1405 268 1471 resides
281 1405 390 1484 factos,
405 1419 529 1493 partem
544 1404 681 1470 militum
696 1405 732 1470 in
746 1419 848 1471 castra
863 1406 1007 1483 remittit,
1023 1407 1124 1472 iussos

63 1513 204 1579 propere
226 1505 412 1580 apparatum
427 1513 556 1558 omnem
578 1491 812 1580 oppugnandae
829 1492 917 1556 urbis
938 1493 973 1556 in
986 1493 1122 1580 primam

63 1578 170 1643 aciem
180 1579 307 1654 afferrc3
326 1578 521 1655 satisfidcns,
528 1579 555 1642 si
565 1579 788 1644 cunctantibus
796 1579 938 1656 instaret,
948 1578 1122 1644 tumultum

63 1663 209 1752 aliquem
233 1665 265 1728 in
287 1665 365 1729 urbe
384 1664 511 1752 plebem
534 1679 699 1731 moturum.
746 1664 835 1730 Dum
857 1665 892 1730 in
906 1687 964 1730 sua
985 1666 1260 1754 quisqueflannibs-

64 1751 246 1816 ministeria
260 1751 403 1815 discursu
419 1750 555 1838 trepidat
570 1751 611 1815 ad
625 1751 728 1839 prima
742 1752 842 1840 signa,
859 1752 1064 1840 succeditque
1080 1753 1120 1817 ad
1130 1749 1179 1822 ¹⁰3⁰
1190 1766 1272 1814 aggre-

64 1859 176 1902 muros
187 1838 280 1916 acies,
289 1837 446 1924 patefacta
454 1849 586 1925 repente
595 1851 696 1925 porta,
710 1836 883 1903 Marcellus
910 1838 917 1852 '
943 1813 1203 1916 uacanere,d¹⁸¹¹¹'

64 1923 304 2011 clamoremque
335 1923 413 2001 tolli,
443 1946 481 1989 ac
509 1924 632 2011 pedites
661 1924 811 2012 primum,
841 1861 959 1989 deiide
986 1926 1120 2024 equites,

88 2022 191 2075 nauto
206 2010 345 2076 maximo
359 2022 488 2098 possent
501 2011 634 2098 impetu,
651 2010 685 2074 in
700 2011 824 2075 hostem
840 2032 1005 2110 erumpere
1021 2010 1119 2076 rubet.

63 2033 155 2161 batis
180 2097 308 2161 terroris
337 2096 556 2184 tumultusque
580 2098 615 2161 in
644 2096 745 2160 aciem
769 2095 906 2160 mediam
936 2095 1120 2172 rntulerant,

63 2203 170 2269 quum
181 2181 305 2248 duabus
319 2183 402 2248 circa
410 2183 509 2270 portis
520 2183 556 2248 P.
568 2182 716 2248 Valerius
725 2181 857 2247 Flaccus
868 2195 901 2247 ct
918 2180 956 2246 C.
970 2181 1121 2247 Aurelius

63 2268 165 2355 legati
192 2268 224 2332 iu
255 2291 375 2334 cornua
402 2267 542 2334 hostium
568 2290 711 2355 erupere.
758 2267 923 2332 Addidere
951 2267 1120 2333 clamorem
1131 2284 1262 2336 neceam

63 2355 152 2420 lixae
175 2354 375 2444 calonesque,
391 2370 423 2420 et
441 2356 504 2420 alia
525 2356 619 2420 turba
632 2353 794 2419 custodiae
818 2353 861 2418 im
903 2353 1119 2420 dimentorum
1127 2350 1197 2413 gerit.

63 2441 221 2528 apposita,
231 2441 470 2528 utpaucitatem
481 2442 618 2507 maxime
627 2377 973 2542 spementibuslieoenis
981 2441 1120 2528 ingentis

64 2549 102 2592 re
146 2539 201 2593 nte
224 2528 383 2593 exercitus
460 2528 542 2593 ciem
563 2528 707 2594 fecennt.
753 2527 819 2591 Vix
845 2527 996 2627 equidem
1018 2528 1119 2592 ausim

121 2635 233 2692 rmare,
246 2613 333 2702 quod
354 2549 484 2701 quiiffm
502 2628 646 2680 auctores
664 2627 749 2691 sunt,
764 2614 830 2678 duo
850 2613 950 2679 mrllia
964 2626 997 2678 et
1017 2614 1120 2678 octin-

63 2713 181 2786 gentos
207 2699 345 2765 hostium
367 2723 497 2777 caesos;
532 2723 597 2766 non
623 2699 695 2787 plus
717 2699 909 2851 qmffim
935 2699 1119 2766 Romanum

64 2786 217 2852 amisisse.
265 2785 339 2852 Sive
355 2787 527 2864 tantasive
543 2785 646 2851 minor
660 2786 792 2852 victoria
838 2787 873 2865 't,
883 2787 996 2874 ingens
1011 2809 1051 2852 eo
1065 2787 1118 2852 die

42 2895 127 2950 7res,
144 2895 181 2936 ac
203 2873 320 2951 nescio,
336 2895 377 2938 an
400 2873 539 2937 maxima
559 2872 614 2937 illo
631 2871 715 2938 bello
734 2885 824 2959 gesta
845 2873 894 2937 sit
941 2870 1018 2938 Non
1033 2873 1120 2937 vinci

65 2959 156 3024 enim
178 2959 219 3024 ab
241 2957 423 3024 Hannibale
447 2972 523 3024 tuuc
540 2957 742 3023 vincentibus
763 2957 922 3023 difficilius
935 2958 1006 3034 fuit,
1021 2979 1117 3045 quam

65 3058 180 3132 postea
193 3045 329 3110 vincere

112 3129 286 3209 Hannibal,
301 3155 356 3219 spe
372 3131 545 3218 potiundae
562 3130 665 3195 Nolae
688 3130 847 3218 adempta,
864 3150 963 3215 quum
983 3128 1119 3195 Acerras
1218 3181 1227 3197 .

65 3217 256 3296 recessisset,
273 3216 445 3284 Marcellus
453 3216 625 3304 extemplo,
638 3217 751 3282 clausis
761 3217 861 3303 portis
871 3215 1118 3315 custodibusque

66 3303 237 3404 dispositis,
254 3327 295 3368 ne
336 3304 385 3369 uis
405 3303 618 3404 egrederetur,
634 3303 853 3389 quaestionem
871 3300 988 3365 infore
1006 3300 1047 3364 dc
1070 3301 1119 3380 ris,

67 3412 125 3477 qur
140 3389 222 3456 clam
240 3391 273 3454 iu
289 3327 455 3477 csilloquirs
472 3389 611 3454 hostium
625 3388 761 3464 fuerant,
778 3385 910 3451 habuit:
935 3407 1030 3537 suffia
1049 3409 1120 3474 sep-

68 3476 214 3564 tuaginta
242 3476 407 3541 damnatos
435 3474 625 3563 proditionis
651 3474 752 3538 securi
781 3473 945 3560 percussit,
1014 3495 1119 3560 naque

67 3584 179 3627 eorum
195 3561 284 3628 iussit
298 3562 426 3650 publica
436 3561 547 3650 populi
564 3559 703 3626 Romani
712 3581 796 3626 esse:
821 3572 864 3637 et,
876 3581 1000 3624 summa
1014 3577 1120 3624 rerum

67 3649 192 3713 senatui
214 3649 338 3726 tradita,
353 3671 428 3713 cum
448 3648 592 3712 exercitu
614 3645 702 3711 omni
721 3645 891 3734 profectus,
906 3665 1001 3731 supra
1025 3645 1120 3710 Sues-

67 3733 169 3798 sulam
184 3735 293 3800 castris
372 3735 412 3800 tis
426 3733 578 3800 consedit
626 3731 763 3810 Poenus,
778 3731 912 3797 Acerras
926 3732 1065 3819 primum
1077 3730 1119 3797 ad
1128 3756 1231 3805 scena
1239 3772 1278 3804 ω.

68 3820 277 3887 voluntariam
298 3757 496 3887 ddriitionem
516 3836 648 3886 conatus
662 3818 820 3906 pellicere,
836 3831 1003 3908 postquam
1022 3819 1119 3883 obsti·
1128 3820 1165 3884 pit
1173 3821 1279 3871 Possm.
1369 3813 1374 3824 '

101 4053 117 4106 6
138 4057 235 4104 Vallem
247 4057 333 4118 serre]
352 4055 383 4106 ct
398 4054 470 4118 Supr.
488 4053 522 4105 iii.
539 4067 577 4118 η.
611 4055 694 4106 Nemo
710 4071 759 4105 non
777 4053 852 4114 videt,
868 4069 966 4104 nusum
984 4053 1057 4104 huius
1073 4055 1121 4104 loc·
1241 4099 1246 4108 .

68 4119 165 4172 Milites
186 4118 295 4169 Romaui
320 4133 392 4168 senos
416 4125 579 4182 septenosque
611 4135 672 4179 esse,
690 4119 748 4178 illis,
764 4118 806 4182 qui
823 4125 882 4168 tunc
902 4119 1040 4178 vincebant,
1059 4117 1120 4166 diffi-

69 4183 156 4242 vallcs,
168 4183 290 4232 interdum
307 4181 382 4232 etiam
400 4183 526 4232 duodenos
542 4189 578 4230 tu·
612 4183 683 4232 cilius
694 4182 776 4242 fuisse,
786 4198 836 4232 non
848 4181 913 4232 vinci
927 4183 958 4231 ab
971 4180 1122 4242 Hannibale,

68 4248 126 4297 lisse
148 4248 270 4310 leguntur.
294 4245 398 4298 Niablrr.
420 4245 486 4298 Hist.
507 4246 533 4298 ii.
554 4262 579 4296 n.
629 4261 687 4295 uam
699 4253 784 4310 postea
792 4245 848 4305 luit,
856 4245 980 4296 victoriam
992 4251 1121 4308 reportare.

67 4311 194 4437 6οξιΝιυι
212 4376 276 4426 vinci
293 4377 358 4428 enirn
376 4376 407 4424 ab
423 4375 579 4434 Hannibale]
641 4324 701 4360 m·
