2888 4768
340 214 435 281 LIB.
460 213 586 279 XXIV.
621 215 731 280 CAP.
756 222 807 280 20.
1033 221 1092 280 195

50 351 156 416 duum
178 350 312 418 millium
338 349 582 438 Campanorum,
602 366 635 416 et
658 352 930 439 septingentorum
956 351 1248 424 militondans.

48 437 243 502 Hannibalis
265 438 429 502 tenebatur
473 437 613 502 raesidio.
658 437 807 503 Praeerat
826 438 943 504 Statius
961 437 1090 516 Metius,
1100 430 1130 477 Α·
1148 428 1177 502 (ἷ-
1194 443 1248 525 ’ξῆ-

20 548 36 581 2
48 525 166 590 missus
180 524 219 590 ab
236 523 297 590 Cu.
311 523 422 612 Magio
436 461 604 589 eltellauo:
628 525 685 611 qui
704 548 744 591 eo
760 548 845 590 anno
861 493 1248 604 Medixtuticusgffiii

46 623 130 688 erat,
150 610 338 698 servitiaque
360 624 393 676 et
414 610 540 698 plebem
563 611 739 697 promiscue
763 613 911 689 armabat,
932 625 969 676 ut
991 619 1168 676 castrasidet

47 697 201 762 Romana
231 696 403 773 invaderet,
434 697 558 762 intento
591 696 719 762 consule
752 699 793 763 ad
826 696 1001 763 Casilinum
1034 721 1092 785 op-

45 783 267 871 pugnandum.
313 783 404 848 Nihil
418 806 526 848 eorum
542 782 674 848 Fabium
688 783 807 849 fefellit.
846 784 958 870 Itaque
974 783 1091 850 Nolam

20 869 92 940 aad
115 869 268 958 collegam
292 871 398 946 mittit,
422 869 540 934 ‘altero
562 870 712 947 exercitu,
736 871 814 935 dum
836 870 1013 935 Casilinum
1035 893 1092 958 op-

47 965 239 1058 ‘pugnatun
254 979 333 1044 opus
347 978 424 1033 esse,
440 955 496 1040 qui
513 954 684 1042 Campanis
698 969 884 1044 opponatur.
930 956 993 1022 Vel
1013 958 1022 1020 i
1080 1005 1089 1034 ,

46 1042 182 1110 ‘rehcto
201 1042 304 1110 Nolae
319 1041 475 1130 praesidio
489 1041 623 1120 modico,
636 1043 775 1108 veniret:
799 1042 860 1120 vel,
875 1044 991 1107 sicum
1006 980 1091 1108 lidia

47 1139 205 1208 ‘teneret
227 1143 261 1194 et
281 1128 418 1194 necdum
440 1149 567 1192 securae
585 1151 634 1194 res
655 1129 695 1194 ab
718 1128 899 1195 Hannibale
921 1143 1034 1206 essent,
1057 1153 1089 1194 se

45 1216 124 1282 ‘'li.
140 1215 319 1281 Gracchum
334 1213 551 1302 proconsulem
563 1239 583 1280 a
598 1215 783 1280 Benevento
794 1217 988 1281 acciturum!
1017 1215 1090 1282 Hoc
1099 1227 1233 1277 Marcellus

43 1302 164 1368 nuntio
179 1301 359 1379 Marcellus,
375 1301 499 1366 duobus
518 1301 654 1366 militum
669 1301 807 1368 millibus
828 1303 930 1368 Nolae
945 1303 977 1366 in
1021 1291 1182 1368 ιιι-ΜΨ
1190 1307 1246 1340 ‘¹¹³¹

43 1388 132 1454 sidio
145 1387 271 1466 relictis,
287 1411 358 1454 cum
379 1400 484 1453 cetero
502 1389 643 1453 exercitu
665 1388 841 1454 Casilinum
858 1391 956 1466 venit,
1013 1362 1205 1468 ven-ilffitu

43 1491 85 1540 tu
109 1497 150 1538 ue
169 1474 238 1540 eius
255 1473 423 1574 Campani,
438 1474 501 1538 iam
521 1487 684 1540 moventes
703 1497 780 1552 sese,
796 1476 993 1561 quieverunt
1040 1476 1090 1541 Ita

42 1585 66 1626 a
85 1499 212 1626 duobus
231 1561 411 1626 consulibus
427 1558 603 1624 Casilinum
624 1561 799 1648 oppugnari
819 1575 975 1649 coeptum.
1023 1563 1089 1626 Ubi

42 1669 150 1735 quum
164 1646 273 1724 multa,
285 1646 489 1711 succedentes
504 1659 622 1712 temere
637 1647 811 1726 moenibus,
825 1648 962 1713 Romani
974 1647 1089 1714 milites

42 1734 229 1820 acciperent
239 1733 378 1809 vulnera,
390 1755 494 1819 neque
509 1733 583 1798 satis
597 1732 731 1821 inceptis
742 1735 939 1811 succederet3
963 1734 1087 1813 Fabius,

15 1819 256 1891 4omittendam
276 1841 344 1884 rem
357 1841 484 1906 parvam
499 1841 535 1883 ac
553 1819 644 1883 iuxta
657 1820 778 1907 magnis
797 1820 966 1898 difficilem,
982 1823 1089 1887 absce-

42 1905 254 1992 dendumque
280 1905 355 1970 inde
381 1905 537 1981 censebat,
562 1927 662 1992 quum
687 1929 737 1972 res
765 1907 897 1972 maiores
925 1908 1086 1974 instarent

42 1992 230 2069 Marcellus,
247 2000 258 2031 ‘
268 1991 369 2056 multa
388 1991 508 2078 magnis
523 1991 657 2056 ducibus
677 1993 760 2057 sicut
779 2016 844 2058 non
866 1994 1086 2080 aggredienda,

17 2081 113 2148 s‘ita
132 2077 230 2143 semel
252 2078 402 2166 aggressis
423 2099 489 2141 non
509 2076 700 2142 dimittenda
717 2079 805 2156 esse,‘
826 2078 972 2157 dicendo,
994 2080 1088 2166 ‘quia

43 2175 183 2264 ‘magna
192 2165 293 2229 famae
304 2175 465 2228 momenta
475 2163 510 2226 in
522 2175 688 2248 utramque
700 2177 820 2250 partem
831 2164 963 2242 fierent,’
974 2167 1087 2242 tenuit,

41 2273 90 2317 ne
120 2251 209 2315 rrn'to
237 2251 364 2338 incepto
387 2249 535 2315 abiretur.
581 2247 704 2313 Vineae
729 2249 805 2314 inde
831 2251 1000 2338 omniaque
1026 2253 1087 2317 alia
1137 2326 1141 2335 ¹

41 2361 65 2402 o
110 2359 181 2400 rum
202 2337 535 2422 machinationumque
564 2357 681 2422 genera
705 2355 806 2421 quum
835 2337 1085 2416 admoverentur,

81 2423 271 2523 amponique
287 2423 419 2488 Fabium
429 2434 566 2498 orarent,
577 2435 613 2486 ut
623 2420 709 2486 abire
722 2421 868 2508 Capuam
884 2437 951 2490 tuto
960 2425 1084 2504 liceret3

40 2532 158 2599 paucrs
171 2510 311 2598 egressis,
327 2509 498 2575 Marcellus
511 2521 644 2595 portam,
657 2531 721 2594 qua
731 2508 981 2596 egrediebantur,
993 2537 1087 2578 occu·

89 2597 145 2674 vit,
165 2597 340 2682 caedesque
363 2597 540 2683 promiscue
562 2595 705 2660 omnium
728 2595 812 2660 circa
832 2611 953 2682 portam
975 2601 1086 2685 primo,

40 2621 176 2760 iliinde
201 2681 374 2769 irruptione
397 2682 489 2760 facta,
512 2682 608 2747 etiam
634 2681 668 2745 in
695 2682 771 2747 urbe
798 2682 867 2746 fieri
893 2699 1005 2771 coepta
1029 2700 1085 2752 est

45 2768 293 2856 Quinquaginta
325 2767 391 2833 fere
421 2768 524 2855 primo
557 2767 673 2854 egressi
708 2766 955 2856 Campanonrm,
988 2794 1087 2858 quum

41 2855 90 2923 ad
124 2855 257 2922 Fabium
290 2853 512 2942 confugissent,
546 2853 704 2941 praesidio
733 2855 802 2919 eius
838 2855 983 2942 Capuam
1016 2880 1088 2944 per-

40 2956 212 3008 venerunt.
273 2939 458 3018 Casilinum,
488 2941 572 3005 inter
602 2939 762 3027 colloquia
790 2943 1086 3045 cunctationemque
1094 2947 1229 2999 crannum

41 3028 226 3117 petentium
251 3026 357 3104 fidem,
381 3049 438 3114 per
466 3027 664 3092 occasionem
693 3040 821 3114 captum
846 3041 902 3092 est
950 3027 1086 3115 Captrvi,
1095 3017 1202 3075 aptum.

41 3115 169 3267 quique
194 3112 439 3201 Campanorum,
462 3112 582 3211 quique
608 3111 798 3178 Hannibalis
822 3113 959 3178 militum
988 3127 1087 3193 erant,

81 3223 186 3265 ornam
212 3200 306 3277 missi,
331 3211 428 3287 atque
454 3198 498 3263 ibi
527 3221 562 3262 ιιι
590 3219 713 3264 carcere
739 3199 851 3264 inclusi
875 3212 967 3264 sunt:
998 3202 1088 3288 oppi-

41 3287 204 3353 danorum
218 3286 312 3352 turba
325 3308 382 3373 per
395 3285 546 3349 finitimos
560 3307 602 3370 po
626 3283 694 3350 ulos
708 3286 743 3349 in
757 3285 932 3350 custodiam
946 3286 1068 3352 divisa,

94 3371 220 3448 Quibus
234 3372 345 3437 diebus
359 3394 379 3435 a
391 3370 542 3448 Casilino,
553 3393 587 3436 re
643 3394 684 3436 ne
695 3384 793 3457 gesta,
807 3393 964 3436 recessum
978 3385 1034 3450 est,
1050 3371 1088 3438 iis
1142 3377 1193 3438 20.

44 3458 215 3558 Gracchus
233 3458 267 3522 in
289 3457 426 3523 Lucanis
445 3457 567 3557 aliquot
587 3456 741 3556 cohortes,
757 3457 790 3520 in
809 3479 848 3558 ea
869 3459 997 3546 regione
1012 3481 1088 3524 con·

41 3542 647 3696 tttffl’ttmrltfloettlfftt
699 3543 1126 3707 ,ditltht‘llr
1139 3651 1245 3702 aa.

42 3740 169 3794 norem,
193 3739 289 3806 quam
319 3716 359 3781 ad
418 3728 610 3781 eneventum
639 3728 810 3803 acceperat,
838 3717 976 3782 reddidit
1004 3717 1198 3830 1108ιὶἓῖΞέἑὸ

77 3976 302 4035 carmem]
327 3973 442 4024 Summus
452 3975 553 4036 Capuae
618 3977 1087 4041 41actama9nialhequeacmagnas

42 4039 208 4103 magistratus
230 4037 416 4102 cisupraxiii.
428 4051 466 4100 35.
586 4037 666 4088 Canu.

79 4105 154 4167 3Ad
169 4106 282 4166 collegam
297 4105 379 4161 raitiit,
395 4105 471 4152 altero
486 4117 553 4150 ecci·-
622 4113 636 4162 5
656 4103 720 4160 Quia
741 4119 831 4164 mapsra
850 4104 935 4163 samaa
955 4109 1086 4166 ammata]

42 4171 98 4218 citu
115 4203 179 4218 ...
195 4183 256 4230 optas
271 4169 335 4227 aare]
364 4165 443 4216 Mittit
465 4165 555 4222 literas,
588 4163 650 4214 Tam
668 4166 691 4212 in
709 4167 797 4214 bonam
816 4168 948 4228 partemii
962 4184 998 4216 ras
1012 4171 1086 4218 semel

43 4232 137 4295 quibus
152 4233 268 4280 monebat
284 4232 402 4294 collegam
419 4231 497 4278 altaro
514 4243 554 4276 ex·
586 4234 697 4290 suscepta
710 4229 866 4289 obtineretur,
877 4247 949 4292 quam
961 4231 985 4280 iu
997 4234 1087 4281 malam

43 4297 126 4346 ercitu
148 4309 210 4358 opus
231 4311 290 4345 ersa.
315 4295 373 4345 Vid.
392 4294 497 4342 similem
520 4293 554 4340 lo·
587 4292 607 4340 si
618 4292 787 4342 dimitteretur.
806 4293 897 4342 Rnscn.

44 4359 140 4422 quendi
152 4360 261 4419 modum,
271 4374 336 4422 supr.
348 4359 396 4408 viii.
408 4372 445 4420 ²3·
463 4358 543 4406 Casu.
