2878 4772
349 233 412 296 398
742 225 855 291 'rl'rl
882 223 1020 292 LIVII

189 371 224 424 U.
236 373 267 423 o.
283 373 358 436 5⁴⁵³
369 363 452 442 sint‚’
466 361 581 450 inquit,
598 359 718 449 ‘aliqui
736 361 852 439 nuntii,
871 375 905 426 et
926 361 1066 427 hostium
1089 360 1201 440 cladis,
1226 373 1263 427 et
1287 375 1411 427 noum

188 439 220 488 Α.
237 437 266 488 C.
283 447 338 500 207·
348 459 358 490 t
368 449 513 516 virtutis]

237 547 288 607 50.
391 535 481 601 Nero
499 557 538 600 ea
559 545 664 612 nocte,
680 556 762 622 quae
778 545 887 600 secuta
901 546 950 600 est
963 555 1115 622 pugnam,
1133 533 1303 613 citatiore,
1320 557 1409 622 quan

188 629 300 704 Nemi
346 622 423 688 inde
445 633 585 698 venerat,
608 620 745 708 agmina
761 619 814 685 die
837 633 930 686 sexto
950 620 993 685 ed
1013 621 1127 686 stativa
1149 644 1222 698 sua,
1247 635 1354 709 etque
1374 622 1408 685 etl

187 699 322 806 ffii‘ff‘um
346 709 471 774 hostem
491 707 645 796 pervenit.
692 706 759 772 Iter
773 706 842 771 eius
855 707 1037 794 frequentia
1057 707 1194 785 minore,
1212 709 1299 795 quia
1321 731 1409 772 nemo

345 807 560 883 praecesserat
581 793 722 870 nuntius,
746 791 868 858 laetitia
889 816 965 858 vero
987 807 1084 872 tanta
1101 794 1157 857 vix
1180 807 1222 858 ut
1246 808 1407 882 compotes

346 882 504 947 mentium
518 903 593 982 prae
608 878 726 966 gaudio
741 892 856 957 essem,
872 879 1066 945 celebratum
1080 892 1138 944 est
1176 879 1273 946 Nam
1287 881 1406 945 Romae

346 981 461 1033 neuter
475 967 574 1032 ammi
588 965 716 1030 habitus
730 965 805 1031 satis
819 963 883 1032 dici
898 966 1099 1053 enarrarique
1114 979 1248 1054 potest3
1273 989 1340 1032 nec
1350 991 1406 1054 qun

345 1055 468 1120 incerta
484 1051 722 1140 exspectatione
742 1069 877 1116 eventus
891 1053 1001 1117 civitas
1014 1053 1126 1130 fiierst,
1145 1075 1211 1118 nec
1228 1076 1301 1140 quo
1315 1055 1405 1118 victe

345 1140 410 1206 riae
434 1141 550 1206 famam
574 1137 706 1226 accepit
753 1137 930 1225 Nunquam
956 1161 1013 1226 per
1034 1159 1148 1203 omnes
1170 1137 1258 1217 dies,
1280 1161 1328 1205 ex
1349 1165 1404 1226 qno

268 1275 272 1282 .
347 1227 523 1293 Claudium
537 1223 701 1290 consulem
714 1224 893 1312 profectum
907 1223 991 1290 fama
1005 1223 1121 1302 attulit,
1134 1226 1178 1290 ab
1193 1239 1272 1291 orto
1286 1227 1356 1292 sole
1369 1227 1403 1290 ad

344 1314 554 1390 occidentem,
565 1324 621 1376 aut
631 1311 934 1398 senatorquisquam
947 1312 1064 1376 scuria
1073 1323 1174 1399 atque
1185 1313 1232 1376 ab
1245 1315 1403 1401 magisne-
1429 1357 1430 1360 =

346 1401 430 1465 tibus
450 1397 608 1475 abscessit,
625 1409 681 1461 aut
699 1396 836 1485 populus
858 1419 875 1462 e
898 1395 975 1462 foro.
1022 1395 1207 1476 Matronae,
1226 1400 1311 1486 quia
1332 1399 1401 1464 nihil

345 1485 667 1636 titillat
693 1483 1179 1656 ilupoeiiis‘illiffiiiiqu‘
1196 1507 1402 1637 ffli

344 1657 498 1722 sollicitae
520 1677 556 1720 ac
578 1591 747 1744 arcitenensae
756 1591 882 1720 inivimti
899 1656 984 1720 fama
1004 1591 1264 1722 incertagmrimo
1282 1659 1398 1734 accidit,

344 1743 426 1808 duos
441 1741 637 1807 Narnienses
658 1742 783 1829 equites
803 1741 840 1806 in
860 1755 970 1819 castra,
987 1764 1069 1829 quae
1090 1743 1126 1806 in
1184 1743 1308 1810 ueibus
1329 1745 1399 1809 Um-

345 1829 432 1895 briae
449 1829 594 1916 opposita
613 1842 712 1907 erant,
728 1828 851 1893 venisse
873 1851 914 1893 ex
936 1827 1066 1915 proelio,
1081 1829 1282 1895 nuntiantes
1303 1851 1398 1896 σιω

345 1915 459 1981 hostes.
507 1913 550 1980 Et
571 1915 674 2003 primo
696 1913 795 2001 magis
821 1914 957 1992 auribus,
981 1937 1077 2001 quam
1098 1915 1234 1994 animia,
1258 1916 1296 1982 id
1319 1939 1397 1982 aocc-

343 2017 436 2090 ptum
456 2015 533 2079 erat,
549 2015 585 2066 ut
606 2002 707 2066 maius
729 2000 915 2088 laetiusque,-
931 2023 1027 2088 quam
1042 2001 1130 2102 quod
1145 2015 1396 2091 mentecapcre,

344 2103 400 2154 aut
422 2090 497 2154 satia
516 2087 645 2153 credere
667 2099 815 2175 possentt
839 2087 955 2174 etipsa
968 2086 1111 2151 celeritas
1125 2087 1233 2152 fidem
1250 2090 1297 2154 im
1362 2093 1368 2104 “

343 2175 409 2254 bat,
423 2174 511 2263 quod
525 2174 624 2240 biduo
638 2187 711 2238 ante
727 2186 904 2274 pugnatum
918 2171 1089 2238 dicebatur.
1130 2173 1272 2240 Literae
1311 2177 1394 2242 eindc

344 2262 385 2327 ab
400 2262 439 2326 L
450 2260 575 2327 Manlio
591 2259 732 2325 Acidino
750 2281 861 2326 missae
877 2281 918 2324 ex
932 2261 1040 2325 casum
1061 2259 1249 2326 efferuntur
1263 2261 1307 2328 de
1323 2262 1394 2328 Nan

345 2349 503 2413 niensium
519 2347 663 2434 equitum
679 2345 827 2411 adventu.
874 2345 940 2411 Eae
955 2346 1073 2423 literae,
1089 2367 1147 2433 per
1161 2346 1279 2412 forum
1293 2349 1336 2414 ad
1348 2349 1392 2412 ui

342 2433 443 2499 bunal
463 2434 616 2535 praetoris
638 2432 730 2509 latae,
745 2447 891 2506 senatum
908 2432 996 2497 curia
1010 2432 1220 2498 exciverunt:
1249 2447 1407 2522 tantoqoes
1429 2447 1430 2452 ’

345 2534 518 2586 certamine
544 2543 581 2586 ac
608 2517 748 2584 tumultu
770 2518 881 2608 populi
904 2518 945 2584 ad
968 2517 1049 2583 fores
1074 2519 1183 2583 curiae
1207 2539 1392 2586 concursum

345 2618 403 2683 est,
420 2619 456 2670 ut
472 2607 558 2671 adire
580 2605 712 2671 nuntius
733 2627 800 2670 non
821 2618 936 2693 posset,
952 2604 1196 2692 trahereturque
1220 2627 1245 2670 a
1268 2631 1391 2695 perman
1429 2615 1430 2618 ’

345 2691 505 2756 stantibus
524 2691 841 2778 vociferantibusque,
864 2704 901 2756 ut
922 2691 957 2755 in
980 2690 1103 2756 Rostris
1124 2691 1228 2778 prius,
1247 2695 1391 2781 quanin
1429 2705 1430 2724 ¹

345 2790 468 2854 senatu,
483 2777 592 2843 literae
607 2778 823 2843 recitarentur.
870 2777 1016 2843 Tandem
1035 2778 1187 2842 summoti
1212 2791 1251 2844 et
1274 2779 1391 2846 coerciti

344 2863 625 2952 magistratibus:
647 2864 884 2952 dispensarique
895 2864 1017 2930 laetitia
1026 2865 1109 2928 inter
1119 2864 1325 2964 impotentes
1335 2869 1405 2932 diat

344 2951 467 3017 animos
488 2951 601 3038 potuit
647 2947 687 3015 In
712 2963 826 3016 senatu
850 2951 999 3038 primum,
1023 2949 1139 3015 deinde
1164 2973 1203 3014 m
1231 2954 1390 3027 condona,

344 3037 454 3104 literae
477 3037 627 3103 recitatae
647 3050 739 3102 sunt:
765 3051 807 3114 et,
845 3057 881 3101 ro
903 3037 1058 3124 cuiusque
1078 3035 1224 3124 ingenio,
1244 3039 1321 3104 aliis
1339 3041 1390 3104 im

344 3137 468 3190 certum
489 3123 651 3211 gaudium,
673 3121 742 3188 aliis
763 3059 852 3187 nuli
872 3134 946 3188 ante
973 3123 1080 3188 futura
1099 3121 1182 3206 fides
1205 3139 1291 3204 crat,
1308 3147 1389 3214 quan

278 3262 287 3280 .
345 3209 465 3297 legatos
478 3208 684 3275 consulumve
705 3209 812 3274 literas
826 3208 996 3274 audissent
1041 3208 1131 3310 Ipsos
1144 3207 1274 3277 deinde
1290 3235 1390 3301 appro-

344 3295 500 3383 pinquare
516 3296 639 3447 llegatos
657 3294 789 3398 allatum
808 3309 866 3397 est
911 3295 1174 3446 Tuffissmmissm
1188 3299 1388 3451 omnnsffi

344 3404 471 3534 qaqffiq
490 3399 1116 3556 galidiudindiiqiierilldssiluilchulridrii
1137 3404 1245 3534 mqiid
1335 3487 1387 3534 tem

344 3556 512 3620 continens
545 3576 660 3643 agmen
693 3555 845 3640 pervenit
903 3554 1018 3641 Legati
1046 3554 1152 3640 (erant
1280 3558 1388 3622 etunius

344 3640 449 3719 Philo,
468 3641 505 3706 P.
522 3641 667 3706 Licinius
688 3640 801 3719 Vama,
828 3639 869 3716 Q
884 3639 1044 3706 Caecilius
1066 3639 1239 3728 Metellus)
1263 3645 1388 3708 curum

343 3726 404 3792 fusi
419 3728 521 3792 omnia
534 3728 660 3814 generis
674 3727 840 3793 hominum
855 3727 1036 3814 frequentia
1056 3727 1091 3790 in
1112 3724 1221 3792 forum
1240 3751 1388 3816 pervene-

342 3826 437 3890 runt;
461 3836 561 3900 quum
583 3813 637 3879 alii
659 3813 752 3900 ipsos,
775 3813 828 3878 alii
850 3814 982 3878 comites
1004 3833 1124 3890 eorum,
1145 3835 1232 3900 quae
1255 3831 1331 3882 acta
1349 3838 1388 3880 a·

342 3912 422 3975 sent,
445 3912 737 3984 percunctarentur,
759 3913 793 3964 et
820 3899 1014 3987 utquisque
1037 3898 1190 3977 audierat,
1215 3903 1387 3968 exercitum

376 4121 390 4169 3
406 4107 524 4156 Senatum
540 4109 612 4156 curin
628 4109 782 4169 emiseram
805 4109 848 4158 Sa·
881 4113 910 4158 ut
920 4107 954 4158 ibi
965 4107 1050 4158 litam
1060 4110 1206 4170 legerentur.
1224 4109 1313 4162 em.

343 4177 439 4220 natones
457 4169 489 4218 ad
509 4169 615 4232 primum
631 4171 745 4220 nuntium
762 4173 848 4222 allata-
913 4189 929 4233 4
945 4173 1139 4236 Dirpaman'qur
1152 4173 1265 4235 wasa]
1298 4175 1385 4236 Nempe

341 4247 396 4284 rum
418 4233 582 4293 literarum‚e
601 4234 668 4283 curia
688 4237 720 4283 ad
741 4235 848 4284 trlbunal
880 4237 1015 4285 secundum
1034 4237 1135 4284 modurn
1151 4240 1178 4284 et
1192 4237 1310 4288 mamam
1322 4253 1377 4300 qam

342 4295 461 4370 praetoris
481 4304 660 4347 concurrerunt
697 4298 746 4346 Sed
765 4298 848 4347 atatim
881 4300 938 4348 dam
951 4299 1131 4349 communicari.
1148 4295 1236 4349 Dosa.

343 4358 495 4418 intelligendi
513 4364 570 4408 sunt
588 4358 686 4409 rediisse
701 4360 726 4408 in
747 4362 848 4421 curiam,
