3002 4798
365 196 408 256 50
749 186 861 254 '1¹1'ss
892 187 1027 254 LIVII

204 331 237 380 U·
250 331 279 382 ὓ·
293 345 347 394 ⁵³4·
368 326 489 402 tudine,
505 325 699 412 procedente
719 325 782 389 iam
802 324 866 403 die,
882 325 965 391 firme
985 327 1081 391 etiarn
1096 326 1243 392 deficere.
1288 322 1418 390 Hauni-

203 399 233 444 Α·
251 397 347 524 23¹⁸·
367 411 446 478 uus
460 411 587 476 nerim
604 410 703 489 mnes,
716 412 842 498 aurbus
853 426 927 477 ana
943 413 1081 478 tentoria
1093 412 1194 490 aaa,
1209 410 1345 498 oleoque
1359 433 1419 498 per

295 504 304 522 '
368 497 557 586 manipulos,
580 510 617 562 ut
638 497 800 562 mollirent
827 510 923 577 artus,
946 500 1051 576 misso,
1073 511 1108 563 et
1136 499 1208 562 cibo
1236 519 1296 584 per
1316 498 1417 562 otium

368 597 472 686 capto,
487 583 542 650 ubi
558 597 764 670 transgressos
777 584 898 649 flumen
918 584 1026 650 hostes
1042 584 1226 650 nuntiatum
1240 597 1299 662 est,
1315 583 1419 648 alacer

368 670 481 736 smmis
498 671 745 758 corporibusque
760 692 847 734 arma
866 671 961 758 cepit,
977 684 1074 758 atque
1092 671 1126 734 in
1146 671 1246 735 aciem
1262 669 1417 758 procedit.

206 760 334 838 Hannibal
370 757 511 822 Baliares
531 757 615 822 locat
643 770 717 821 ante
747 757 847 842 sigua,
868 756 973 821 levem
1001 770 1202 834 armamram,
1225 769 1298 821 octo
1320 756 1419 821 ferme

204 841 329 940 ffim'
369 843 469 921 millia
497 844 681 918 hominum;
716 841 792 906 dein
820 842 996 929 pauorem
1026 843 1120 908 armis
1148 841 1301 930 peditem,
1333 841 1418 928 quod

369 931 494 1008 virium,
510 931 598 1017 quod
617 930 738 994 roboris
757 941 842 994 erat:
866 929 901 992 in
918 930 1066 994 cornibus
1085 927 1291 994 circumfudit
1308 929 1420 992 decem

370 1016 469 1081 millia
484 1016 646 1103 equitum;
671 1028 704 1080 et
718 1015 758 1079 ab
772 1015 921 1080 cornibus
934 1016 969 1079 in
984 1027 1290 1103 utramquepartem
1304 1013 1421 1078 divisos
1486 1029 1487 1034 ’

370 1100 557 1190 elephantos
570 1101 689 1166 statuit
716 1099 840 1166 Consul
854 1101 971 1166 afflrsos
985 1115 1154 1188 sequentes
1168 1101 1303 1188 equites,
1320 1123 1419 1188 quum
1486 1167 1487 1170 ,

371 1188 411 1252 ab
425 1188 643 1253 resistentibus
657 1187 763 1252 subito
779 1186 930 1252 Numidis
945 1187 1065 1252 incauti
1079 1187 1314 1275 exciperentur,
1330 1187 1421 1272 signo

371 1274 515 1374 receptui
534 1273 619 1351 dato,
635 1286 796 1338 revocatos
809 1273 1020 1338 circumdedit
1038 1273 1207 1361 peditibus.
1253 1263 1441 1368 Duodevi·}
1486 1309 1487 1312 =

270 1377 277 1384 ‘
371 1359 453 1448 giuti
467 1358 567 1425 millia
582 1359 722 1424 Romani
744 1372 845 1437 erant,
860 1360 980 1424 socium
1002 1359 1141 1423 nominis
1162 1359 1272 1424 Latini
1287 1358 1442 1446 viginti36

372 1446 491 1511 auxilia
507 1460 671 1534 praeterea
689 1444 969 1510 Cenomanorum:
993 1467 1032 1510 ea
1050 1444 1117 1510 sola
1130 1445 1166 1509 in
1183 1445 1247 1509 fide
1262 1457 1423 1509 manserat

375 1532 499 1597 Gelbes
527 1555 613 1620 gens
666 1531 728 1596 His
757 1531 858 1619 copiis
884 1553 1073 1596 concursum
1102 1543 1158 1596 est
1210 1529 1377 1595 Proelium
1406 1553 1424 1593 a
1486 1593 1487 1596 ,

373 1617 550 1683 Baliaribus
564 1627 669 1683 ortuni
684 1630 749 1694 est;
773 1618 890 1705 quibus
903 1639 1004 1705 quum
1019 1617 1137 1682 maiore
1151 1618 1264 1682 robore
1280 1614 1423 1704 legiones

373 1704 570 1780 obsisterent,
593 1703 749 1769 deductae
778 1725 912 1791 propere
934 1705 969 1768 iu
991 1725 1110 1768 cornua
1137 1703 1222 1768 leves
1244 1715 1423 1768 armaturae
1486 1721 1487 1746 ³

373 1802 457 1856 sunt
505 1789 598 1865 Quae
621 1812 670 1854 res
692 1791 808 1868 effecit,
831 1802 868 1854 ut
889 1791 1049 1878 equitatus
1072 1789 1237 1854 Romanus
1259 1789 1425 1877 extemplo
1486 1797 1487 1806 ’

452 1887 556 1940 retur:
592 1897 666 1940 nam
689 1898 789 1962 quum
810 1876 865 1940 vix
887 1877 950 1941 iam
972 1897 1030 1964 per
1050 1897 1084 1940 se
1106 1875 1290 1940 resisterent
1310 1875 1425 1940 decem
1486 1905 1487 1920 κ

374 1965 418 2027 mi
431 1963 513 2028 libus
528 1962 672 2049 equitum
688 1975 838 2048 quattuor
851 1962 960 2040 millia,
972 1975 1006 2027 et
1019 1961 1092 2026 fessi
1106 1961 1265 2062 plerisque
1280 1961 1424 2050 integris,
1486 2007 1487 2012 η

375 2049 480 2114 obruti
495 2061 570 2113 sunt
584 2048 713 2135 insuper
727 2048 815 2113 velut
828 2049 914 2114 nube
930 2048 1103 2114 iaculorum
1119 2071 1138 2112 a
1153 2047 1334 2114 Baliaribus
1349 2071 1426 2112 con·

374 2135 465 2202 ieeta.
511 2135 568 2200 Ad
582 2135 643 2200 hoe
661 2133 833 2223 elephanti,
848 2135 1025 2200 eminentes
1045 2135 1084 2198 ab
1098 2134 1248 2199 extremis
1263 2135 1425 2210 comibus,

373 2222 466 2310 equis
487 2221 625 2288 maxime
648 2243 714 2286 non
736 2221 806 2286 visu
827 2221 932 2298 modo,
948 2221 1006 2285 sed
1027 2220 1123 2285 odore
1145 2219 1272 2285 insolito
1296 2221 1425 2297 territis,

373 2308 481 2396 firgam
495 2308 558 2373 late
580 2307 746 2372 faciebant.
793 2306 954 2372 Pedestria
975 2329 1084 2395 pugna
1103 2329 1161 2394 par
1182 2307 1298 2370 animis
1312 2308 1425 2394 magis,

374 2417 471 2481 quam
496 2394 624 2470 viribrrs,
651 2407 736 2468 erat;
774 2415 853 2480 quas
876 2405 1019 2458 recentes
1047 2394 1185 2471 Poenus,
1211 2391 1320 2480 paullo
1350 2407 1425 2458 aute

374 2479 492 2545 curatis
514 2479 706 2565 corporibus,
731 2480 764 2542 in
788 2479 944 2567 proelium
967 2480 1132 2544 attulerat:
1170 2492 1290 2556 contre,
1315 2479 1427 2544 ieiuna

374 2567 518 2652 fessaque
546 2586 679 2651 corpora
711 2564 865 2630 Romanis
898 2579 932 2630 et
965 2567 1102 2653 rigentia
1134 2565 1209 2654 gelu
1243 2567 1424 2652 torpebant.

375 2651 580 2716 Restitissent
594 2663 701 2716 tamen
720 2651 842 2728 animis,
859 2652 886 2716 si
905 2674 979 2716 cum
999 2651 1106 2739 pedite
1129 2652 1230 2718 solum
1245 2651 1330 2717 foret
1344 2675 1426 2752 pug-

374 2750 495 2802 natum.
558 2735 622 2801 Sed
646 2749 679 2801 et
708 2736 858 2814 Baliares,
882 2737 974 2826 pulso
1003 2738 1121 2824 equite,
1146 2737 1368 2803 iaculabantur
1392 2761 1427 2802 ru
1484 2801 1485 2842 ,

375 2823 483 2902 latera,
505 2835 539 2888 et
561 2822 609 2888 ele
633 2823 722 2887 hanti
751 2823 815 2888 iam
837 2824 872 2888 in
892 2823 1032 2888 mediam
1103 2825 1207 2889 ditum
1231 2824 1335 2889 aciem
1359 2847 1427 2889 sese
1484 2843 1485 2862 t

376 2910 530 2975 tulerant:
554 2921 588 2973 et
643 2931 702 2996 ago
723 2906 959 2996 Numidaeque,
975 2909 1035 2974 sim
1088 2911 1223 2975 latebras
1237 2931 1352 2974 eorum
1367 2912 1427 2975 im·

375 2995 508 3082 provida
521 2994 709 3082 praeterlata
727 2996 810 3060 aeies
830 3009 888 3073 est,
903 2997 1006 3061 exorti
1026 2997 1065 3061 ab
1086 3011 1175 3083 tergo
1192 2996 1361 3082 ingentem
1376 3011 1428 3062 tu·

377 3081 512 3146 multum
527 3104 564 3146 ae
579 3095 730 3146 terrorem
745 3082 857 3146 secere.
896 3082 1022 3146 Tamen
1037 3083 1071 3146 in
1086 3096 1135 3147 tot
1148 3083 1428 3148 circumstantibus

376 3167 467 3232 malis
492 3168 607 3232 mansit
632 3165 827 3318 {quamdiu
857 3169 991 3232 immota
1012 3169 1104 3245 acies,
1131 3169 1268 3234 maxime
1297 3183 1446 3256 praeterr

376 3276 466 3342 spem
487 3253 632 3319 omnium
701 3276 810 3318 versus
837 3253 1032 3340 elephantos.
1093 3254 1159 3319 Eos
1183 3254 1303 3332 velites,
1327 3257 1373 3321 ad
1393 3256 1446 3320 ids

376 3340 479 3427 ipsum
507 3339 611 3418 locati,
645 3339 764 3405 verutis
798 3339 949 3405 coniectis
983 3354 1017 3405 et
1045 3353 1196 3417 avertere,
1226 3349 1259 3404 et
1287 3341 1427 3407 insecuti

377 3447 501 3492 aversos
522 3428 581 3492 sub
603 3425 803 3513 caudisque
823 3427 962 3491 maxime
984 3426 1071 3492 molli
1093 3439 1167 3492 cute
1189 3425 1322 3491 vulnera
1345 3429 1428 3493 aoei-

408 3615 604 3677 404me
617 3617 753 3679 peditibus]
780 3615 883 3665 Lorarit
915 3617 1090 3668 attumne.
1104 3634 1141 3681 ¹5·

376 3679 489 3727 adextra
499 3677 747 3741 laevaquepeditum.
764 3680 845 3730 cerv.
949 3685 1091 3744 7Masime
1108 3689 1211 3745 praem
1230 3697 1297 3746 spos
1318 3687 1427 3734 aarum

414 3753 428 3802 5
444 3742 619 3804 Duodwipinti
637 3744 715 3791 niuis
733 3745 838 3792 Restant
860 3760 883 3794 a·
915 3745 1195 3810 aemmokptaato]
1214 3747 1246 3795 ln
1257 3761 1308 3808 quo
1317 3745 1345 3796 id
1359 3763 1427 3796 max·

377 3806 449 3863 rant]
467 3819 500 3854 se.
513 3804 623 3862 Peditesr
639 3803 884 3869 sedavplmttam·
916 3808 965 3858 ime
986 3816 1083 3873 practer
1103 3825 1172 3872 spem
1194 3809 1303 3858 omnium
1327 3812 1428 3865 accidit,
1481 3851 1482 3858 ,

377 3865 472 3928 xmae
487 3867 561 3943 aaut
578 3868 666 3942 earu.
683 3871 725 3930 qu
741 3870 815 3918 etiam
833 3887 883 3920 ms
916 3875 982 3934 quos
998 3874 1072 3924 ettam
1089 3875 1204 3923 arvom
1220 3873 1369 3936 elepnantoe
1385 3875 1428 3923 nu
1481 3859 1482 3938 t

378 3936 431 3989 net,
446 3931 511 3992 quod
527 3946 629 3992 mnens,
644 3933 739 3993 quoties
754 3935 786 3981 ob
803 3935 884 3983 discri-
917 3939 1035 3997 quamdiu
1045 3939 1160 3987 restitere
1178 3938 1260 3988 Gerr.
1481 3947 1482 3960 ¹

377 4009 436 4070 meu
450 4009 560 4044 mmmae
576 4010 656 4044 rerum
671 3996 754 4058 copias
768 3999 884 4047 coniunx·
949 4001 964 4049 8
981 4003 1136 4061 Eosealttas]
1163 4001 1204 4050 lta
1219 4000 1369 4051 meulatoree
1387 4019 1429 4064 per
1481 3971 1482 4052 l

376 4063 442 4108 eunt
452 4059 572 4119 eonsules,
582 4060 684 4121 plenum
695 4061 829 4110 exereitum
842 4077 883 4124 po-
916 4065 1049 4126 prolepsim
1059 4066 1177 4128 'appellat
1188 4065 1282 4124 Idvius,
1292 4081 1373 4126 quum
1391 4083 1428 4115 re·

378 4123 432 4197 puli
441 4123 553 4171 Ramex
561 4137 608 4198 ψ
620 4138 646 4172 rr.
656 4123 848 4186 peditumetxx
857 4139 884 4176 u.
916 4115 972 4176 lit&
988 4129 1088 4178 demum
1104 4129 1131 4177 iu
1147 4128 1273 4178 obsidione
1283 4129 1426 4203 Capuaain

375 4201 496 4234 sacrorum
508 4191 650 4237 constitisse.
668 4189 734 4239 Bur.
916 4192 1025 4242 exercitu
1045 4193 1159 4242 Romano
1178 4192 1289 4240 instructi
1308 4199 1367 4243 unt
1398 4195 1427 4244 ri

409 4247 425 4302 6
441 4250 535 4300 εωίιῖηι
545 4253 651 4300 nominis
660 4253 758 4312 Mat]
777 4253 802 4302 h.
811 4267 832 4302 e.
842 4253 883 4304 so
917 4255 971 4308 intr.
984 4257 1050 4306 xxvi.
1061 4274 1084 4320 4

378 4313 469 4364 ciorum
483 4314 625 4364 Italicorum
636 4321 662 4364 et
673 4316 777 4365 nominis
792 4317 884 4376 Latini,
