2878 4772
315 227 412 294 LIB.
436 226 584 296 XXVII,
617 229 727 295 CAP.
750 235 804 294 43.
1023 232 1084 294 391

14 385 168 450 quoque
190 362 397 430 tumultuaria
417 385 526 452 pugna
546 365 615 430 luit
662 363 766 452 Supra
789 363 854 430 duo
880 362 980 429 millia
1002 363 1086 430 Poe·
1095 379 1129 430 U.
1141 381 1171 430 c.
1187 390 1244 444 545·

14 471 152 514 norum
188 471 288 516 caesa.
345 448 426 516 Inde
463 451 625 518 nocturnis
660 451 881 538 montanisque
917 445 1123 517 itineribusL
1141 446 1172 496 ⁰·
1187 457 1242 508 ’07-

15 535 176 613 Poenus,
202 559 244 600 ne
273 535 378 602 locum
408 537 573 625 pugnandi
599 537 698 617 daret,
726 536 951 626 Metapontum
979 537 1082 630 petiit.

18 620 158 688 Hanno
187 622 263 688 inde
289 623 332 709 (is
356 623 625 776 enimadpraesidio
650 625 719 689 eius
743 623 806 690 loci
831 624 1010 713 praefuerat
1048 624 1085 690 in

17 707 180 774 Bruttios
202 729 276 774 cum
299 710 409 809 paucis
498 711 674 778 exercitum
695 733 815 776 novum
836 733 906 776 com
1005 709 1083 775 dum

15 794 156 860 missua
203 793 376 874 Hanmbal,
401 797 500 885 copiis
521 797 591 863 eius
611 797 653 863 ad
674 819 746 862 suas
766 796 891 874 additis,
940 797 1084 862 enusiam

16 895 127 958 retro,
145 880 261 969 quibus
280 896 411 948 venerat
429 882 606 961 itineribus,
621 884 747 971 repetit,
762 896 858 970 atque
878 883 954 947 inde
972 880 1085 948 Canu·

15 967 114 1032 sium
130 967 284 1055 procedit
330 967 508 1056 Nunquam
524 968 613 1035 Nero
627 970 767 1056 vestigiis
783 969 882 1034 hostis
899 969 1080 1034 abstiterat:

74 1223 169 1292 luter
189 1224 268 1292 baec
354 1165 565 1306 Hmdnrbile,
682 1250 756 1292 uam
781 1250 800 1292 a
821 1226 1003 1294 Placentiae
1025 1227 1084 1293 ob-
1136 1221 1190 1282 43·

20 1311 158 1378 sidione
182 1312 341 1390 abscessit,
367 1326 518 1401 quattuor
545 1313 576 1379 G
621 1313 628 1328 ‘
656 1314 789 1400 equites,
814 1313 881 1379 duo
907 1313 1081 1392 Numidae,
1090 1304 1193 1380 Interd-

21 1420 106 1464 cum
122 1397 224 1464 literis
238 1398 280 1464 sd
295 1398 510 1466 Hannibalem
526 1400 622 1478 missi,
638 1423 739 1488 quum
755 1423 818 1501 per
835 1400 957 1466 medios
976 1401 1082 1466 hostes
1090 1375 1234 1482 lifflb,

22 1497 134 1550 totam
148 1484 247 1551 ferme
265 1483 498 1572 longitudinem
514 1485 624 1552 Italiae
644 1509 765 1552 emensa
785 1499 900 1565 essent,
915 1487 993 1552 dum
1009 1486 1120 1552 Me-lis
1130 1496 1224 1548 literae.

24 1585 65 1636 ta
107 1583 202 1635 ntum
219 1570 387 1636 cedentem
404 1572 618 1638 Hannibalem
638 1586 824 1660 sequuntur,
840 1573 969 1639 incertis
988 1574 1084 1640 itine-

24 1658 59 1722 ri
83 1679 122 1722 us
137 1655 314 1722 Tarentum
329 1657 435 1737 delati,
452 1660 570 1747 avagia
584 1681 642 1746 per
656 1682 748 1747 agros
763 1659 1000 1747 pabulatoribus
1015 1659 1085 1726 Ro·

24 1743 136 1808 manis
159 1741 201 1808 ad
223 1741 265 1818 Q
283 1741 457 1810 Claudium
480 1759 716 1833 propraetorem
739 1745 950 1812 deducuntur.
997 1745 1084 1812 Eum

25 1828 507 2004 fflialiliiillffoe}
574 1832 1085 1995 fflffitttnttitwdt

506 1964 516 1995 3

26 2001 165 2066 dmbale
180 2002 222 2068 ad
237 2001 453 2068 Hannibalem
467 2004 557 2070 ferre.
606 2001 691 2070 Cum
706 2003 745 2067 iis
762 2003 870 2080 literis,
885 2003 967 2068 sicut
982 2016 1083 2080 erant,
1137 2045 1140 2052 ,

27 2087 388 2240 Wltlnlldll
404 2089 530 2240 ‘llll‘
545 2087 1085 2240 atterentem

28 2197 108 2326 iidii
133 2283 227 2325 causa
252 2223 390 2328 missae·
427 2198 506 2337 Qii
520 2199 576 2326 ubi
601 2261 643 2328 ad
668 2259 831 2326 consulem
857 2197 1082 2347 perveneiunt,

30 2347 208 2433 literaeque
229 2346 330 2414 lectae
350 2370 408 2436 per
426 2349 493 2413 inte
533 2358 634 2412 retem
653 2358 787 2423 suntet
806 2369 848 2410 ex
865 2346 997 2432 captivis
1011 2369 1083 2448 per-

30 2433 196 2500 cunctatio
212 2433 295 2498 lacta
304 2457 314 2510 ;
338 2448 407 2498 tum
425 2432 508 2498 Clau
533 2433 590 2510 ‘ua
605 2454 672 2497 non
691 2433 726 2497 id
746 2445 870 2519 tempus
888 2455 956 2497 esse
976 2455 1084 2522 reipu-

30 2518 136 2586 blicae
152 2532 246 2596 ratus,
258 2542 324 2606 quo
334 2519 474 2586 consiliis
488 2518 654 2586 ordinariis
668 2518 848 2606 provinciae
860 2541 935 2584 suae
946 2519 1085 2607 quisque

32 2605 153 2672 finibus
171 2628 230 2693 per
249 2606 407 2672 exereitus
428 2628 502 2672 suos
523 2627 596 2671 cum
619 2605 708 2670 hoste
729 2605 888 2670 destinato
909 2606 950 2670 ab
971 2619 1084 2672 senatu

13 2691 155 2757 abellam
169 2704 303 2778 gereret,
315 2691 498 2758 audendum
513 2691 634 2780 aliquid
646 2691 861 2779 improvisum,
872 2691 1082 2779 inopinatum,

34 2777 126 2866 quod
139 2791 287 2864 coeptum
302 2801 368 2842 non
382 2779 537 2844 minorem
557 2779 644 2866 apud
663 2779 757 2856 cives,
773 2801 871 2866 quam
888 2777 1003 2856 hostes,
1020 2793 1084 2844 ter-

34 2885 140 2928 rorem
154 2863 280 2940 faoeret,
295 2876 512 2964 perpetratum
526 2865 561 2929 in
743 2865 896 2930 laetitiam
911 2888 952 2931 ex
967 2889 1084 2954 magno

37 2962 128 3014 metu
155 2963 311 3026 verteret3
342 2949 441 3016 literis
467 2950 597 3016 Hasdru
650 2952 676 3015 's
702 2951 839 3016 Romam
868 2950 911 3014 ad
938 2965 1084 3016 senatum

37 3035 149 3112 missis,
181 3034 276 3102 simul
307 3048 341 3101 et
369 3037 436 3136 ipse
466 3036 577 3100 Patres
606 3035 807 3122 conscriptos,
838 3035 917 3121 quid
949 3049 1084 3121 pararet,

40 3119 166 3200 edocet,
191 3133 236 3198 ut,
260 3144 361 3208 quum
387 3144 421 3185 m
448 3121 584 3188 Umbria
612 3143 645 3186 se
674 3142 878 3186 occursurum
905 3118 1086 3186 Hasdrubal

38 3206 126 3273 frent
145 3207 270 3286 scribat,
285 3208 444 3294 legionem
459 3231 480 3272 a
495 3207 610 3294 Capua
625 3206 763 3272 Romam
778 3217 956 3281 arcessant3
979 3205 1086 3272 delec-

41 3307 112 3362 tum
140 3292 263 3360 Romae
294 3293 452 3370 babeant;
484 3293 659 3360 exercitum
685 3293 842 3358 urbanum
865 3290 907 3356 sd
930 3289 1086 3357 Narniam

40 3379 125 3445 hosti
151 3393 324 3468 opponant
371 3377 462 3446 Haec
491 3379 615 3445 senatui
643 3378 767 3465 scripta
813 3376 990 3444 Praemissi.
1007 3377 1086 3444 item

41 3488 101 3556 per
123 3489 232 3554 agrum
255 3465 448 3544 Larinatem,
472 3465 702 3542 Marmcinum,
726 3464 929 3544 Frentanum,
953 3461 1089 3530 Praetu-

43 3553 173 3630 tianum,
194 3577 259 3642 qua
281 3553 455 3620 exercitum
478 3552 631 3619 ductmus
654 3565 732 3630 erat,
753 3564 789 3616 nt
811 3573 922 3617 omnes
942 3574 983 3616 ex
1004 3551 1087 3652 agris

44 3639 235 3725 urbibusque
250 3653 443 3706 commeatus
457 3651 582 3727 paratos
597 3638 690 3705 militi
701 3637 744 3704 ad
754 3636 946 3702 vescendum
957 3637 992 3702 in
1003 3659 1087 3703 mam

43 3724 211 3804 deferrent,
229 3747 329 3812 equos
350 3726 460 3790 iumen
516 3749 556 3792 ue
579 3725 642 3792 alia
659 3723 881 3811 producerent,
902 3735 939 3788 ut
957 3722 1087 3789 vehicu-

44 3810 143 3875 lorum
157 3810 245 3877 fessis
263 3811 355 3898 copia
374 3823 464 3876 esset
529 3834 583 3898 pse
599 3811 640 3875 de
659 3821 726 3875 toto
744 3809 889 3874 exercitu
905 3807 1023 3874 civium
1037 3833 1088 3876 so-

79 4048 200 4098 BBallwa
207 4049 317 4109 met]
337 4045 396 4096 Non
407 4043 503 4096 licuiue
514 4044 549 4094 in·
581 4044 683 4096 modum
704 4049 791 4117 postes
811 4043 904 4094 lactum
925 4056 987 4102 esse,
1008 4049 1036 4092 ut
1057 4057 1089 4092 ex

48 4111 112 4162 ium
128 4117 225 4162 anama
239 4112 272 4161 de
290 4110 416 4173 provincia
432 4109 508 4168 exire,
525 4115 550 4157 et
581 4109 635 4158 (lic.
646 4107 671 4156 in
681 4108 763 4157 Ptoou.
773 4121 812 4156 tr.
823 4107 910 4169 liquet,
920 4107 984 4156 idem
997 4111 1090 4163 monet,

49 4175 177 4226 exercitum
198 4175 311 4233 ducere,
331 4174 413 4224 allatis
439 4171 551 4235 plurimis
582 4170 1089 4233 aamquesententismrovocansadnos·

51 4239 110 4290 Livii
126 4239 183 4288 loeis
199 4240 271 4288 docet
288 4239 384 4288 Duker.
404 4237 550 4298 cleopas.
583 4242 647 4284 trum
664 4233 718 4284 intr.
732 4233 814 4284 xxxvi.
827 4249 865 4298 39.
882 4235 1010 4284 confirmat
1027 4231 1090 4280 Dra·

52 4315 88 4366 37.
120 4303 243 4352 ldtamen
258 4302 353 4364 legibus
369 4301 416 4350 hoc
432 4307 551 4361 tempora,
582 4299 655 4348 kanb.
674 4299 769 4348 Rsscu.

51 4367 154 4416 nondum
171 4365 243 4416 tuae
261 4365 419 4429 prohibitum,
436 4363 551 4425 quemad-
