2878 4772
363 233 429 293 442
754 224 868 295 ΤῙΤΙ
894 227 1031 296 LIVII

207 367 286 427 lto.
303 362 496 449 anabaust)
526 362 704 428 transmisit
751 362 844 428 Duae
877 379 953 429 sunt
982 363 1130 450 Baliares
1165 362 1292 440 insulae,
1317 365 1383 426 maio

210 443 240 522 A:
258 440 288 492 ⁰·
304 434 466 513 ²9⁶·altera
487 461 583 535 atque
606 448 788 535 opulentior
809 451 903 514 armis
922 451 1083 537 virisque:
1108 465 1146 515 et
1170 465 1294 537 portum
1311 449 1383 512 luber.

209 505 344 615 ,iffifflf
368 535 423 600 ubi
438 535 604 600 commode
620 534 860 601 hibernaturum
876 559 909 600 se
924 537 972 624 (et
987 537 1050 600 iam
1062 551 1253 601 extremum
1262 535 1383 600 auctnnn'

210 631 281 680 lieres
295 621 450 706 insu-erat)
475 621 633 686 credebat.
681 621 845 701 Ceterum,
871 622 959 687 haud
984 645 1077 687 secus
1104 645 1209 723 quam
1236 623 1260 685 si
1286 621 1381 684 Bonan
1408 665 1409 712 ἦ

209 695 253 744 ¹⁸²
367 729 439 772 cam
469 707 605 771 insulam
637 708 823 786 incolerent,
850 708 1006 773 hostiliter
1037 708 1134 773 classi
1171 730 1325 773 occursum
1347 719 1381 770 art
1408 717 1409 750 l

368 792 489 858 Fundis
504 806 541 857 ut
554 815 641 858 nunc
656 793 838 880 plurimum,
855 795 900 859 ita
916 808 993 859 tunc
1007 795 1078 859 solo
1093 818 1136 860 ec
1152 795 1221 860 telo
1236 795 1381 858 utebantrr:

365 901 426 945 nec
441 879 609 967 quisquam
624 879 753 944 alterius
767 881 872 968 gentis
886 903 969 946 unus
984 894 1113 946 tantum
1125 905 1170 946 ea
1181 893 1259 958 arte,
1270 892 1382 967 qumtm

366 965 451 1031 inter
465 964 543 1031 alios
557 987 668 1031 omnes
679 965 821 1031 Baliares
834 967 1004 1033 excellunt.
1044 967 1168 1054 Itaque
1186 981 1273 1032 tanta
1285 969 1323 1029 vis
1334 965 1391 1048 lapi.

367 1051 445 1116 dum
468 1053 676 1117 creberrimae
699 1053 864 1140 grandinis
887 1053 983 1118 modo
1003 1054 1040 1116 in
1060 1053 1329 1140 propinquantem
1345 1051 1381 1112 im

367 1151 468 1204 terrae
483 1138 615 1203 classem
629 1139 729 1203 effusa
743 1153 800 1216 cst,
817 1153 862 1216 ut,
877 1140 994 1204 intrare
1008 1153 1143 1225 portum
1162 1163 1233 1204 non
1247 1140 1315 1213 ansi,
1327 1159 1381 1200 ara·

210 1238 308 1312 Minore
316 1237 470 1303 po-tarent
484 1225 518 1288 in
533 1224 632 1289 altum
648 1246 752 1290 naves
788 1225 827 1289 In
839 1227 994 1292 minorem
1006 1225 1083 1290 inde
1096 1225 1278 1290 Baliarium
1288 1223 1381 1286 insrlan

210 1307 277 1353 taur.
367 1312 568 1388 traiecerunt,
584 1310 722 1376 fertilem
736 1333 830 1397 agr03
846 1312 929 1389 viris,
942 1312 1036 1376 armis
1050 1312 1145 1376 haud
1161 1335 1267 1399 aeque
1280 1309 1380 1374 validm

366 1397 480 1484 Itaque
504 1397 621 1484 egressi
644 1397 777 1462 navibus
802 1419 897 1485 supra
964 1411 1049 1462 rtum
1074 1397 1153 1463 loco
1179 1398 1302 1462 munito
1318 1413 1382 1458 cam

309 1517 313 1524 -
366 1483 491 1549 locant:
524 1507 571 1560 ac,
598 1483 666 1547 sine
691 1485 863 1549 certamine
890 1507 928 1548 ur
994 1505 1139 1570 agroque
1169 1484 1275 1572 potiti,
1298 1481 1381 1546 duabu

366 1569 505 1634 millibus
523 1569 722 1634 auxiliarium
747 1569 822 1634 inde
846 1571 966 1635 conscri
991 1571 1040 1646 tis,
1059 1571 1152 1634 missi
1197 1593 1239 1634 ue
1258 1565 1382 1650 Carthagi·

365 1677 450 1732 ncm,
466 1655 508 1719 ad
527 1654 761 1722 hibemaudum
781 1679 877 1721 naves
896 1679 934 1721 su
977 1669 1126 1720 uxernnt.
1212 1671 1261 1722 ost
1277 1651 1381 1740 blagcr's

367 1741 407 1805 ab
423 1741 546 1806 Oceani
560 1764 616 1806 ora
629 1742 811 1819 discessum,
829 1742 983 1807 Gaditani
999 1742 1159 1807 Romanis
1176 1743 1334 1807 deduntm.

257 1829 309 1922 BB.
412 1827 503 1892 Haec
523 1828 558 1892 in
573 1827 619 1892 Hi
658 1829 730 1893 ania
743 1829 782 1894 P.
799 1828 956 1916 Scipionis
970 1828 1070 1893 ductu
1090 1830 1302 1916 auspicioque
1317 1841 1390 1913 gam

210 1912 352 1988 scipione
367 1913 451 2001 Ipse,
474 1913 512 1978 L.
527 1851 667 1979 Ientdlb
688 1927 722 1979 et
743 1914 782 1979 I.
799 1914 924 1980 Manlio
939 1915 1079 1979 Acidino
1102 1916 1277 2001 provincia
1296 1911 1391 1982 tradita²

208 1989 276 2026 Μ
285 1978 477 2066 redlt'decem
493 2002 625 2066 navibus
641 2001 779 2064 Romam
793 2000 888 2066 rediit
896 2023 906 2077 ;
925 2013 967 2078 et,
982 2013 1095 2066 senatu
1110 2015 1213 2066 extra
1227 1997 1381 2066 mbemdm

365 2087 401 2151 in
416 2086 494 2152 aede
511 2087 674 2164 Bellonae,
690 2109 769 2174 quas
783 2109 833 2152 res
851 2088 885 2150 in
901 2086 1057 2174 Hispania
1073 2087 1241 2174 gessioeet,
1255 2084 1378 2152 daem:

367 2175 492 2258 quoties
514 2173 612 2260 signis
633 2172 755 2238 collatis
769 2173 957 2251 dimicaaeet,
973 2187 1053 2260 quot
1071 2173 1200 2260 oppida
1220 2195 1263 2239 ex
1280 2170 1379 2236 hoetibu

366 2260 397 2323 vi
417 2259 562 2347 cepisset,
577 2281 657 2346 quas
676 2272 788 2346 gentes
807 2260 842 2323 in
862 2259 1015 2324 ditionem
1036 2258 1149 2346 populi
1169 2259 1307 2325 Romani
1322 2255 1379 2320 rede

366 2345 470 2431 gisset
532 2346 721 2410 ‘Adversus
757 2357 907 2432 quattuor
942 2369 976 2410 sc
1013 2345 1238 2432 imperatores,
1274 2357 1379 2431 quattuor

368 2432 522 2497 ‘victores
543 2433 702 2496 exercitus
723 2432 758 2496 in
781 2430 969 2518 Hispaniam
991 2432 1072 2495 isse:
1096 2433 1269 2498 neminem
1286 2426 1380 2494 cante

368 2518 565 2604 ‘giniensem
592 2518 625 2581 in
651 2519 690 2581 iis
716 2518 807 2582 terris
832 2518 1016 2604 reliquisse!
1072 2517 1126 2582 0b
1154 2518 1218 2584 has
1243 2541 1290 2582 res
1313 2529 1378 2601 με·

367 2604 466 2688 magis
487 2617 606 2669 tentata
625 2617 674 2669 est
694 2603 846 2691 triumphi
865 2626 945 2691 spes,
962 2625 1057 2690 quam
1073 2604 1179 2690 petita
1197 2601 1377 2706 pertinaciter:

367 2689 443 2774 quia
462 2691 624 2754 neminem
644 2689 685 2754 ad
705 2713 776 2755 eam
796 2689 882 2754 diem
902 2688 1122 2777 triumphasse,
1142 2713 1208 2776 qm
1233 2692 1297 2755 siue
1315 2705 1387 2768 ngr:

366 2786 466 2839 stratu
491 2798 540 2839 res
563 2777 720 2863 gessisset,
742 2776 913 2841 constabat.
960 2775 1079 2840 Senatu
1104 2776 1218 2854 misso,
1241 2777 1336 2841 urbem
1350 2787 1377 2831 es

365 2861 739 3013 {luggamqprgentique
761 2885 838 2949 prae
861 2885 894 2926 se
918 2861 954 2925 in
975 2861 1131 2963 aerarium
1145 2863 1237 3011 (lunt
1257 2871 1378 2958 quaflfflj

209 3029 328 3107 cnmiaa'
388 2962 895 3122 ecidiltiuirialganddinulimilidunia
911 2948 1148 3098 gqqdiqurpntqe
1172 2954 1377 3100 ffiffi

365 3143 402 3184 su
415 3121 485 3185 ibus
514 3121 625 3186 habuit
654 3120 693 3185 L.
711 3121 864 3185 Veturius
892 3119 1006 3185 Philo:
1045 3120 1278 3208 centuriaeque
1303 3131 1376 3182 omne:

365 3206 489 3294 ingenti
508 3207 614 3273 favore
636 3207 673 3272 P.
689 3207 873 3296 Scipionem
892 3206 1054 3272 consulem
1072 3205 1238 3272 dixerunt.
1283 3200 1376 3284 calep

380 3407 870 3533 ..ltmatltmtttttltaffll
903 3404 1405 3526 {mlffllludhlffluihii

363 3487 379 3534 g
401 3550 409 3583 1
428 3537 720 3597 Hoeo...P.Sciploais
730 3535 872 3584 drwtuorra·
904 3538 964 3592 erat,
986 3549 1036 3582 non
1058 3533 1225 3594 magistratus.
1258 3531 1376 3591 uagatus

362 3601 475 3661 pictoque
483 3601 565 3660 perta]
585 3597 871 3660 Minusptcpriahiclo·
904 3597 969 3645 enim
992 3603 1044 3646 erat
1062 3597 1238 3645 tantummodo
1260 3595 1377 3662 dirmunt-

364 3663 447 3722 quitur
469 3661 560 3712 Lirim
594 3663 646 3719 Qui
669 3662 735 3710 enim
756 3675 870 3724 proprae·
903 3661 1040 3718 consulum,
1052 3667 1203 3722 praetorum,
1216 3660 1377 3722 etampes&

364 3731 428 3775 tores
439 3727 478 3774 vel
493 3727 649 3789 proconsules
663 3726 715 3774 aine
729 3725 870 3788 magistratu
903 3724 955 3772 eius
971 3724 1111 3786 quicunque
1124 3723 1159 3772 rei
1178 3722 1293 3772 militaris
1306 3719 1376 3789 adrat*

365 3789 494 3852 imperium
512 3791 643 3850 habebant,
659 3790 730 3838 nulla
748 3789 872 3837 habebant
903 3789 1016 3836 strandae
1042 3787 1081 3836 ius
1106 3804 1122 3835 a
1149 3788 1246 3862 populo
1272 3787 1375 3844 accep&

357 3853 482 3914 auspicia,
493 3859 521 3902 ut
532 3859 626 3902 constat
638 3869 668 3902 ex
680 3853 734 3903 Cic.
743 3853 775 3901 de
786 3852 871 3902 Divin.
904 3852 980 3900 Porro
998 3851 1070 3899 multi
1084 3851 1133 3899 iam
1147 3858 1312 3914 unperatmca
1323 3857 1376 3892 ew
1403 3879 1404 3890 ι

364 3915 389 3964 ii.
415 3915 451 3976 76.
477 3917 536 3966 vid.
560 3917 714 3966 Perironium
739 3917 870 3966 animadv.
904 3916 946 3976 plo
964 3921 1017 3964 orto
1035 3928 1051 3962 a
1069 3915 1102 3970 Q,
1119 3915 1232 3963 Publilio
1250 3904 1375 3977 Philone-l}

302 3999 305 4003 ·
356 3977 431 4028 alia.
445 3989 466 4040 7.
500 3981 581 4030 Semel
597 3981 647 4030 iam
664 3983 754 4030 abusus
770 3987 808 4029 est
824 3981 872 4028 hac
903 3994 953 4041 quo
971 3979 1019 4028 rid.
1036 3984 1156 4038 nochum,
1172 3993 1241 4040 supr.
1257 3977 1303 4024 n'i'a
1319 3971 1376 4038 aba

364 4041 592 4104 locutionaLiviua,
603 4043 727 4108 supariii.
740 4045 870 4106 aucam.
902 4058 941 4092 res
963 4047 1091 4105 prorogato
1113 4048 1168 4104 post
1194 4047 1306 4090 exactum
1329 4047 1375 4092 ΜΨ

397 4121 410 4154 a
431 4109 460 4155 L.
477 4109 581 4156 molo
604 4115 627 4157 at
648 4111 677 4157 L.
694 4109 795 4156 Manlio
813 4109 871 4156 Ael-
903 4113 1005 4155 atratum
1026 4105 1130 4168 imperio
1146 4113 1227 4168 gestas
1246 4101 1375 4162 triumphu

363 4171 433 4229 dinc]
453 4169 505 4227 Qui
520 4185 577 4217 cum
593 4171 758 4230 proconsulari
768 4170 871 4232 imperio
903 4175 966 4219 rant.
999 4171 1033 4218 at
1055 4183 1130 4218 nemo
1149 4171 1180 4218 ad
1203 4169 1268 4217 bane
1285 4166 1338 4215 dan
1352 4168 1375 4206 Ε·

364 4232 400 4290 inl
410 4233 557 4296 Hispaniam
576 4233 643 4281 misai
660 4235 766 4294 merant,
780 4239 809 4282 ut
828 4249 870 4296 ap-
903 4233 990 4295 umphi
1018 4232 1134 4282 honorem
1163 4233 1334 4295 impetnrent
1351 4237 1375 4293 t?

365 4297 498 4354 paratino.
510 4295 627 4356 axin-13.
644 4297 727 4345 esav.
904 4297 1013 4358 privatus
1023 4313 1080 4345 cum
1091 4296 1195 4359 imperio
1207 4298 1294 4346 minata
1302 4295 1375 4342 aad!

397 4361 533 4418 3Qat'rinc
543 4361 687 4421 magistratu
699 4363 868 4422 respexisset]
903 4375 942 4411 res
952 4361 1076 4424 gerendas.
1092 4361 1175 4414 caer.
