2878 4772
340 231 405 294 428
674 217 683 224 ’
725 217 840 293 ΤΓΓΙ
869 221 1006 293 LIVII

254 365 395 435 ·⁵46·bat
415 385 480 429 una
497 385 536 428 ea
555 385 621 452 spe,
637 363 725 464 quod
746 365 892 430 tribunos
910 387 952 429 ex
970 363 1171 452 contagione
1187 364 1312 430 furoris
1329 361 1393 430 baad

278 435 332 487 ²⁰⁶·
341 463 487 538 expertes
507 450 672 514 seditionis
686 450 938 538 defectionisque
953 451 1014 515 rati
1029 451 1110 529 fore,
1128 466 1166 516 et
1186 452 1266 516 iura
1279 451 1392 516 reddere

340 537 375 601 in
390 535 553 624 principiis
567 538 723 614 sinebant,
740 550 774 601 et
792 537 918 624 signum
940 537 1034 602 abiis
1052 538 1232 625 petebant,
1250 551 1287 602 et
1304 539 1336 602 in
1348 553 1404 616 seq

341 623 444 688 tiones
459 645 495 686 ac
510 623 632 710 vigilias
649 624 682 686 in
699 623 844 688 ordinem
864 623 972 688 ibant:
996 637 1039 701 et,
1056 637 1094 688 ut
1109 624 1182 688 vim
1205 625 1336 712 imperii
1353 625 1405 687 arb-t

339 708 503 786 stulerant,
528 709 574 773 ita
596 710 734 796 speciem
758 709 845 774 dicto
867 710 1059 810 parentium,
1088 710 1183 774 ultro
1216 711 1283 775 sibi
1313 712 1393 797 impe

340 809 454 872 rantes,
471 797 644 861 servabant
692 793 809 883 Erupit
823 795 941 861 demde
960 795 1084 874 seditio,
1102 810 1294 883 postquam
1308 819 1393 884 repre·

339 881 481 948 bendere
510 895 606 970 atque
636 883 814 968 improbare
845 884 987 947 tribunos
1016 903 1064 959 ea,
1116 905 1184 946 uae
1221 885 1392 959 fiereutet

339 968 447 1034 conari
467 969 591 1033 obviam
612 967 667 1045 ire,
687 981 721 1033 et
740 967 902 1056 propalam
922 969 1070 1046 abnuere,
1090 905 1222 1034 luroris
1245 993 1352 1035 comm
1367 993 1391 1033 a

339 1055 461 1120 futuros
481 1055 591 1132 socios,
607 1069 782 1120 senserunt.
829 1055 855 1119 F
918 1056 957 1119 tis
977 1055 1085 1142 itaque
1105 1077 1150 1119 ex
1173 1057 1390 1143 principiique

339 1154 411 1229 post
425 1140 532 1229 paullo
546 1163 564 1204 e
579 1141 687 1206 castris
702 1141 845 1218 tribunis,
857 1077 1073 1229 :dapnneipes
1088 1141 1284 1220 seditionis,

339 1228 402 1292 rios
424 1228 549 1305 milites,
572 1225 611 1291 C.
624 1228 757 1292 Albium
781 1226 940 1293 Calenum
962 1241 996 1292 et
1019 1225 1059 1292 C.
1071 1227 1216 1292 Atrium
1236 1229 1306 1292 Um
1382 1297 1386 1304 ,
1435 1297 1436 1300 Ἴ

339 1313 479 1379 delatum
494 1313 636 1378 omnium
652 1337 809 1379 consensu
822 1313 990 1414 imperium
1002 1327 1058 1378 est.
1094 1313 1181 1390 Qui,
1196 1337 1390 1403 nequaquan

339 1399 515 1466 tribuniciis
535 1401 677 1465 contenti
698 1413 900 1477 ornamentis,
917 1401 1051 1488 insignia
1071 1401 1176 1464 etiam
1203 1402 1327 1466 summi
1344 1403 1390 1464 iur-

338 1487 429 1573 perii,
452 1488 550 1552 fasces
576 1509 775 1574 securesque,
800 1500 966 1552 attrectare
992 1485 1078 1551 ausi:
1113 1509 1159 1551 ne
1189 1511 1235 1552 ue
1260 1489 1389 1552 venitin

338 1587 488 1651 mentem,
504 1574 568 1638 suis
586 1574 682 1660 tergis
699 1575 826 1660 suisque
845 1573 1019 1638 cervicibus
1036 1574 1143 1659 virgas
1166 1597 1180 1637 r
1195 1574 1246 1639 las
1267 1595 1388 1638 secures·

361 1681 401 1722 ue
417 1659 593 1737 imminere,
609 1682 688 1745 quas
702 1660 744 1724 ad
762 1673 882 1724 metum
898 1658 1031 1723 aliorum
1045 1659 1268 1746 praeferrent.
1316 1659 1388 1724 blus

338 1681 497 1833 §cipionis
515 1745 594 1810 falso
615 1746 737 1811 credita
757 1747 943 1811 occaecabat
964 1745 1105 1810 animos:
1130 1747 1198 1810 sub
1220 1747 1318 1812 cuius
1335 1745 1388 1810 rul-

337 1845 443 1918 gatarn
459 1855 534 1897 mox
548 1831 664 1897 famam
684 1855 749 1897 non
765 1833 954 1898 dubitabant
974 1843 1072 1896 totam
1089 1829 1298 1920 Hispaniam
1317 1855 1388 1897 arso-

338 1941 404 1982 raur
425 1918 518 1983 bello.
564 1917 604 1982 In
624 1941 662 1983 eo
683 1918 821 1984 tumultu
841 1932 875 1984 et
893 1919 985 1983 sociis
1004 1918 1160 2005 pecunias
1183 1920 1348 2007 imperari,
1362 1935 1388 1983 et

337 2005 433 2092 diripi
458 2005 652 2093 propinquas
677 2007 771 2071 urbes
795 2027 907 2093 posse:
934 2019 978 2082 et,
1002 2005 1136 2069 turbatis
1161 2005 1279 2083 rebus,
1303 2029 1387 2094 quum

339 2092 446 2156 omnia
467 2113 578 2157 omnes
599 2091 764 2169 auderent,
781 2092 886 2156 minus
906 2090 1043 2178 insignia
1060 2091 1140 2167 fore,
1157 2115 1253 2179 quae
1276 2094 1335 2180 ipsi
1352 2093 1388 2156 le·

272 2231 280 2249 .
337 2178 462 2243 cissent.
511 2178 621 2254 Quum
637 2178 715 2242 alios
729 2177 864 2243 subinde
879 2190 1022 2242 recentes
1039 2179 1186 2255 nuntios,
1203 2202 1277 2244 non
1292 2179 1387 2244 mons

338 2265 443 2342 modo,
459 2265 515 2330 sed
535 2265 630 2329 etiam
646 2263 774 2344 funeris,
791 2277 1019 2352 exspectarent,
1041 2285 1148 2350 neque
1171 2265 1387 2353 superveniret

337 2351 515 2438 quisquam,
531 2365 795 2438 evanesceretque
812 2364 930 2416 temere
949 2364 1034 2415 ortus
1052 2372 1187 2427 rumor;
1215 2367 1290 2416 turn
1309 2350 1385 2440 primi

335 2451 479 2503 auctores
493 2438 612 2525 requiri
626 2438 752 2524 coepti:
776 2450 818 2516 et,
835 2437 1039 2502 subtrahente
1059 2459 1093 2501 se
1133 2461 1264 2525 noque,
1281 2456 1319 2503 ut
1331 2460 1386 2502 cre·

335 2523 451 2589 didisse
467 2526 573 2612 potius
588 2537 717 2602 temere,
733 2547 829 2611 quarn
845 2524 984 2600 finxisse,
1000 2545 1067 2588 rem
1129 2545 1186 2587 em
1202 2525 1313 2590 rideri
1329 2545 1386 2612 prs*

335 2623 393 2688 set,
420 2611 563 2676 destituti
593 2610 691 2675 duces
720 2611 783 2675 iam
812 2631 870 2675 sua
898 2611 958 2697 ipsi
988 2609 1135 2710 insignia,
1163 2625 1203 2674 et
1231 2635 1297 2699 pro
1321 2631 1386 2674 rana

335 2696 473 2782 imagine
493 2697 628 2785 imperii,
644 2695 732 2784 quod
796 2709 1034 2774 rerentueram
1055 2709 1246 2784 iustamque
1270 2697 1386 2762 morin

177 2793 280 2868 Tripuri
335 2803 368 2846 se
383 2803 543 2846 versuram
557 2795 746 2871 potestatem
784 2784 939 2848 orrebant.
987 2781 1143 2870 Stupente
1158 2781 1213 2848 ita
1225 2785 1386 2856 seditione,

177 2858 311 2971 ww
335 2889 435 2956 quum
460 2869 565 2934 vivere
591 2871 704 2957 primo,
730 2892 805 2934 mox
833 2869 929 2934 etiarn
954 2869 1058 2934 valere
1087 2868 1297 2955 Scipionem,
1322 2868 1388 2935 certi

176 2986 209 3034 ,d
219 2937 316 3035 ledit„
335 2970 478 3022 auctores
492 2957 651 3034 afferrent,
667 2955 787 3020 tribuni
801 2956 940 3020 militurn
955 2969 1077 3043 septem
1092 2956 1133 3020 ab
1148 2957 1226 3042 ipso
1244 2957 1387 3045 Scipione

175 3050 299 3100 tormini.
336 3043 421 3108 missi
450 3057 532 3108 sunt
588 3043 643 3106 Ad
670 3063 805 3129 quorum
835 3043 973 3129 primum
1003 3041 1179 3106 adventum
1214 3041 1387 3131 exasperati

177 3137 288 3187 Permul-
334 3130 453 3208 animi3
477 3151 563 3206 mox,
578 3129 654 3216 ipsis
675 3129 801 3215 placido
824 3149 969 3192 sermone
989 3127 1274 3215 pennulcentibns
1295 3143 1386 3202 notra

177 3207 287 3314 cqnt'gos
334 3237 408 3280 enm
434 3216 549 3304 quibus
576 3216 735 3302 congressi
762 3228 861 3292 erant,
888 3214 979 3279 leniti
1005 3227 1089 3279 sunt.
1138 3213 1386 3281 Circumermtes

175 3281 295 3382 ffioss,
334 3302 420 3366 euim
436 3303 572 3368 tentoria
585 3303 698 3388 prime,
714 3301 830 3366 deinde
849 3300 884 3364 in
900 3301 1064 3388 principiis
1078 3303 1326 3390 praetorioque,
1341 3301 1386 3364 ubi

334 3411 494 3453 sermones
511 3389 595 3452 inter
612 3411 645 3453 se
663 3388 836 3452 serentium
851 3386 984 3452 circulos
998 3386 1162 3464 vidissent,
1179 3387 1387 3476 alloqueban-

334 3491 394 3553 tur,
405 3487 647 3561 percunctantes
658 3475 767 3561 magis,
780 3497 862 3561 quae
874 3495 967 3538 eausa
977 3473 1042 3537 irae
1054 3475 1404 3560 consternationisque:

333 3563 455 3627 subitae
470 3561 561 3638 foret,
573 3583 669 3647 quam
681 3559 799 3625 sactum
814 3573 1005 3624 accusantes
1044 3557 1153 3645 Vulgo
1169 3561 1386 3648 ‘stipendium

335 3657 345 3686 ‘
356 3671 421 3712 non
440 3648 551 3713 datum
574 3647 615 3711 ad
633 3647 733 3712 diem'
748 3646 941 3711 iactabatur:
967 3655 1147 3745 ‘atquem
1166 3647 1293 3712 eodem
1314 3661 1388 3710 tem·

335 3743 442 3836 ‘pore,
458 3758 523 3821 quo
543 3733 644 3799 scelus
659 3733 944 3832 Illiturgitanorum
962 3745 1143 3807 exstrtrsset,
1159 3747 1238 3818 post
1252 3733 1386 3833 duorum

334 3829 580 3970 ‘imperatorum
595 3820 795 3907 duorumque
812 3831 1011 3884 exercrtuum
1031 3831 1180 3917 stragem,
1196 3841 1259 3919 sua
1273 3833 1387 3884 virtute

334 3907 395 3970 ‘de
409 3930 521 3972 ensum
543 3929 660 3972 nomen
680 3906 862 3971 Romanum
885 3927 923 3969 ac
947 3917 1070 3969 retenta
1093 3925 1264 3992 provrncra
1288 3921 1387 3970 emet:

366 4131 379 4182 5
396 4123 430 4168 Iu
445 4121 589 4182 prtuctptte]
622 4119 747 4181 Principia
763 4119 840 4167 instar
871 4123 977 4167 tesseras
987 4119 1114 4166 dabantur.
1132 4119 1264 4168 namuro.

332 4185 601 4232 torieastrorumerant.
628 4183 839 4244 Ibiimperatoras,
905 4181 970 4231 61n
992 4183 1114 4241 orditura]
1143 4181 1297 4231 Secundum
1327 4197 1387 4246 pr*

331 4248 416 4308 legati,
422 4246 512 4295 tribuni
521 4245 628 4293 militum
636 4247 777 4294 tondebant.
800 4246 840 4294 lbi
872 4245 990 4308 scriptum
1002 4245 1091 4306 cuique
1102 4245 1224 4295 ordinem.
1244 4247 1336 4296 Don-

333 4309 525 4369 siguamilitsria
535 4307 649 4370 reposita,
657 4309 839 4357 concioneaha·
907 4310 1210 4372 7Gonrtsrnationirqtoe]
1247 4309 1336 4360 sntio
1356 4321 1386 4358 tn

333 4371 398 4419 bitae
414 4378 479 4431 strut,
495 4371 529 4420 ibi
548 4371 639 4420 iuditia
657 4374 841 4432 exercebantur,
873 4371 974 4424 multra
991 4373 1022 4422 cs.
1033 4371 1166 4426 init-nir.
1180 4386 1204 4424 ο.
