2866 4770
315 226 412 293 LIB.
437 224 569 292 XXIX.
604 224 716 292 CAP.
740 232 791 292 34.
1019 231 1083 294 495

11 375 134 448 eatque
148 361 211 427 elia
223 363 382 428 flectendo
400 363 516 428 itinera
532 362 675 441 eludens,
691 363 798 428 taedio
816 374 851 428 et
864 363 1085 452 desperatione
1095 376 1130 426 U.
1141 376 1172 426 0.
1189 375 1243 439 548.

31 448 167 512 tandem
181 449 308 526 fessum,
324 449 474 514 absistere
494 449 658 536 sequendo
677 449 790 536 coegit.
837 449 910 550 Ipse
925 472 999 515 cum
1014 441 1126 516 sex-³·
1143 442 1173 491 ⁰·
1189 455 1244 502 ²⁰⁴·

30 535 146 621 aginta
166 535 328 635 equitibus
349 536 390 601 ad
413 536 569 602 minorem
595 535 716 622 Syrtim
738 550 891 636 pervemt.
937 535 987 602 lbi
1011 560 1086 602 cum

11 621 231 686 rconscientra
251 622 379 708 egregia
398 644 491 709 saepe
512 623 639 709 repetiti
659 644 750 709 regm
769 623 904 709 paterni,
919 623 1004 688 inter
1019 623 1086 688 Pu-

11 707 109 772 ruica
139 707 200 772 Em
245 708 292 772 ria
367 721 519 858 utcmque
552 707 782 773 Garamantum
819 731 913 774 omne
950 723 1085 810 tempus,

31 817 138 880 usque
247 793 287 858 C.
381 794 416 858 lii
448 795 616 882 caesisque
648 794 812 860 Romanae
846 795 1018 860 adrentum
1050 819 1086 860 ιιι

31 881 190 958 Africam,
216 881 419 968 consumpsit
465 880 557 946 Haec
583 881 724 946 animum
754 881 918 958 inclinant,
946 895 983 945 ut
1011 905 1084 946 cum

32 965 164 1031 modico
187 967 302 1054 potius,
328 989 424 1054 quam
448 989 520 1032 cum
547 991 664 1055 magno
686 968 842 1055 praesidio
865 968 1020 1054 equitum,
1045 968 1087 1032 ad

33 1052 222 1139 Scipionem
254 1076 382 1140 quoque
414 1065 525 1140 postea
552 1055 675 1118 venisse
705 1053 907 1118 Masinissam
936 1054 1083 1118 credam:

32 1139 156 1226 quippe
174 1137 228 1204 illa
245 1140 406 1228 regnantis
425 1139 607 1216 multitudo,
625 1140 703 1206 haec
723 1141 864 1228 paucitas
884 1139 1001 1206 exsulis
1022 1141 1086 1204 for-

32 1239 134 1290 tunae
150 1228 342 1291 couvenieus
357 1239 413 1292 est

80 1312 372 1400 Carthaginienses,
388 1313 438 1377 ala
455 1313 600 1400 equitum
620 1335 694 1378 cum
714 1314 872 1400 praefecto
886 1313 1008 1390 amissa,
1024 1312 1085 1377 alio
1143 1320 1194 1380 34.

32 1399 181 1498 equitatu
243 1422 259 1463 r
278 1422 397 1463 norum
417 1399 577 1464 delectum
597 1412 788 1486 comparato,
806 1399 1001 1464 Hannonem
1017 1398 1220 1476 Ha.Qarthagi-

31 1485 174 1550 mrlcaris
213 1485 292 1549 lium
312 1485 508 1572 praeficiunt.
555 1484 788 1550 Hasdrubalem
808 1486 943 1550 subinde
966 1508 1002 1550 ac
1025 1485 1085 1573 Sy·
1093 1481 1244 1579 ffiffllfff

31 1572 171 1658 phacem
185 1594 244 1659 per
257 1571 361 1636 literas
375 1572 579 1659 nuntiosque,
595 1585 754 1659 postremo
769 1573 866 1636 etiam
880 1595 938 1672 per
947 1572 1083 1659 *legatos
1094 1546 1231 1643 atumeiibi

31 1671 218 1722 arcessunt:
252 1657 485 1722 Hasdrubalem
512 1681 606 1745 opem
632 1659 713 1724 ferre
762 1681 838 1745 rope
864 1681 1085 1723 circumsessae
1095 1663 1245 1720 comparant

31 1744 156 1830 patriae
182 1745 313 1810 iubent:
348 1744 525 1832 Syphacem
551 1757 652 1822 orant,
675 1759 712 1810 ut
736 1682 932 1832 Hartbagini
956 1759 993 1810 ut
1014 1746 1087 1809 uni-

31 1852 145 1894 versae
161 1829 288 1894 Africae
311 1831 485 1895 subveniat
532 1830 587 1895 Ad
608 1831 736 1896 Uticam
756 1846 825 1894 tum
846 1845 948 1895 caetra
968 1830 1103 1917 Scipio„

31 1915 137 1980 ferme
157 1915 243 1979 mille
263 1937 372 2002 passus
392 1918 432 1980 ab
450 1917 538 1992 urbe,
554 1916 701 1994 habebat,
718 1916 868 1980 translata
887 1940 907 1981 a
926 1917 1015 1993 mari,
1032 1917 1087 1981 ubi

31 2023 156 2090 paucos
176 2000 245 2065 dies
266 2002 377 2065 stativa
398 2002 569 2066 coniuncta
590 2002 679 2066 classi
699 2003 834 2066 fuerant.
881 2001 1011 2078 Hanno,
1030 2025 1088 2066 ne-

32 2109 200 2174 quaquam
220 2087 295 2151 eatis
314 2087 429 2164 valido,
445 2110 511 2151 non
533 2087 630 2151 modo
652 2087 694 2151 ad
715 2087 931 2152 lacessendum
952 2088 1086 2165 bostem,

32 2175 92 2238 sed
108 2196 150 2237 ne
166 2173 208 2237 ad
223 2173 358 2238 tuendos
374 2173 504 2260 quidem
520 2196 538 2237 a
552 2173 810 2260 populationibus
827 2197 927 2260 agros
943 2175 1088 2260 equitatu

33 2272 178 2347 accepto,
199 2259 234 2324 id
257 2260 401 2325 omnium
424 2260 563 2347 primum
586 2259 661 2346 egit,
682 2275 719 2324 ut
741 2283 800 2347 per
822 2261 1088 2346 conquisitionem

34 2368 209 2410 numerum
224 2346 368 2433 equiturn
387 2369 428 2410 au
451 2358 527 2410 eret
574 2345 646 2411 Nec
666 2346 798 2411 aliarum
817 2347 962 2433 gentium
982 2369 1089 2434 asper-

34 2446 142 2508 natae,
159 2433 296 2497 maxime
313 2446 420 2498 tameu
429 2369 596 2497 bumidas
611 2431 659 2520 (id
677 2432 772 2520 longe
790 2433 928 2519 primum
942 2434 1088 2520 equitum

35 2517 71 2581 in
96 2518 209 2584 Africa
233 2532 282 2584 est
307 2519 425 2607 genus)
450 2519 609 2583 conducit.
656 2518 724 2582 Iam
751 2519 791 2584 ad
815 2531 964 2605 quattuor
989 2519 1089 2584 millia

12 2605 184 2691 aequitum
200 2605 347 2684 habebat,
360 2627 460 2691 quum
477 2604 619 2670 Salecam
634 2606 763 2670 nomine
779 2607 891 2670 urbem
903 2607 1086 2693 occupavit3

61 2690 223 2756 uindecim
246 2692 346 2756 ferme
373 2690 473 2756 millia
498 2692 538 2756 ab
563 2691 717 2756 Romanis
743 2693 859 2757 castris.
908 2691 1007 2767 Quod
1032 2693 1088 2757 ubi

13 2799 28 2844 4
81 2777 183 2864 ipioui
197 2777 330 2842 relatum
343 2790 399 2855 est,
421 2778 572 2843 ‘Aestiva
586 2779 645 2843 sub
661 2780 752 2844 tectis
767 2780 926 2866 equitatus
937 2779 958 2844 l'
972 2779 1086 2865 inquit.

38 2862 135 2928 ‘Sint
162 2863 213 2928 vel
242 2864 368 2951 plures3
401 2865 478 2928 dum
505 2865 600 2930 talem
627 2865 742 2929 ducem
771 2865 929 2930 habeant'
974 2865 1087 2949 quue

13 2949 144 3022 sminus
164 2949 224 3016 sibi
240 2950 428 3016 cessandum
448 2965 544 3028 ratus,
560 2973 625 3037 quo
645 2951 691 3013 illi
711 2951 839 3035 segnius
858 2971 926 3013 rem
947 2961 1088 3035 agerent,

70 3167 86 3217 9
103 3155 232 3203 flectendo
253 3153 345 3202 itinera
366 3150 478 3213 sladem]
502 3153 547 3200 ra·-
581 3149 652 3198 Nibil
664 3155 747 3198 tamen
759 3149 878 3208 videmus,
889 3164 964 3212 quare
977 3165 1007 3198 ea
1019 3165 1088 3212 repu-

37 3231 97 3266 nsrs
113 3217 218 3266 coniecit
233 3217 284 3266 Iac.
297 3217 405 3266 Gronov.
422 3231 494 3278 quern
511 3231 547 3264 se-
580 3213 647 3264 disre
658 3216 797 3265 debeamus.
815 3216 896 3264 Cnev.

38 3287 110 3329 cutus
127 3286 164 3329 ast
177 3281 284 3330 Crevier.
301 3282 344 3330 sed
359 3283 450 3330 itinero
467 3279 545 3329 Drak.
612 3294 626 3341 3
642 3280 764 3338 Salecam]
792 3279 849 3326 Hoc
869 3291 958 3325 nomen
979 3277 1044 3326 varie
1063 3277 1088 3326 in

39 3349 64 3391 et
76 3345 183 3393 Beirlrer.
195 3349 298 3393 serrant.
580 3356 631 3391 raes.
643 3343 754 3390 habetur.
766 3343 823 3390 Put.
835 3343 976 3390 Salaecam:
994 3341 1089 3391 Victor.

74 3410 203 3457 rPuniea
221 3409 354 3470 Euporia]
377 3407 461 3458 intelli
478 3423 492 3456 e
511 3423 546 3455 re·
578 3408 695 3456 Salecam.
721 3405 865 3467 Suspicatur
873 3405 1021 3464 Gronovius,
1032 3419 1089 3453 enm

38 3469 145 3531 trionem,
167 3473 198 3520 de
223 3488 272 3534 que
295 3487 360 3534 supr.
383 3484 421 3534 25.
482 3487 496 3520 e
518 3486 547 3520 ee
579 3485 628 3531 quo
645 3469 783 3519 Crevien'us
799 3470 882 3529 sentit,
901 3471 1005 3518 eandem
1025 3470 1089 3518 hanc

40 3549 131 3594 rursus,
146 3535 230 3585 xxxiv.
248 3535 287 3585 62.
302 3535 337 3584 sic
355 3536 430 3584 habet
447 3541 544 3584 noster:
579 3535 663 3582 urbem
680 3549 741 3592 esse,
752 3549 815 3595 qnae
831 3534 863 3580 ab
874 3533 990 3594 Appiano
1001 3533 1091 3582 dicitur

40 3599 160 3662 Emporia
171 3607 257 3650 vocant
267 3616 320 3649 eam
331 3601 460 3660 cepionem
493 3601 546 3648 Ora
577 3597 652 3658 Λόχιι
676 3598 707 3646 cf.
727 3611 792 3660 supr.
813 3613 851 3662 29.
883 3598 995 3646 Soterem
1016 3597 1089 3658 vulgo

40 3669 75 3710 est
98 3665 200 3713 minoris
220 3665 308 3725 neas,
330 3669 354 3714 et
377 3665 433 3725 apri
457 3664 546 3713 uteru.
579 3663 676 3724 legitur,
698 3675 761 3723 quae
783 3660 882 3724 sigonio
905 3661 962 3708 urbs
984 3675 1014 3708 ea
1036 3675 1089 3708 esse

45 3727 101 3776 Una
118 3730 204 3777 σίιιίιαι
224 3729 287 3786 eius,
304 3729 396 3790 Leptis.
431 3727 490 3775 Non
512 3727 547 3774 ita
580 3726 684 3786 videtur,
707 3739 782 3788 quam
809 3725 932 3773 θολοῦντα
959 3724 1091 3788 Appianas

41 3790 113 3852 longe
137 3793 169 3840 ab
190 3807 220 3840 eu
243 3791 355 3840 incolunt
377 3789 549 3850 Garamantes,
582 3795 659 3839 vocat

42 3854 168 3904 meridiem
177 3871 266 3904 versus.
289 3855 324 3903 Et
332 3853 470 3903 meminisse
479 3869 548 3917 opor*
614 3854 1013 3916 4Aestieatnbtectieequitatus]
1027 3853 1089 3916 Sup-
1197 3859 1201 3872 ‘

42 3923 87 3977 tet,
96 3919 251 3968 Masinissam
262 3917 550 3980 tnnchucillucragurn
582 3919 693 3980 pleapit.
727 3918 799 3966 Haec
811 3918 885 3966 verba
898 3915 1019 3978 Scipionis
1031 3923 1089 3967 srrnt

43 3995 142 4042 enasse,
157 3989 182 4031 et
197 3984 253 4032 loos
266 3982 341 4031 etiam
360 3997 376 4030 a
394 3997 445 4030 sesa
462 3987 550 4030 mutuo
581 3983 777 4043 mirantis,quod
789 3981 884 4043 equites
893 3996 950 4028 suos
961 3981 1089 4030 Hannibal

43 4045 196 4107 aliquantum
213 4045 298 4096 dissita
314 4047 409 4094 altemo
427 4060 498 4094 cursu
514 4051 549 4095 st·
582 4051 634 4094 tam
658 4047 766 4094 molliter
787 4045 886 4104 habeat,
908 4051 936 4093 ut
960 4061 1002 4094 eos
1026 4045 1090 4094 sinat

43 4107 135 4170 tingere
146 4110 261 4172 potuisse.
278 4110 359 4160 cuv.
582 4110 675 4160 aestiva
691 4111 736 4158 sub
753 4110 825 4159 tectis
841 4125 920 4172 agere,
936 4123 986 4158 non
1003 4110 1090 4159 durare

75 4187 90 4220 a
108 4178 286 4224 Gemmatum
306 4189 375 4224 omne
391 4179 494 4236 tempas,
509 4189 548 4222 ue·
581 4176 626 4223 sub
638 4175 744 4236 pellibus
755 4179 833 4236 cogat.
851 4173 932 4223 Onne.

44 4238 103 4345 qus]
117 4237 189 4287 Haec
197 4239 271 4287 rerba
280 4236 351 4286 nobis
361 4237 427 4286 solus
438 4236 549 4286 exhibuit
614 4241 698 4299 5Sibs'
724 4238 880 4296 οεειαιιάιιιιι]
910 4234 1090 4284 Reroearimus

72 4299 138 4352 ictor.
150 4304 235 4352 codex.
268 4301 369 4362 Reliqui
384 4300 467 4361 nostri,
482 4306 549 4350 utet
582 4316 715 4363 pronomen
732 4303 789 4360 siti,
802 4301 868 4361 quod
884 4298 996 4360 Sigonius
1012 4299 1089 4348 eiece-

46 4361 63 4407 ii
75 4378 134 4423 quos
145 4365 283 4414 Gronovius
293 4363 408 4424 excussit,
418 4364 447 4414 iis
458 4371 548 4415 carent
582 4369 628 4426 rat,
638 4367 681 4414 sed
692 4363 746 4412 libri
757 4364 832 4412 nostri
843 4368 950 4413 tuentur.
967 4363 1047 4413 (isar.
