2874 4772
344 233 442 302 LIB.
467 235 615 304 xxvtt
647 237 759 304 CAP.
787 243 836 306 15.
1051 245 1114 308 359

61 372 220 438 Romanis
233 373 402 440 incruente
415 373 548 442 victoria
561 375 640 440 firit:
657 373 744 440 mille
758 375 858 440 ferme
872 386 906 442 et
919 375 1112 464 septingenti
1122 389 1156 442 U·
1168 389 1198 441 c.
1214 402 1269 454 ⁵43·

57 458 104 524 de
119 460 242 526 duabus
255 459 444 548 legionibus,
460 474 494 526 et
512 462 670 528 sociorum
690 483 785 564 supra
804 461 891 527 mille
905 475 939 526 et
953 475 1110 528 trecentos
1120 454 1151 504 b
1167 455 1198 505 ⁰·
1213 467 1270 519 ²⁰⁹·

58 547 177 612 occisi:
201 546 357 612 vulnerati
372 547 522 634 permulti
537 549 653 612 civium
669 569 899 649 sociorumque.
946 548 1108 614 Hannibal
1119 558 1263 633 Retroeedit

57 646 156 697 nocte
177 634 323 720 pmxima
342 649 443 698 castra
462 634 569 698 movit.
618 633 812 721 Cupientem
833 636 958 722 insequi
973 622 1255 700 Marcelstlcnmral.

56 717 129 783 lum
158 719 322 807 prohibuit
350 718 523 784 multitudo
552 721 738 785 sauciorum.
795 719 1023 808 Speculatores,
1053 722 1109 809 qul
1170 724 1218 786 15.

55 827 153 892 prose
176 820 329 871 uerentur
347 827 473 892 agmen,
489 805 585 885 missi,
601 819 727 894 postero
742 807 794 871 die
810 806 996 886 retulerunt,
1013 808 1110 873 Brut·

57 892 123 956 tios
175 892 358 956 annibalem
414 905 490 957 tere.

104 977 221 1042 Iisdem
236 978 302 1044 fere
317 979 370 1043 die
393 1001 430 1043 us
451 977 541 1043 etad
563 978 604 1054 Q
619 977 766 1042 Fulvium
780 978 943 1044 consulem
966 977 1108 1067 Hirpini,
1118 986 1246 1064 Deseritur

23 1085 43 1134 3
56 1077 94 1128 et
109 1064 242 1142 Lucani,
258 1077 291 1129 et
300 1065 483 1142 Volcentes,
499 1065 622 1130 traditis
632 1064 797 1152 praesidiis
813 1064 1012 1144 Hannibalis,
1025 1089 1106 1154 quae
1116 1053 1148 1126 “l
1159 1051 1244 1163 {fili

56 1151 95 1214 in
110 1151 240 1216 urbibus
255 1150 423 1229 habebant,
439 1151 633 1216 dediderunt
648 1173 726 1229 sese,
741 1150 977 1239 clementerque
993 1176 1012 1218 a
1031 1129 1172 1240 con-22⁵3,
1206 1130 1236 1164 ¹*

55 1236 138 1314 sule,
154 1257 228 1302 cnm
247 1238 416 1302 verborum
431 1249 555 1303 tentum
573 1237 779 1325 castigatione
796 1237 838 1302 oh
857 1260 996 1302 errorem
1016 1261 1108 1326 prae-

54 1323 199 1401 teritum,
214 1325 336 1410 accepti
357 1336 448 1400 sunt3
472 1337 505 1388 et
523 1323 657 1389 Bruttiis
674 1323 784 1388 similis
803 1345 875 1411 spes
894 1325 1005 1390 veniae
1025 1325 1108 1390 facta

54 1421 125 1474 est:
148 1432 248 1497 quum
260 1411 300 1475 ab
314 1411 353 1474 iis
362 1409 477 1474 Vibius
491 1422 525 1475 et
538 1410 667 1475 Pactius
678 1410 798 1488 fratres
810 1410 905 1498 longe
920 1411 1107 1478 nobilissimi

100 1495 164 1560 ntis
182 1496 259 1574 eius,
276 1496 421 1573 eandem,
437 1519 519 1584 quae
539 1496 615 1561 data
634 1496 774 1561 Lucanis
794 1509 872 1575 erat,
887 1497 1106 1564 conditionem

53 1517 229 1648 Heeditionis
247 1595 393 1670 petentes
413 1583 580 1647 venissent
629 1581 670 1657 Q
688 1582 803 1648 Fabius
820 1584 932 1648 consul
951 1584 1106 1672 oppidum

53 1669 93 1732 in
107 1667 288 1734 Sallentinis
308 1668 513 1734 Manduriam
528 1669 559 1732 vi
573 1669 666 1756 cepit.
712 1669 762 1734 Ibi
783 1670 824 1734 ad
839 1683 989 1757 quattuor
1007 1671 1107 1736 millia

53 1754 224 1820 hominum
253 1767 354 1843 capta,
385 1768 417 1820 et
446 1768 568 1820 ceterae
598 1754 733 1842 praedae
762 1755 969 1844 aliquantum.
1024 1756 1105 1822 Inde
1115 1765 1207 1815 Fabius
1217 1765 1266 1816 're-

55 1839 235 1906 Tarentum
250 1841 418 1928 profectus,
434 1842 469 1906 in
488 1841 563 1928 ipsis
581 1841 725 1906 faucibus
744 1855 855 1929 portus
873 1844 980 1930 posuit
994 1856 1103 1909 castre.
1114 1836 1211 1880 rentum
1221 1846 1264 1894 ⁰¹*

56 1925 176 2006 Nares,
192 1951 270 2015 quas
288 1929 400 1993 Livius
416 1927 556 1993 tutandis
570 1928 797 1992 commeatibus
811 1928 974 2007 habuerat,
990 1900 1215 2016 mimium&

53 2013 345 2080 machinationibus
366 2028 477 2079 onerat
495 2027 711 2101 apparatuque
734 2014 896 2078 moenium
918 2037 1003 2102 oppu
1027 2037 1106 2080 nan·

53 2099 181 2178 dorum,
191 2101 306 2188 partim
315 2101 480 2166 tormentis
490 2112 524 2164 et
538 2100 621 2163 saxis
629 2099 781 2184 omnique
793 2099 958 2164 missilium
971 2039 1106 2166 telbnrm

52 2207 174 2274 genere
204 2187 342 2264 instruit,
364 2186 524 2252 onerarias
549 2207 689 2272 quoque,
713 2207 780 2248 non
803 2207 856 2250 eas
885 2185 997 2263 solum,
1022 2209 1105 2273 quae

52 2274 152 2338 remis
171 2286 357 2376 sperantum
380 2285 417 2337 ut
432 2272 485 2336 alii
506 2271 666 2335 machinas
685 2270 846 2357 scalasque
861 2271 903 2335 ad
922 2293 1029 2337 muros
1042 2272 1106 2338 fer·

52 2371 140 2436 rent,
158 2359 211 2425 alu
232 2358 344 2447 procul
366 2381 406 2424 ex
428 2358 561 2424 navibus
580 2356 783 2422 vulnerarent
804 2357 966 2422 moenium
987 2380 1106 2446 propu-

51 2459 211 2534 gnatores
257 2445 325 2511 Eae
347 2467 452 2522 nares,
474 2445 514 2508 ab
533 2456 642 2531 aperto
665 2445 743 2508 mari
764 2456 799 2509 ut
820 2444 931 2509 urbem
953 2443 1106 2533 aggrede-

51 2545 177 2610 rentur,
193 2533 367 2597 instructae
381 2543 572 2618 parataeque
588 2545 670 2594 sunt.
718 2529 762 2594 Et
776 2543 843 2595 erat
857 2530 992 2596 liberum
1007 2553 1103 2610 mare,

51 2618 155 2684 classe
170 2619 302 2695 Punica,
319 2639 419 2706 quum
435 2615 544 2703 Philip
567 2639 604 2680 us
618 2638 801 2716 oppugnare
818 2616 950 2682 Aetolos
969 2631 1104 2706 pararet,

53 2707 232 2794 Corcyram
247 2705 436 2770 transmissa.
483 2701 522 2767 ln
542 2639 674 2767 bretun
691 2702 819 2768 interim
836 2703 989 2769 Caulonis
1002 2727 1105 2792 oppu-

50 2804 212 2880 gnatores,
235 2793 294 2857 sub
314 2791 487 2856 adventum
508 2787 707 2866 Hannibalis,
726 2810 768 2854 ne
788 2790 1052 2877 opprimerentur,
1070 2792 1105 2856 in

53 2877 225 2956 tumulum,
241 2901 261 2942 a
297 2877 433 2942 raesenti
447 2877 571 2963 impetu
586 2887 701 2952 tutum,
716 2897 750 2939 se
764 2897 921 2962 recepere.

102 2963 244 3042 Fabium,
257 2900 435 3029 threnum
447 2961 657 3038 obsidentem,
669 2960 737 3026 leve
747 2959 837 3024 dictu
851 2974 1049 3025 momentum
1063 2962 1105 3026 ad

20 3073 125 3126 4rem
140 3051 303 3139 ingentem
315 3049 503 3138 potiundam
517 3046 647 3112 adiuvit.
693 3045 891 3110 Praesidium
908 3045 1105 3110 Bruttiorum

52 3137 168 3202 datum
187 3137 226 3203 ab
249 3135 432 3202 Hannibale
455 3132 623 3199 Tarentini
644 3131 812 3196 habebant
858 3130 937 3195 Eius
980 3132 1105 3196 raesidii

52 3223 234 3312 praefectus
262 3223 428 3324 deperibat
453 3241 559 3285 amore
589 3215 803 3294 mulierculae,
827 3216 918 3280 euius
993 3229 1042 3281 ter
1070 3218 1104 3281 in

52 3310 200 3375 exercitu
229 3309 318 3376 Fabii
347 3307 486 3374 consulis
515 3317 591 3370 erat.
646 3301 688 3381 Is,
718 3303 834 3368 certior
863 3302 962 3368 literis
990 3303 1105 3368 sororis
1113 3314 1249 3390 Tarentum

51 3397 157 3462 factus
170 3396 213 3461 de
227 3418 311 3461 nova
324 3392 555 3461 consuetudine
571 3390 712 3455 advenae
723 3387 898 3476 locupletis,
911 3401 1006 3476 atque
1021 3381 1251 3454 interPfflffl¹⁴⁰¹¹⁰

51 3481 225 3584 populares
244 3493 309 3547 tam
323 3480 480 3558 honorati,
498 3500 588 3566 spem
601 3489 713 3541 nactus
730 3497 789 3563 per
804 3497 945 3540 sororem
962 3449 1221 3563 quolibeteaprurn

52 3567 179 3730 {lupelli
193 3581 352 3634 amantem
366 3589 469 3719 posse,
484 3564 563 3653 quid
577 3574 727 3651 speraret,
743 3561 785 3626 ad
802 3561 965 3627 consulem
979 3560 1103 3627 detulit.

94 3677 153 3719 uae

199 3677 277 3720 uum
302 3655 367 3719 hau
412 3675 494 3718 vana
516 3649 665 3739 cogitatio
686 3648 754 3713 visa
774 3661 866 3725 esset,
912 3669 948 3712 ro
973 3647 1106 3736 perfuga

53 3742 160 3806 iussus
175 3677 352 3806 larentum
367 3739 509 3817 transire,
524 3761 562 3802 ac
576 3745 636 3838 per·
648 3757 786 3800 sororem
801 3755 876 3821 prae
889 3747 961 3798 ecto
975 3735 1105 3800 concili·

53 3839 138 3904 atus,
149 3828 253 3915 primo
268 3826 392 3892 occulte
408 3826 549 3890 animum
565 3843 634 3888 erus
648 3820 812 3898 tentando,
822 3821 899 3886 dein
910 3821 984 3886 satis
995 3820 1105 3923 explo-

51 3927 126 3980 rata
137 3913 277 3994 levitate,
293 3911 455 3980 blanditiis
472 3908 678 3976 muliebribus
697 3908 837 3996 perpulit
854 3929 929 3972 eum
944 3907 986 3972 ad
999 3906 1106 3995 prodr·

90 4137 105 4186 3
122 4123 256 4184 Vobmta]
267 4121 320 4178 uui
327 4122 429 4182 Volsca,
435 4120 567 4181 sireOsea,
600 4119 704 4170 Niebhr.
715 4119 731 4168 i.
744 4135 767 4169 n.
781 4134 834 4184 ²¹9·
852 4117 885 4169 iii.
896 4135 921 4169 n.
932 4118 989 4181 653.

54 4186 247 4250 origineessent,
255 4185 568 4248 Sabellicaimmigratiune
632 4201 648 4245 4
664 4185 820 4232 Praesidium
831 4183 999 4242 Bruttiorum]
1019 4181 1050 4230 ld
1061 4187 1107 4242 est,

54 4251 154 4318 profugi
170 4251 196 4299 in
212 4250 346 4299 Lucaniam
363 4249 420 4299 acti.
454 4248 511 4297 Hoc
527 4263 567 4296 vo·
600 4246 725 4295 cohortem
745 4245 907 4305 Bruttium,
926 4261 990 4306 quae
1008 4244 1033 4293 in
1053 4259 1107 4307 par·

54 4317 174 4366 cabnlnm
187 4313 274 4364 miram
284 4314 412 4363 nominum
424 4312 568 4362 Italicorum
600 4315 652 4360 tem
664 4309 757 4359 reniret
766 4310 873 4358 tuendae
883 4307 956 4358 urbia

53 4379 201 4430 variatam
228 4379 352 4442 praeclare
375 4377 464 4427 reterre
486 4381 568 4425 mnan
