2966 4778
370 217 465 283 LIB.
490 217 623 284 XXIIL
654 219 760 288 CAP.
785 225 837 291 37.
1069 221 1128 284 161

69 351 237 439 profectus
248 351 385 438 agmine,
398 373 498 437 quum
509 351 550 416 ad
566 351 687 418 Hamas
699 355 804 420 media
815 365 910 418 nocte
924 349 1127 440 pervenisset,
1139 358 1172 410 U.
1185 358 1215 409 0·
1231 369 1287 422 537·

70 451 179 502 castra
199 437 280 502 Cam
305 459 375 514 ana,
398 437 490 501 utin
507 439 673 525 pervigilio
696 441 850 527 neglecta,
869 439 964 504 simul
981 423 1215 536 omnibus&
1231 437 1287 486 ²¹⁵·

69 523 176 623 portis
198 460 337 587 invadit:
362 523 439 587 alios
461 545 572 588 somno
593 539 714 602 stratos,
738 527 815 592 alios
837 538 1017 615 perpetrato
1039 502 1266 612 sacrocmrffm

70 631 216 674 inermes
237 608 408 673 redeuntes
426 609 602 674 obtruncat.
650 610 827 678 Hominum
848 637 887 677 eo
908 609 1050 676 tumultu
1069 613 1230 674 noinvedit
1323 641 1327 648 r

70 709 193 759 ctumo
215 717 307 759 caesa
325 695 396 782 plus
413 695 479 758 duo
497 695 693 773 milliacum
713 698 782 784 ipso
800 699 882 763 duce
898 697 1004 762 Mario
1019 695 1125 762 Alfi0=
1136 677 1272 728 umbus

70 795 171 868 capta
184 794 259 846 sunt
273 781 363 868 signa
377 781 524 845 militaria
539 795 688 868 quattuor
702 798 735 847 et
750 783 887 870 triginta.

123 865 298 943 Gracchus,
312 868 416 931 minus
431 879 558 931 centum
576 867 714 932 militum
729 869 849 933 iactura
864 869 972 934 castris
986 867 1127 932 hostium
1183 867 1236 930 36.

69 953 207 1040 potitus,
225 952 346 1017 Cumas
365 975 398 1016 sc
413 975 545 1038 propere
568 977 639 1018 rece
662 955 698 1030 it,
713 956 752 1018 ab
774 954 955 1020 Hannibale
971 965 1126 1030 metuens,

71 1039 135 1126 qui
158 1061 254 1125 super
277 1038 422 1137 Capuam
444 1039 478 1101 irr
504 1038 618 1103 Tifatis
640 977 781 1105 babebat
803 1055 911 1106 castra.
958 1038 1030 1104 Nec
1052 1061 1127 1103 eum

71 1123 210 1212 provida
237 1123 335 1188 futuri
363 1123 475 1188 fefellit
504 1124 620 1211 opinio.
672 1125 758 1190 Nam
788 1127 882 1190 simul
913 1126 1059 1211 Capuam
1088 1147 1128 1191 ea

72 1211 185 1274 clades
200 1223 247 1274 est
262 1209 417 1287 nuntiata,
432 1222 518 1274 ratus
539 1209 712 1289 Hannibal,
728 1213 767 1276 ab
782 1235 816 1277 re
835 1213 917 1277 bene
938 1223 1028 1299 gesta
1041 1211 1127 1276 inso-

71 1296 182 1360 lenter
192 1295 310 1360 laetum
326 1297 500 1360 exercitum
513 1297 650 1362 tironum
664 1321 779 1384 magna
792 1321 832 1363 ex
849 1311 937 1385 parte
949 1318 1126 1362 servorum-

73 1405 152 1468 que,
172 1381 359 1468 spoliantem
376 1383 484 1459 victos,
501 1382 696 1468 praedasque
755 1401 874 1460 entem,
889 1385 929 1448 ad
952 1382 1072 1447 Hamas
1092 1405 1126 1447 re

72 1469 281 1532 inventurum
290 1491 300 1544 ;
324 1468 454 1532 citatum
470 1491 584 1554 agmen
621 1407 880 1556 metedCapuam
895 1469 987 1556 rapit,
1003 1469 1127 1533 obvios-

74 1576 143 1640 que
165 1576 205 1618 ex
225 1554 300 1638 ἦιξα
319 1552 567 1640 Campanorum,
588 1492 663 1618 disto
685 1555 850 1642 praesidio,
874 1555 1020 1642 Capuam
1040 1554 1125 1631 duci,

74 1639 200 1704 saucios
216 1637 366 1703 vehiculis
381 1640 497 1726 portari
515 1639 611 1704 iubet
658 1639 730 1727 Ipse
753 1641 866 1706 Hamis
880 1664 979 1705 vacua
996 1641 1035 1704 ab
1053 1639 1127 1705 hos-

75 1726 163 1789 tibus
178 1737 287 1801 castra,
303 1747 363 1788 nec
378 1726 549 1811 quicquam
569 1739 694 1812 praeter
713 1728 849 1792 recentis
864 1727 996 1814 vestigia
1010 1725 1125 1803 caedis,

75 1823 238 1896 strataque
253 1811 367 1897 passim
383 1832 515 1898 corpora
529 1813 684 1876 sociorum
697 1812 827 1878 invenit.
867 1813 1023 1878 Auctores
1037 1825 1128 1876 erant

76 1896 220 1984 quidam,
244 1908 281 1960 ut
323 1896 444 1960 rotinus
466 1896 542 1962 inde
567 1896 687 1962 Cumas
708 1898 848 1976 duceret,
871 1899 1047 1985 urbemque
1070 1921 1127 1984 op·

76 1995 243 2070 pugnaret.
289 1919 329 2046 Ild
344 2005 526 2082 quanquam
541 1982 628 2048 hand
644 1984 768 2049 modice
790 1983 952 2049 Hannibal
967 1983 1126 2083 cupiebat,

76 2080 126 2144 ut,
142 2068 218 2153 quia
232 2066 402 2154 Neapolim
414 2092 479 2132 non
494 2082 651 2156 potuerat,
665 2069 785 2134 Cumas
799 2070 921 2146 saltem,
937 2069 1126 2133 maritimam

78 2154 202 2230 urbem,
228 2153 376 2230 haberet3
407 2166 524 2231 tamen,
551 2154 628 2240 quia
648 2168 775 2302 praeter
797 2179 884 2220 arma
912 2154 994 2218 nihil
1019 2176 1127 2218 secum

77 2239 181 2316 miles,
196 2239 311 2326 raptim
326 2253 397 2303 acto
491 2240 553 2317 ine,
570 2253 648 2304 extu
660 2253 737 2316 erat,
753 2256 837 2306 retro
858 2241 891 2305 in
911 2253 1014 2304 castra
1032 2261 1128 2326 supra

77 2326 187 2391 Tifata
207 2347 240 2389 se
258 2326 387 2412 recepit.
451 2325 524 2403 nde,
542 2326 691 2412 fatigatus
714 2325 950 2413 Campanorum
966 2325 1127 2425 precibus,

75 2435 110 2476 se
136 2411 224 2476 uenti
235 2411 287 2475 die
303 2411 478 2476 cumomni
493 2423 645 2498 apparatu
657 2411 889 2499 oppugnandae
905 2413 991 2476 urbis
1005 2411 1126 2476 Cumas

77 2435 180 2562 redit:
244 2496 475 2584 rpopulatoque
495 2520 571 2584 agro
591 2497 749 2574 Cumano,
766 2497 851 2562 mille
865 2521 973 2585 passus
991 2498 1031 2561 ab
1050 2499 1127 2562 urbe

78 2595 181 2648 castra
221 2595 308 2659 ocat3
340 2605 441 2670 quum
472 2582 637 2648 Gracchus
666 2585 766 2670 magis
791 2582 983 2648 verecundia
1007 2582 1043 2646 in
1072 2582 1128 2648 tali
1137 2591 1257 2641 Defendit

78 2669 266 2734 necessitate
282 2668 449 2734 deserendi
464 2669 575 2746 socios,
591 2668 795 2755 implorantes
809 2668 907 2732 fidem
921 2691 1011 2733 suam
1025 2692 1128 2757 popu·
1137 2656 1234 2768 guma

79 2755 167 2842 lique
197 2754 347 2832 Romani,
373 2755 571 2832 substitisset,
601 2777 697 2841 quam
726 2756 801 2820 satis
830 2754 933 2820 fidens
963 2756 1126 2820 exercitui.
1162 2735 1203 2768 Μ
1235 2734 1272 2770 ω’

80 2841 154 2905 Nec
169 2841 247 2905 alter
261 2839 372 2906 consul
386 2840 511 2917 Fabius,
527 2840 584 2926 qui
598 2840 639 2904 ad
656 2839 751 2905 Cales
771 2854 872 2906 castra
885 2841 1030 2918 babebat,
1046 2840 1128 2906 Vul-

80 2941 212 2992 turnum
236 2928 357 2991 flumen
383 2925 546 2990 traducere
573 2925 709 2991 audebat
731 2928 926 3004 exercitum3
956 2940 1129 3014 occupatus

79 3014 184 3100 primo
199 3012 346 3099 auspiciis
369 3011 559 3098 repetendis,
575 3011 652 3075 dein
673 3012 834 3098 prodigiis,
851 3035 933 3112 quae
954 3012 1016 3076 alia
1034 3034 1129 3098 super

50 3099 143 3175 3alia
164 3099 401 3174 nuntiabantur,
419 3097 625 3183 expiantique
648 3118 686 3160 ea
706 3096 793 3164 haud
812 3097 904 3162 facile
927 3097 1011 3162 litari
1032 3097 1128 3162 ham·

79 3185 183 3273 spicea
197 3183 440 3271 respondebant.

127 3268 198 3334 Hae
213 3293 324 3334 causae
345 3292 446 3356 quum
466 3267 599 3333 Fabium
620 3281 775 3347 tenerent,
794 3269 1000 3356 Sempronius
1019 3269 1054 3332 in
1071 3269 1128 3333 ob-
1228 3311 1237 3328 .

80 3355 204 3421 sidione
230 3369 314 3432 erat;
346 3368 379 3420 et
404 3355 467 3419 iam
493 3355 641 3442 operibus
669 3376 689 3417 o
711 3355 919 3442 pugnabatur.
966 3353 1129 3420 Adversus

81 3441 220 3530 ligneam
231 3442 395 3529 ingentem
405 3440 565 3505 admmmn
577 3439 657 3518 urbi,
700 3439 761 3504 'am
773 3453 891 3505 turrem
903 3463 944 3505 ex
953 3440 1022 3528 ipso
1037 3463 1129 3506 muro

81 3528 232 3594 excitarit
251 3526 362 3592 consul
381 3525 557 3603 Romanus,
573 3525 735 3626 aliquanto
755 3525 917 3591 altioremr
942 3527 1018 3612 quia
1037 3547 1129 3591 muro

81 3614 157 3679 satis
170 3635 228 3700 per
242 3637 275 3678 se
290 3613 354 3678 alto
374 3612 522 3677 subiectis
537 3611 648 3676 validis
663 3611 790 3676 sublicis
807 3633 865 3698 pro
880 3612 946 3676 solo
962 3635 1037 3676 usus
1052 3623 1126 3678 erat.

82 3697 164 3764 Inde
179 3699 318 3786 primum
332 3699 415 3763 saxis
434 3697 629 3784 sudibusque
650 3709 683 3762 et
697 3697 809 3762 ceteris
829 3697 997 3762 missilibus
1011 3721 1130 3786 propu-

53 3797 228 3872 4gnatores
253 3785 380 3849 moenia
404 3797 501 3870 atque
527 3784 638 3848 urbem
663 3784 850 3848 tuebantur:
882 3797 1051 3872 postremo,
1075 3786 1129 3849 ubi

82 3870 298 3958 promovendo
318 3868 500 3942 adiunctam
520 3891 611 3936 muro
631 3870 780 3936 viderunt
799 3882 929 3948 turrem,
943 3870 1064 3936 facibus
1081 3891 1130 3936 ar-
1155 3887 1162 3894 ·

111 4089 126 4138 3
137 4077 384 4139 Haudsactlslttart]
397 4091 431 4126 sc.
439 4075 516 4125 Haud
525 4075 591 4124 laeta
623 4076 706 4125 locum
717 4075 747 4125 iis
757 4093 918 4128 annumerare
929 4078 995 4138 lieet,
1006 4079 1031 4127 in
1042 4077 1130 4140 quibus

83 4147 142 4222 esta
151 4139 260 4250 reperiri,
270 4141 363 4216 quippe
374 4142 446 4214 litare
456 4145 493 4188 est
504 4154 591 4201 pacem
622 4142 758 4214 gerundum
778 4143 968 4232 passivamurim
989 4143 1071 4216 habet.
1082 4204 1087 4215 ι
1100 4141 1130 4189 cs.

83 4203 268 4316 stura
289 4219 365 4253 m·
391 4209 528 4267 mnu·
559 4203 590 4252 ⁰¹·
624 4203 885 4318 titan-mr
923 4205 970 4254 ¹¹⁰⁰

84 4284 200 4391 ι114·Πῆ
214 4281 387 4392 peilam]
410 4329 486 4380 Hunc
497 4345 594 4393 qnoque
740 4305 747 4316 ’
871 4305 876 4316 ⁸

131 4413 207 4457 von.
224 4413 258 4457 rr
935 4411 961 4454 Μ
