2888 4768
367 233 464 300 LIB.
487 233 617 300 XXIV.
650 233 761 302 CAP.
788 241 837 302 11.
1067 245 1127 308 187

71 372 235 460 doliaque,
257 394 340 522 quae
362 371 397 436 in
419 393 458 436 eo
480 370 550 436 loco
572 383 671 450 erant,
694 373 860 459 provoluta
880 373 968 439 velut
989 375 1032 438 im
1077 389 1172 442 tarsu.
1185 393 1215 443 c.
1231 393 1286 456 538·

72 460 225 524 torrentis
239 459 365 524 tuerit:
388 471 474 523 tacta
488 458 529 522 de
549 457 638 523 coelo
657 459 772 524 atrium
793 459 958 548 publicum
977 461 1013 525 in
1060 464 1128 551 api·
1137 458 1168 506 A.
1185 459 1215 508 ⁰·
1231 471 1286 518 ²¹4·

44 545 165 624 4toti0,
181 545 294 610 aedem
308 545 344 609 in
358 567 471 632 campo
485 543 633 622 Vulcani,
644 568 749 610 arcem
763 547 798 610 in
816 546 941 612 Sabinis
951 548 1128 635 publicam·

73 655 141 720 que
165 633 258 710 viam,
281 655 406 696 murum
432 655 468 696 ac
494 645 617 718 portam
649 631 770 698 Gabiis.
817 633 885 700 lam
910 634 971 699 alia
1000 635 1128 722 vulgata

73 718 229 784 miracula
242 733 349 784 erant:
373 719 495 784 hastam
516 718 632 783 Martis
651 718 823 784 Praeneste
844 743 900 785 sua
919 735 1032 809 sponte
1054 745 1127 809 pro-

72 819 214 871 motam:
250 807 364 872 bovem
393 807 428 869 in
459 805 568 871 Sicilia
595 804 755 870 locutum:
787 807 942 872 infantem
972 809 1006 872 in
1036 827 1127 875 utero

72 894 186 957 matris
200 894 235 956 in
251 891 452 970 Marrucinis,
465 892 522 957 ‘lo
534 892 692 980 triumphe
703 893 725 957 l'
746 893 913 958 clamasse:
938 917 978 959 ex
994 894 1126 961 muliere

76 978 202 1066 Spoleti
215 980 319 1044 virum
338 980 475 1044 factum:
501 978 642 1043 Hadriae
663 1001 749 1044 aram
770 981 804 1044 in
827 980 926 1058 coelo,
942 982 1126 1069 speciesque

72 1066 244 1130 hominum
259 1067 377 1131 circum
393 1089 473 1144 eam,
484 1089 557 1131 cum
573 1065 710 1130 candida
719 1079 816 1144 veste,
829 1067 909 1132 visas
924 1090 1000 1132 esse.
1036 1067 1127 1143 Quin

45 1152 202 1218 5Romae
223 1175 351 1241 quoque
374 1153 408 1216 in
430 1154 498 1240 ipsa
516 1153 604 1230 urbo,
621 1153 798 1217 secundum
816 1175 912 1241 apum
934 1177 1070 1219 examen
1091 1156 1126 1219 in

72 1239 146 1304 foro
159 1240 272 1316 visum,
288 1240 477 1305 affimantes
486 1238 627 1326 quidam,
642 1239 783 1327 legiones
794 1263 827 1305 se
842 1253 977 1306 armatas
991 1243 1025 1305 in
1041 1240 1127 1306 Iani·

72 1326 151 1391 culo
169 1327 288 1404 videre,
304 1326 543 1391 concitaverunt
557 1327 717 1391 civitatem
738 1327 779 1392 sd
794 1349 899 1392 arma:
925 1328 981 1414 qui
1001 1341 1070 1392 tum
1092 1329 1126 1392 in

72 1412 221 1478 Ianiculo
240 1425 355 1490 essent,
371 1426 538 1501 negarunt,
554 1435 650 1500 quem
674 1435 747 1478 uam
767 1414 821 1492 ibi,
864 1427 968 1479 taeter
987 1430 1127 1480 assuetos

72 1498 167 1564 collis
181 1500 249 1564 eius
264 1499 411 1577 cultores·
425 1501 614 1588 apparuisse.
697 1523 753 1566 aec
772 1523 831 1588 pro
855 1501 919 1588 igis
935 1501 1045 1566 hostiis
1061 1524 1128 1566 ma·

72 1587 195 1652 ioribus
210 1599 376 1674 procurata
389 1601 465 1652 sunt
478 1609 519 1651 ex
539 1587 741 1687 haruspicum
762 1610 929 1675 responso:
954 1602 987 1653 et
1007 1611 1042 1653 su
1089 1588 1127 1653 li·

71 1673 161 1739 catio
171 1673 318 1739 omnibus
329 1673 407 1752 deis,
418 1696 554 1760 quorum
562 1673 739 1761 pulvinaria
749 1673 871 1740 Romae
883 1689 997 1754 essent,
1007 1676 1041 1739 in
1076 1689 1128 1741 cta

72 1773 134 1825 est.
698 1787 700 1794 ’
734 1789 737 1796 ’

121 1847 324 1934 Perpetratis,
340 1869 422 1932 quae
438 1846 478 1910 ad
500 1869 611 1934 pacem
626 1847 723 1911 deum
742 1848 954 1934 pertinebant,
971 1848 1011 1913 de
1031 1871 1127 1936 repu-
1186 1855 1234 1916 11.

72 1932 316 2020 blicabelloque
324 1934 474 2021 gerendo,
485 1948 518 1999 et
527 1946 683 2021 quantum
692 1935 863 2021 copiarum,
874 1949 907 1999 et
916 1935 970 1999 ubi
979 1957 1061 2022 quae
1085 1959 1125 1999 ue

74 2034 193 2097 essent,
209 2019 354 2084 consules
368 2020 409 2085 ad
429 2033 574 2084 senatum
595 2020 780 2085 retulerunt.
827 1959 1173 2108 mmengintibe-1s.
1186 2039 1271 2102 Legio

73 2107 225 2196 gionibus
243 2105 363 2171 bellum
380 2107 449 2194 geri
468 2107 604 2194 placuit:
628 2107 719 2170 binas
738 2106 883 2170 consules
901 2107 960 2171 sibi
982 2119 1187 2172 sumeress‘e‘·

73 2193 162 2259 binis
175 2193 322 2271 Galliam,
337 2191 551 2280 Siciliamque,
564 2215 600 2257 ac
618 2190 796 2256 Sardiniam
811 2193 964 2278 obtineri:
989 2193 1128 2258 duabus·

101 2304 142 2345 ue
167 2280 207 2355 Q„
222 2279 356 2344 Fabium
403 2292 558 2344 raetorem
581 2278 730 2366 Apuliae,
753 2278 876 2343 duabus
897 2278 1048 2345 volonum
1074 2280 1125 2346 Ti.

114 2366 263 2432 racchum
283 2367 366 2431 circa
414 2367 553 2431 uceriam
572 2388 736 2453 praeesse:
760 2366 898 2454 singulas
920 2365 960 2431 C.
974 2365 1127 2432 Terentio

101 2453 259 2518 roconsuli
288 2453 330 2518 ad
359 2453 525 2532 Picenum,
549 2466 583 2518 et
607 2451 655 2517 M.
670 2452 798 2517 Valerio
827 2452 868 2517 ad
891 2451 1022 2518 classem
1044 2454 1128 2518 circa

74 2478 287 2606 brundisium
306 2540 453 2628 relinqui,
470 2555 503 2605 et
523 2541 603 2606 duas
622 2540 693 2605 urbi
710 2539 868 2627 praesidio
883 2563 959 2605 esse.
1006 2539 1071 2604 Hic
1092 2554 1128 2605 ut

74 2649 230 2692 numerus
254 2627 417 2714 legionum
443 2627 634 2715 expleretur,
661 2649 717 2691 sex
742 2649 843 2691 novae
870 2626 1011 2714 legiones
1037 2641 1128 2692 erant

74 2713 272 2778 scribendae.
319 2713 382 2780 Eas
395 2715 498 2802 primo
517 2735 645 2802 quoque
666 2729 808 2814 tempore
829 2713 973 2780 consules
990 2715 1126 2780 scribere

74 2801 165 2876 iussi,
192 2813 225 2864 et
253 2800 383 2866 classem
407 2823 535 2888 parare:
567 2814 604 2865 ut
629 2823 702 2864 cum
729 2801 767 2864 ris
789 2801 932 2879 navibus,
958 2824 1039 2888 quae
1068 2825 1127 2890 pro

77 2886 247 2952 Calabriae
262 2887 406 2953 litoribus
420 2889 455 2952 in
469 2889 603 2953 statione
620 2899 733 2964 essent,
750 2901 880 2951 centum
895 2888 974 2973 quin
998 2912 1019 2952 u
1060 2889 1127 2951 ints

74 2974 247 3074 longarum
275 2975 404 3039 navium
433 2974 538 3039 classis
568 2997 607 3039 eo
637 2996 721 3039 anno
750 2972 941 3059 expleretur.
1022 2985 1255 3058 eectucensorqs

74 3061 189 3126 habito
203 3075 236 3124 et
250 3073 379 3125 centum
394 3061 526 3125 navibus
540 3062 631 3125 novis
642 3059 796 3136 deductis,
815 3057 855 3133 Q.
871 3058 986 3123 Fabius
1000 3060 1127 3124 comitia
1136 3049 1172 3096 M.
1185 3050 1285 3122 Aturus,

75 3147 263 3213 censoribus
278 3147 421 3212 creandis
439 3147 559 3211 habuit.
608 3145 717 3210 Creati
733 3143 780 3209 M.
795 3145 914 3210 Atilius
935 3145 1079 3232 Regulus
1094 3113 1166 3211 etP'
1177 3113 1275 3160 Furius.

75 3235 115 3300 P.
131 3233 245 3297 Furius
259 3233 379 3299 Philus.

126 3319 237 3396 Quum
259 3321 486 3385 increbesceret
512 3341 630 3395 rumor,
653 3316 772 3382 bellum
795 3317 828 3380 in
853 3317 960 3383 Sicilia
985 3341 1062 3395 esse,
1085 3319 1125 3383 T.

77 3407 238 3474 Otacilius
255 3431 294 3472 eo
310 3430 382 3471 cum
399 3405 495 3471 classe
510 3405 667 3492 proficisci
689 3405 791 3469 iussus
805 3417 860 3469 est.
909 3404 1019 3480 Quum
1037 3404 1126 3470 dees·
1136 3427 1236 3476 Nastae

74 3509 153 3560 sent
166 3507 292 3571 nautae,
304 3493 448 3558 consules
459 3515 499 3557 ex
511 3492 783 3557 senatusconsulto
792 3491 972 3569 edixerunt,
985 3501 1049 3568 ‘ut,
1059 3493 1124 3578 qui,
1134 3493 1246 3568 privatis

77 3591 88 3620 ‘
100 3581 141 3646 L.
154 3580 302 3658 Aemilio,
316 3580 353 3646 C.
363 3579 519 3644 Flaminio
528 3579 719 3654 censoribus,
731 3577 868 3643 millibus
880 3579 960 3643 aeris
969 3578 1126 3666 quinqua·
1134 3564 1255 3618 rmperao.

76 3669 189 3758 ‘ginta
206 3668 273 3755 ipse
288 3682 343 3733 aut
362 3681 453 3755 pater
466 3667 534 3732 eius
557 3689 669 3732 census
684 3666 803 3742 fuisset,
819 3688 919 3752 usquc
935 3665 976 3729 ad
997 3681 1126 3730 centum

74 3881 181 3946 grandia
191 3888 219 3930 ut
230 3881 334 3939 videtur,
344 3885 438 3941 septem
455 3877 519 3926 enim
537 3893 587 3925 am·
623 3877 698 3924 Valla
714 3891 799 3924 nucem
816 3877 844 3923 in
859 3876 966 3933 Sabinis,
977 3875 1042 3936 quod
1056 3875 1127 3927 Cret.

75 3948 211 4011 phorarnm
223 3950 452 4001 commemorantur,
459 3943 546 4005 quibus
555 3941 588 3988 vi·
621 3947 647 3990 et
659 3941 765 3989 Belker.
776 3943 929 4000 receperunt,
942 3945 1015 4000 utque
1026 3954 1080 3987 eam
1093 3939 1128 3987 in-

75 4026 151 4068 mun,
165 4010 255 4066 oleum,
271 4009 418 4057 salsamenta
434 4013 460 4055 et
478 4006 527 4054 alia
544 4007 588 4054 bu·
621 4005 714 4068 signem
731 4004 855 4066 quandam
873 4010 898 4052 et
916 4009 999 4050 notam
1018 4005 1127 4052 arborem

74 4074 184 4124 iusmodl
193 4073 367 4122 condebantur.
389 4073 503 4120 Formam
512 4085 587 4118 urnac
619 4069 693 4118 luisse
710 4075 793 4118 censet
810 4067 905 4117 Duker.
933 4067 964 4116 cf.
981 4067 1035 4115 inlr.
1053 4067 1128 4116 xxvii.

74 4139 186 4190 similem
205 4138 318 4186 babuisse
334 4136 446 4184 videntur
465 4151 496 4184 ex
513 4135 587 4184 Colu·
624 4149 660 4182 11.

74 4205 148 4254 moll.
161 4202 202 4251 xii.
214 4215 252 4264 53.
269 4203 376 4251 Srttorrr.
655 4199 824 4259 5Secundum
846 4213 921 4259 apum
942 4197 1057 4254 eramen]
1087 4197 1127 4243 Sc·

112 4287 128 4328 4
145 4268 236 4316 Aedem
250 4270 278 4314 in
293 4281 378 4328 campo
393 4264 509 4322 Vulcani]
530 4263 586 4310 qu-
619 4262 734 4319 cosmum,
741 4261 766 4309 id
774 4267 819 4319 est,
827 4267 890 4322 post.
912 4259 1042 4322 Postquam
1052 4275 1127 4320 apum

75 4333 187 4396 gendum
204 4332 306 4380 Vulcani
317 4331 399 4379 aedem
409 4331 437 4375 ia
447 4343 531 4388 compo
547 4343 587 4388 pu·
620 4340 723 4374 examen
737 4325 763 4372 in
774 4325 826 4373 foro
838 4325 915 4374 visum
927 4329 998 4372 esset.
1015 4324 1096 4372 (lust.

76 4405 123 4446 tot.
159 4395 206 4443 l'ro
225 4399 312 4444 Arcera
331 4397 358 4443 in
375 4393 474 4441 Sabinis
492 4391 588 4452 legebat
