2888 4768
341 231 401 292 182
716 225 830 293 ΤΙΤΙ
860 225 996 292 LIVII

185 371 218 423 U.
230 371 260 422 c.
276 371 350 435 537.‘
360 362 425 428 veri
448 361 498 438 sit,
514 361 603 440 scire,
619 377 655 426 ut
676 385 718 428 ex
740 384 789 440 eo,
805 374 909 426 utram
931 385 1020 450 spem
1037 372 1197 448 aequatur,
1217 359 1410 428 consiliumt

184 439 214 486 A.
232 439 261 487 0·
277 451 331 500 2¹5·
341 458 398 513 ‘ca
419 449 481 514 iat’
526 447 673 526 Romani,
687 458 805 535 ‘quum
818 450 900 514 serio
911 448 1085 536 legationes
1099 447 1209 513 audire
1220 448 1388 547 coepisset,

341 469 517 600 ‘redituros
542 559 575 602 se
605 535 646 600 ad
667 537 754 600 eum’
778 534 919 601 dicentes
942 536 1047 613 ‘essa’
1068 535 1191 600 monito
1213 557 1316 620 magis
1339 557 1389 611 eo,

364 645 437 687 uam
466 635 585 710 rogato,
615 645 656 687 ne
685 622 783 688 fidem
811 636 930 688 temere
960 635 1106 700 mutaret,
1132 621 1388 709 proficiscuntur.

377 710 557 798 ieronymus
571 709 690 810 legatos
707 709 934 796 Carthaginem
949 710 1035 774 misit
1049 709 1090 773 od
1103 708 1217 773 foedus
1231 730 1275 772 ex
1288 708 1409 780 socie-4

183 808 280 860 foedus
341 808 494 861 tetecum
507 795 688 862 Hannibale
702 795 892 861 faciendum.
938 796 1037 862 Pecto
1052 795 1211 872 convenit,
1224 807 1271 872 ut,
1288 817 1389 880 quum

183 874 302 949 siarcum
342 882 504 948 Romanos
520 882 627 949 Sicilia
646 883 848 971 expulissent,
864 883 913 970 (id
928 896 1035 948 autem
1051 883 1138 947 brevi
1153 881 1231 958 fore,
1246 883 1274 944 si
1292 903 1389 945 nares

186 939 282 990 Poena
340 986 435 1057 atque
454 971 627 1036 exercitum
643 969 815 1056 misissent)
831 969 964 1036 Himera
983 969 1093 1047 amnia
1110 969 1166 1070 qui
1180 969 1283 1033 ferme
1302 969 1390 1032 insu·

340 1057 406 1132 lam,
417 1057 541 1135 dividit,
557 1058 629 1122 linis
648 1058 738 1144 regni
755 1056 943 1145 Syracusani
965 1080 1001 1122 ac
1016 1057 1132 1121 Punici
1145 1055 1274 1142 imperii
1298 1067 1387 1120 essct.

341 1143 448 1208 Aliam
462 1143 589 1222 deinde,
599 1145 726 1208 inflatus
747 1145 1008 1213 assentationibus
1022 1165 1142 1220 eorum,
1158 1142 1215 1229 qui
1231 1163 1308 1206 eum
1324 1164 1389 1206 non

342 1229 492 1296 Hieronis
506 1243 639 1308 tantum,
655 1231 711 1296 sed
725 1231 842 1318 Pyrrhi
855 1231 951 1296 etiam
965 1231 1058 1317 regis,
1069 1229 1205 1294 materni
1220 1229 1282 1305 avi,
1299 1227 1408 1295 iube-t

340 1318 417 1382 bant
440 1317 629 1395 meminisse,
651 1316 842 1404 legationem
864 1317 957 1394 misit,
981 1339 1045 1404 qua
1065 1337 1204 1403 acquum
1226 1315 1388 1392 censebat,

343 1403 450 1469 Sicilia
470 1404 530 1469 sibi
551 1405 639 1470 omni
652 1403 743 1470 cedi:
776 1403 885 1469 Italiae
905 1403 1075 1491 imperium
1095 1402 1261 1491 proprium
1279 1403 1390 1488 quaeri

343 1490 599 1578 Carthaginiensi
627 1490 754 1579 populo.
805 1489 898 1557 Hanc
927 1490 1088 1555 levitatem
1116 1513 1153 1555 ac
1181 1487 1389 1553 iactationem

341 1577 438 1640 animi
449 1599 553 1664 neque
564 1578 758 1643 mirabantur
768 1577 803 1642 in
816 1578 931 1642 iuvene
941 1577 1070 1655 furioso,
1079 1599 1185 1663 neque
1200 1576 1389 1662 arguebmt,

341 1663 514 1728 dummodo
528 1677 705 1729 averterent
719 1687 794 1730 eum
809 1665 849 1730 ab
864 1663 1025 1729 Romanis.

265 1790 272 1805 ·
387 1749 451 1814 Sed
465 1751 572 1815 omnia
590 1751 625 1814 in
644 1774 683 1816 eo
720 1751 881 1838 raecipitia
899 1750 940 1816 ad
960 1749 1094 1816 exitium
1112 1749 1253 1814 fuerunt.
1303 1747 1389 1812 Nam

341 1859 451 1924 quum,
475 1837 652 1924 praemissis
681 1775 749 1924 liip
811 1851 876 1902 rate
903 1851 998 1925 atque
1029 1836 1174 1925 Epicyde
1202 1858 1279 1900 cum
1308 1835 1390 1901 binis

341 1923 479 1988 millibus
507 1937 698 1988 armatorum
727 1861 959 1990 odoientaudas
983 1925 1088 2001 urbes,
1114 1945 1195 2010 quae
1221 1922 1391 2009 praesidiis

342 2011 532 2076 tenebantur
547 2011 709 2089 Romania,
721 2023 754 2076 et
768 2011 835 2162 ipse
850 2011 884 2075 in
900 2011 1076 2076 Leontinos
1091 2032 1164 2075 cum
1178 2023 1290 2073 cetero
1301 2009 1389 2073 omni

808 2097 989 2249 quindecim
1013 2096 1112 2196 millia
1130 2096 1277 2196 peditum
1300 2095 1408 2209 equi-6

341 2098 483 2163 exercitu
497 2097 602 2184 (erant
623 2111 729 2163 autem
751 2121 770 2162 a

344 2183 490 2272 tumque)
505 2184 663 2271 profectus
678 2199 776 2260 esset3
800 2183 823 2247 li
845 2207 913 2248 eras
931 2183 1025 2249 aedes
1042 2196 1197 2248 comuratr
1229 2196 1263 2246 et
1278 2205 1388 2246 omnes

341 2271 422 2335 forte
437 2269 628 2356 militabant)
640 2270 841 2336 imminentes
855 2271 923 2336 viae
938 2283 1098 2359 angustae,
1114 2292 1179 2356 qua
1193 2268 1388 2334 descendere

253 2379 270 2432 J
342 2357 383 2422 ad
406 2357 508 2422 forum
532 2381 588 2422 rex
618 2358 746 2434 solebat,
771 2371 981 2446 sumpserunt.
1027 2355 1087 2434 Ibi,
1114 2379 1214 2443 quum
1241 2355 1388 2420 instructi

340 2443 514 2530 armatique
529 2444 627 2508 ceteri
642 2445 807 2510 transitum
827 2458 1045 2532 exspectantes
1064 2455 1193 2521 starent,
1209 2442 1268 2506 uni
1283 2465 1327 2507 ex
1343 2443 1387 2518 iis,

340 2529 531 2680 SDinomeni
556 2529 617 2594 fuit
638 2529 772 2617 nomen)
793 2532 870 2618 quia
894 2546 998 2596 custos
1020 2529 1158 2616 corporis
1180 2543 1259 2606 erat,
1283 2544 1388 2616 partes

363 2629 432 2680 atae
452 2628 535 2692 suut,
552 2630 596 2695 ut,
613 2639 712 2704 quum
733 2617 1000 2705 appropinquaret
1019 2618 1131 2682 ianuae
1150 2638 1216 2694 rex,
1232 2637 1294 2703 per
1316 2639 1388 2680 cau·

186 2712 325 2788 aeonium·
341 2724 406 2766 sam
422 2701 560 2788 aliquam
582 2703 615 2766 in
631 2705 783 2789 angustiis
803 2705 972 2770 sustineret
986 2706 1027 2769 ab
1046 2718 1135 2790 tergo
1154 2725 1281 2789 agmen.
1332 2702 1386 2780 Ita,

185 2777 315 2889 pproecrdr-
340 2801 377 2854 ut
387 2801 586 2866 convenerat,
596 2788 779 2856 factumest.
826 2791 994 2878 Tanquam
1009 2791 1129 2855 laxaret
1139 2789 1260 2854 elatum
1270 2790 1386 2877 pedem

226 2877 232 2889 '
340 2876 380 2940 ab
394 2875 501 2940 stricto
516 2875 610 2954 nodo,
626 2889 764 2943 moratus
779 2877 903 2942 turbam
924 2876 1131 2954 Dinomenes,
1148 2889 1273 2942 tantum
1291 2877 1387 2942 inter·
1440 2945 1441 2954 ἶ

1397 2239 1407 2286 l

340 2961 413 3028 valli
427 2961 511 3039 fecit,
528 2977 572 3040 ut,
594 2985 693 3049 quum
713 2963 748 3028 in
768 2977 1020 3051 praetereuntem
1040 2964 1108 3028 sine
1128 2963 1257 3028 armatis
1278 2985 1387 3052 regem
1440 2981 1441 3020 ὲ

340 3050 477 3136 impetus
492 3051 591 3128 fieret,
607 3049 829 3115 confoderetur
843 3051 964 3138 aliquot
978 3051 1065 3139 prius
1079 3048 1274 3126 vulneribus,
1292 3073 1387 3137 quam

341 3137 480 3200 succurri
499 3149 613 3224 posset.
660 3136 807 3203 Clamore
825 3151 858 3202 et
878 3137 1017 3202 tumultu
1034 3137 1153 3214 audito,
1168 3137 1203 3200 in
1229 3135 1387 3204 Dinome-

341 3245 426 3300 nem,
446 3222 509 3286 iam
532 3223 617 3288 haud
639 3223 735 3288 dubie
758 3225 945 3302 obstantem,
966 3223 1029 3290 tela
1047 3223 1281 3288 coniiciuntur:
1307 3225 1387 3288 inter

342 3332 423 3395 quae
440 3323 555 3387 tamen,
572 3310 696 3376 duobus
717 3311 854 3397 acceptis
868 3310 1060 3388 vulneribus
1076 3311 1181 3375 evasit.
1229 3309 1324 3398 Fuga
1343 3335 1386 3376 sa-

342 3395 487 3472 tellitum,
498 3411 534 3460 ut
549 3397 703 3462 iacentem
719 3396 826 3462 videre
838 3419 956 3483 regem,
968 3398 1051 3462 facta
1060 3411 1117 3462 est
1163 3396 1386 3463 Interfectores

341 3505 412 3568 pars
427 3482 461 3545 in
475 3482 576 3547 forum
592 3483 633 3548 ad
649 3483 885 3549 multitudinem
899 3483 1014 3549 laetam
1032 3485 1186 3561 libertate,
1202 3505 1278 3570 pars
1295 3485 1386 3573 Syra·

341 3592 430 3634 cusas
444 3582 589 3658 pergunt,
601 3569 643 3634 ad
657 3570 918 3658 praeoccupanda
926 3571 1152 3636 Andranodori
1161 3570 1385 3659 regiorumque
1439 3651 1440 3687 1

374 3821 389 3866 3
410 3809 495 3855 Utrum
505 3821 571 3867 rpem
581 3809 710 3869 remotus]
728 3807 759 3855 In
771 3806 848 3855 utrius
912 3805 928 3855 6
944 3807 1137 3865 Libarcrardas]
1159 3807 1242 3855 Aedes
1253 3808 1385 3868 cacumin

343 3869 429 3930 populi
455 3869 571 3917 societate
595 3885 663 3930 spem
686 3876 711 3919 et
732 3871 848 3920 fiduciam
880 3870 968 3932 quibus
976 3869 1023 3933 ipsi
1034 3871 1079 3919 soli
1089 3869 1280 3932 hospitarentur.
1297 3874 1385 3921 dinb.

343 3938 426 3994 ponat.
446 3933 528 3982 Doara
880 3950 938 3984 xxx.
953 3947 989 3996 17.
1000 3951 1075 3983 ων.
1085 3948 1122 3995 23.
1139 3933 1223 3984 xtit6.
1242 3933 1326 3987 Plaut
1334 3938 1385 3986 un.

375 4015 391 4056 4
406 3997 554 4056 Adsoedur]
576 3997 634 4053 Quo
651 3998 715 4057 leges
731 3999 846 4048 conditio
880 3999 948 4048 Glor.
960 3999 993 4048 iii.
1008 4014 1028 4048 r.
1040 4001 1079 4060 83.

343 4075 434 4122 resque
452 4075 532 4108 rerum
550 4060 620 4108 alteri
640 4061 703 4122 parti
721 4062 753 4108 ab
771 4063 848 4111 altera
913 4074 926 4125 7
942 4065 978 4112 Et
993 4079 1073 4114 omar:
1082 4065 1163 4125 sorte]
1186 4064 1218 4112 ab
1229 4063 1305 4125 Supr.
1322 4065 1385 4114 xxiii.
1438 4119 1439 4128 ἵ

343 4125 501 4187 praestandae
525 4131 679 4186 ponerentur.
710 4125 741 4175 cf,
760 4125 846 4188 Polyb.
880 4131 1112 4188 44‚eemar0mnta
1121 4130 1208 4190 campi.
1236 4127 1385 4178 Hinanulla
1438 4149 1439 4154 ¹

343 4188 722 4250 viigubtsingulatraduntur.
879 4191 905 4238 in
935 4191 1097 4242 coniuratores
1126 4191 1244 4242 incideret
1274 4195 1385 4255 suspicio.

376 4253 580 4312 5Pyrrbietr'am
591 4255 668 4313 repis]
687 4253 845 4301 Haimoniai
878 4256 944 4314 quod
963 4271 1042 4318 regern
1062 4255 1088 4306 ia
1107 4256 1241 4306 Leoutt'nos
1259 4273 1383 4319 sequerer

343 4315 419 4362 filiam
436 4315 567 4363 Noreidem
585 4317 687 4364 duxerat
703 4316 768 4365 Gelo
785 4317 845 4365 Hie·
878 4323 924 4366 tur.

342 4379 437 4441 ronymi
448 4387 524 4440 pater.
544 4380 631 4442 Polyb.
645 4379 683 4429 vii.
696 4394 718 4441 3.
