2866 4770
363 227 458 293 LIB.
483 227 596 294 XXX.
632 228 744 295 CAP.
769 236 799 295 3.
1009 234 1012 242 '
1036 237 1100 298 505

49 364 234 428 excitabant
255 365 289 427 in
311 364 425 428 animis
446 363 613 428 hominum
634 364 790 452 prodigia,
806 387 847 430 ex
863 364 1006 451 pluribus
1024 365 1101 432 locis
1112 374 1146 424 U.
1158 375 1188 425 c.
1204 388 1260 440 ⁵49·

48 451 205 514 nuntiata.
252 452 378 514 Aurum
398 451 433 512 in
450 448 609 535 Capitolio
624 451 710 515 corvi
724 473 791 515 non
808 451 959 516 lacerasse
975 465 1100 518 tantum
1110 439 1188 553 indi
1202 453 1260 514 .²⁰³·

48 537 159 600 rostris
173 536 297 613 crediti,
312 535 369 600 sed
384 536 479 600 etiam
494 534 605 600 edisse.
644 535 756 602 Mures
772 538 865 604 Antii
879 561 1029 603 coronam
1045 562 1102 603 au·
1185 519 1233 567 μ’

48 644 139 686 ream
157 645 304 688 arrosere.
352 621 448 686 Circa
464 621 609 708 Capuam
625 643 753 688 omnem
776 646 885 710 agrum
908 624 1101 690 locustarum

47 709 98 772 vis
114 708 236 796 ingens,
251 710 296 773 ita
311 721 356 784 ut,
372 709 458 772 unde
476 707 687 785 advenissent,
703 732 815 796 parum
830 723 998 788 constaret,
1014 733 1101 776 corn·

47 793 159 881 plevit
215 794 380 881 Equuleus
410 794 512 859 Reate
546 817 620 860 cum
649 796 792 882 quinque
851 795 963 861 edibus
997 810 1098 862 uatus.

49 881 221 967 Anagniae
243 881 340 981 sparsi
362 880 501 967 primum
521 881 611 1030 ignes
637 882 671 944 in
694 881 794 959 coelo,
815 817 891 946 dein
912 882 966 946 fax
988 883 1101 970 ingens

48 968 135 1031 arsit.
181 966 357 1032 Frusinone
380 989 471 1032 arcus
496 989 595 1032 soem
617 969 706 1033 tenui
730 968 816 1032 linea
840 968 1006 1055 amplexus
1031 981 1098 1045 est3

24 1052 204 1118 acirculum
221 1053 338 1118 deinde
358 1053 462 1139 ipsum
485 1054 585 1118 maior
599 1053 673 1118 solis
687 1054 771 1120 orbis
787 1055 983 1119 extrinsecus
998 1054 1101 1120 inclu-

47 1140 99 1204 sit.
218 1140 263 1203 ini
280 1155 363 1204 terra
377 1140 544 1226 campestri
566 1163 642 1226 agro
663 1142 698 1204 in
720 1141 883 1227 ingentem
904 1140 1009 1204 sinum
1023 1163 1101 1205 con-

24 1225 141 1300 3sedit.
221 1225 368 1290 onsulum
386 1225 485 1302 alteri,
524 1227 636 1290 rimam
652 1226 786 1291 hostiam
803 1226 988 1303 immolanti,
1005 1239 1101 1313 caput

48 1313 199 1377 iocinoris
213 1312 322 1377 defuit.
370 1311 419 1375 Ea
432 1249 577 1399 prodgia
590 1313 761 1378 maioribus
781 1312 892 1378 hostiis
913 1325 1097 1399 procurata:

46 1398 130 1461 editi
145 1422 164 1463 a
178 1398 312 1485 collegio
327 1397 514 1485 pontificum
530 1399 585 1476 dii,
601 1399 717 1486 quibus
732 1399 967 1464 sacrificaretur.

93 1485 138 1548 Iis
151 1485 323 1560 transactis,
336 1483 481 1548 consules
491 1499 714 1571 praetoresque
726 1486 760 1549 in
770 1485 947 1571 provincias
955 1484 1096 1571 profecti.
1188 1524 1197 1542 ·

49 1569 211 1636 Omnibus
227 1584 344 1646 tamen,
359 1569 447 1634 velut
461 1593 531 1635 eam
549 1571 676 1649 sortitis,
693 1571 821 1636 Africae
842 1592 917 1635 cura
931 1583 1018 1647 erat3
1041 1593 1099 1635 seu

71 1657 127 1720 uia
143 1657 188 1721 ibi
208 1678 363 1720 summam
383 1679 489 1720 rerum
509 1657 648 1743 bellique
668 1658 749 1722 verti
771 1657 962 1733 cemebant3
985 1679 1043 1722 seu
1062 1668 1100 1721 ut

47 1680 195 1830 Scipioni
214 1742 474 1828 gratificarentur‚
495 1743 530 1806 in
551 1765 648 1830 quem
670 1755 740 1807 tum
760 1743 863 1807 omnis
881 1765 971 1808 versa
990 1743 1100 1806 civitas

46 1843 126 1893 erat.
173 1827 286 1914 Itaque
308 1849 374 1890 non
395 1849 436 1890 ex
461 1827 607 1892 Sardinia
626 1841 760 1905 tantum,
780 1829 863 1893 sicut
882 1840 955 1892 ante
977 1827 1100 1892 dictum

45 1927 108 1990 est,
124 1913 181 1976 sed
195 1935 236 1976 ex
256 1911 364 1976 Sicilia
378 1934 507 2010 quoque
527 1926 560 1977 et
575 1913 733 1999 Hispania
745 1914 943 1990 vestimenta,
959 1913 1100 1977 frumen·

46 2012 194 2084 tumque,
210 2010 243 2062 et
257 2019 344 2061 arma
358 2012 455 2062 enam
469 2021 511 2062 ex
531 1997 648 2075 Sicilia,
664 2011 697 2062 et
717 2021 811 2062 omne
826 2021 927 2084 genus
942 2020 1101 2063 commea-

45 2099 100 2148 tus
123 2107 162 2148 eo
177 2085 390 2171 portabantur.
437 2083 509 2148 Nec
532 2083 638 2170 Scipio
654 2083 719 2148 ullo
737 2097 881 2171 tempore
896 2084 1009 2148 hiemis
1023 2083 1098 2148 belli
1109 2098 1160 2173 tta
1169 2105 1251 2174 gastae

45 2193 146 2256 opera
160 2170 331 2244 remiserat,
349 2190 430 2253 quae
446 2169 547 2234 multa
561 2169 655 2234 simul
670 2171 812 2256 undique
828 2191 902 2234 eum
917 2170 1100 2234 circumsta·
1107 2177 1134 2211 ¹¹¹
1145 2163 1237 2214 ΛΜ

46 2256 136 2320 bant.
183 2255 314 2320 Uticam
333 2255 514 2320 obsidebat:
538 2268 640 2320 castra
653 2255 688 2318 in
702 2268 875 2341 conspectu
891 2253 1099 2320 Hasdrubalis

46 2354 148 2406 erant.
196 2339 475 2426 Carthaginienses
496 2340 697 2406 deduxerant
718 2363 831 2405 naves:
856 2340 988 2406 classem
1032 2364 1100 2406 ara·

47 2441 114 2491 tarn
130 2428 380 2512 instructamque
396 2427 436 2492 ad
451 2439 647 2492 commeatus
661 2426 910 2514 intercipiendos
930 2364 1097 2492 habehant.

47 2512 139 2577 Inter
166 2513 246 2578 haec
271 2535 312 2578 ne
339 2514 361 2579 S
406 2513 493 2578 bacis
518 2512 650 2599 quidem
675 2511 902 2577 reconciliandi
928 2535 1036 2578 curam
1058 2535 1099 2578 ex

23 2599 156 2670 4animo
171 2601 299 2664 miserat
307 2624 317 2676 ;
340 2623 367 2664 ει
394 2611 461 2663 orte
473 2599 536 2664 iam
551 2599 644 2663 satias
659 2599 774 2663 amoris
788 2598 822 2661 in
834 2620 934 2664 uxore
946 2621 987 2662 ex
999 2598 1101 2663 multa

47 2685 141 2771 copia
154 2686 297 2773 cepisset.
344 2686 398 2750 Ab
421 2685 444 2750 S
487 2684 565 2750 hace
661 2685 685 2748 's
699 2684 786 2772 pacis
803 2707 878 2749 cum
895 2683 1099 2772 Carthagini-

46 2771 176 2836 ensibus
195 2770 403 2848 conditiones,
420 2785 457 2836 ut
505 2771 611 2836 omani
695 2772 751 2848 ‘ca,
767 2770 870 2836 Poeni
893 2771 986 2836 Italia
1005 2793 1099 2835 exce·

47 2855 171 2934 derent,
184 2879 289 2944 quam,
302 2859 329 2921 si
343 2857 522 2934 bellaretur,
535 2879 606 2944 spes
620 2857 685 2921 ulla
696 2856 891 2922 desciturum
900 2857 1096 2920 afferebatur.

48 2940 142 3006 Haec
162 2966 219 3030 per
239 2944 367 3008 nuntios
387 2944 487 3030 magis
507 2943 658 3028 equidem
679 2953 749 3006 acta
768 2941 967 3015 crediderim,
1002 2942 1099 3003 etita

70 3050 120 3091 ars
134 3029 233 3093 maior
247 3043 390 3094 auctores
404 3029 494 3112 sunt)
505 3048 601 3112 quam
613 3027 717 3111 ipsum
735 3025 923 3111 Syphacem,
936 3037 972 3088 ut
1040 3024 1098 3087 tias

46 3049 195 3178 Xalerius
214 3115 330 3201 prodit,
351 3117 384 3177 in
405 3125 507 3177 castra
526 3111 674 3175 Romana
691 3109 732 3174 ad
751 3108 945 3209 colloquium
965 3109 1096 3172 venisse.

47 3198 159 3264 Primo
172 3222 226 3265 eas
239 3201 437 3266 conditiones
454 3199 625 3284 imperator
645 3196 811 3260 Romanus
825 3217 879 3260 vrx
899 3193 1027 3257 auribus
1041 3192 1098 3257 ad-

48 3286 142 3350 misit.
188 3286 312 3364 Postea,
328 3299 365 3350 ut
379 3307 473 3350 causa
490 3281 660 3371 probabilis
675 3282 739 3345 suis
753 3280 952 3344 commeandi
967 3278 1049 3342 foret
1063 3278 1098 3341 in

47 3385 150 3435 castra
163 3372 312 3449 hostium,
328 3371 453 3436 mollius
468 3369 580 3434 eadem
595 3367 648 3432 illa
662 3369 812 3443 abnuere,
828 3389 864 3430 ac
879 3387 968 3452 spem
982 3364 1096 3439 facere,

48 3477 99 3521 sae
124 3458 173 3522 ius
187 3457 271 3523 ultro
285 3459 429 3544 citroque
444 3455 636 3555 agn'tantibus
650 3475 717 3516 rem
732 3465 969 3518 conventuram.

93 3480 310 3609 ilibernacula
326 3540 648 3628 Carthaginiensium,
664 3553 815 3624 congesta
825 3553 943 3603 temere
959 3558 999 3600 ex
1072 3535 1193 3600 'scaea

27 3631 181 3706 smateria
203 3629 420 3706 exaedificata,
444 3629 550 3714 lignea
574 3626 673 3690 ferme
700 3637 767 3688 tota
789 3636 887 3688 erant.
935 3621 1036 3686 Numi
1106 3615 1248 3664 Hudmba

48 3716 216 3803 praecipue
239 3715 393 3780 arundine
417 3714 521 3792 textis,
545 3723 710 3798 storeaque
736 3732 809 3797 pars
830 3709 970 3773 maxima
994 3679 1227 3806 tectigffift·

81 3915 95 3948 a
113 3901 264 3949 Melandia
274 3901 350 3958 aab]
364 3898 448 3954 Quem
460 3895 556 3946 Graeca
588 3898 647 3946 dum
661 3900 743 3944 censet
759 3893 836 3944 Drak.
869 3897 904 3943 In
917 3909 994 3944 neore
1008 3893 1097 3942 melius

50 3977 109 4012 roca
120 3961 196 4026 (ὅλη)
207 3965 264 4012 halo
276 3963 378 4024 Anglice
389 3961 501 4010 dicimus.
588 3961 655 4008 haud
674 3960 748 4008 dubie
767 3974 840 4020 quam
858 3961 886 4007 ln
903 3973 1012 4017 acorem,
1030 3958 1097 4020 quod

82 4029 196 4090 30aput
213 4025 339 4088 iocinoris]
364 4026 395 4074 cs.
415 4025 487 4086 Supr.
505 4023 555 4074 viii.
588 4024 688 4086 sigonio
711 4022 812 4086 placuit.
837 4023 868 4073 εἰ.
888 4023 961 4072 ovid.
981 4022 1044 4070 Met.
1064 4021 1096 4070 it.

50 4103 73 4152 9.
90 4091 165 4140 xxvii.
178 4089 215 4140 26.
589 4089 643 4148 258.
681 4089 827 4152 Vorwrisqne
837 4088 933 4138 modum
943 4088 989 4135 ribi
995 4086 1059 4145 seuit
1069 4087 1097 4131 in

82 4157 140 4214 4Si
159 4157 227 4216 sorta
248 4157 299 4204 iam
319 4155 395 4203 ratius
417 4153 506 4200 amm
527 4153 555 4199 in
587 4153 639 4200 illa.
1063 4209 1068 4220 Ι

51 4221 138 4278 ruma]
156 4221 224 4267 Eam
238 4233 283 4281 pro
295 4221 345 4267 ιάωι
360 4217 490 4279 legendum
501 4229 555 4264 sua·
620 4225 634 4276 5
652 4217 775 4265 Numidae
789 4214 936 4277 praedpua]
956 4209 1046 4260 Paullo
1061 4223 1096 4258 m-

51 4281 92 4328 det
103 4283 211 4331 Gronov.
219 4284 262 4330 sed
273 4281 387 4344 quoniam
398 4279 491 4328 nullius
500 4279 554 4328 cod.
588 4277 695 4328 tricatior
705 4279 745 4327 hic
756 4283 794 4326 est
806 4279 933 4326 verbenam
950 4275 1018 4332 ordo,
1033 4287 1096 4347 quae

51 4345 194 4394 auctoritate
215 4347 333 4405 firmatur,
356 4361 405 4393 non
428 4343 554 4392 restituen-
588 4341 623 4390 sic
631 4341 739 4403 digerere
748 4341 858 4390 ridemur
870 4353 947 4400 posse.
971 4335 1097 4386 Numidae
