3002 4798
348 215 388 276 36
732 210 845 276 ΤΙΤΙ
873 209 1008 274 LIVII

15 331 20 438 {f
184 360 218 411 U.
234 359 264 410 c.
277 373 331 422 534·
351 345 462 434 ‘gerit
473 345 529 410 ubi
544 365 618 410 eum
628 365 737 430 gerere
747 355 874 408 senatus
888 343 1087 431 populusque
1102 341 1266 406 Romanus
1277 339 1397 415 voluit3

185 426 217 474 Α·
230 425 260 475 ⁰·
274 425 330 472 ²¹⁸·
351 439 442 519 ‘ego,
458 445 494 496 ut
508 429 670 496 consulem
684 431 800 495 ducem
820 429 969 494 adversus
985 427 1199 492 Hannibalem
1219 449 1256 492 ac
1271 425 1400 490 Poenos

350 519 538 595 ‘haberetis
554 517 620 605 ipse
636 539 687 582 me
710 516 785 581 huic
799 515 977 580 voluntario
992 514 1157 580 certamini
1171 510 1291 587 obtuli3
1314 533 1400 575 noro

351 604 553 693 ‘imperatori
576 627 594 668 a
617 603 661 668 ud
675 625 773 674 novos
791 602 907 665 milites
921 623 1023 687 pauca
1036 601 1133 665 verba
1149 598 1294 663 facienda
1313 609 1396 660 runt.

351 691 425 756 ‘Ne
440 713 541 778 genus
556 627 641 767 belli,
656 711 737 753 neve
757 688 881 752 hostem
896 687 1066 773 ignoretis3
1089 709 1162 750 cum
1183 685 1221 750 iis
1236 697 1285 749 est
1298 683 1398 758 vobis,

351 777 497 854 ‘milites
528 775 746 864 pugnandum,
801 795 857 838 uos
891 786 974 837 terra
1002 773 1145 858 marique
1179 771 1284 858 priore
1313 768 1399 833 bello

352 863 503 929 ‘vicistisr
528 864 671 949 aquibus
682 798 875 948 stipeddium
890 881 947 945 per
955 859 1068 946 viginti
1083 880 1182 922 annos
1194 855 1359 1005 exegistis:
1379 877 1400 918 a

352 955 362 986 ‘
396 951 488 1015 uibus
503 963 596 1036 capta
607 947 681 1013 belli
696 947 844 1034 praemia,
859 944 999 1008 Siciliam
1014 965 1050 1008 ac
1065 942 1252 1018 Sardiniam,
1288 939 1397 1006 abetis.

352 973 445 1100 ‘lrit
463 1037 474 1098 i
498 1036 561 1099 ‘tur
575 1035 610 1098 in
631 1035 692 1098 hoc
707 1031 879 1096 certamine
901 1031 927 1094 is
941 1029 1030 1094 vobis
1044 1029 1087 1093 ill'
1129 1053 1169 1093 ue
1191 1029 1326 1104 animus,
1343 1027 1399 1113 qui

352 1059 543 1185 ‘victonllus
558 1133 591 1184 et
602 1120 692 1183 victis
706 1140 773 1183 esse
788 1116 876 1182 solet.
923 1115 995 1180 Nec
1009 1051 1166 1191 nunlcffldli,
1177 1114 1253 1201 quia
1267 1113 1398 1189 audent,

352 1207 430 1272 'sed
452 1207 528 1306 quia
552 1227 680 1270 necesse
702 1216 760 1281 est,
783 1202 955 1290 pugnaturi
977 1214 1068 1265 runt:
1097 1201 1159 1266 nisi
1180 1199 1319 1276 creditis,
1343 1199 1400 1285 qni

353 1298 517 1357 ‘exercitu
531 1291 682 1356 incolumi
697 1312 838 1377 pugnarn
852 1289 1076 1364 detrectavere,
1088 1309 1152 1363 eos,
1167 1285 1291 1350 duabus
1301 1286 1424 1372 parti—8

353 1379 432 1444 ‘bus
446 1377 590 1466 peditum
601 1377 809 1464 equitumque
818 1375 852 1438 in
868 1374 1001 1438 transitu
1013 1373 1146 1460 Alpium
1157 1372 1288 1449 amissis,
1298 1393 1424 1458 quum9

352 1464 479 1551 ‘plures
500 1487 602 1551 paene
620 1463 782 1550 perierint,
798 1483 893 1548 quam
917 1471 1094 1546 supersunt,
1110 1457 1181 1546 plus
1201 1459 1269 1544 spei
1289 1471 1401 1522 nactos

353 1556 449 1614 ‘esse
497 1552 544 1613 At
565 1549 652 1613 enim
673 1549 766 1635 pauci
790 1546 920 1634 quidem
943 1545 1103 1622 suntsed
1121 1545 1264 1631 vigentes
1286 1543 1422 1608 animisr

352 1635 629 1722 ‘corporibusque
650 1656 785 1720 quorum
807 1634 920 1697 robora
941 1653 977 1696 ac
999 1632 1080 1696 vines
1101 1631 1154 1694 vix
1176 1631 1332 1694 sustinere
1354 1630 1403 1693 vis

352 1718 439 1783 ‘ulla
452 1721 558 1820 possit
605 1719 743 1805 Effigies,
756 1720 820 1784 imo
835 1719 964 1782 umbrae
979 1717 1155 1793 hominum,
1166 1715 1260 1792 same,
1272 1715 1400 1802 frigore,

353 1803 490 1882 ‘illuvre‚
503 1806 647 1892 squalore
663 1805 777 1882 enecti,
794 1805 918 1869 contusi
936 1825 972 1867 ac
987 1802 1142 1868 debilitati
1159 1802 1243 1866 iuter
1256 1825 1333 1866 saxa
1348 1824 1403 1865 ru-

352 1897 361 1927 ‘
372 1913 501 1978 pesque.
562 1890 618 1955 Ad
644 1891 733 1967 haec,
755 1890 892 1978 praeusti
919 1901 1015 1966 artus,
1038 1890 1111 1953 nive
1133 1889 1272 1974 rigentes
1299 1889 1401 1964 nervi,

352 1978 514 2041 ‘membra
533 1976 652 2042 torrida
672 1976 757 2064 gelu,
781 1987 926 2063 quassata
938 1975 1100 2062 fractaque
1122 1997 1218 2050 arma,
1234 1973 1341 2038 claudi
1364 1997 1401 2038 ac

351 2062 493 2127 ‘debiles
502 2063 586 2165 equi.
635 2061 720 2127 Cum
735 2062 796 2127 hoc
811 2085 828 2126 e
853 2063 929 2136 uite,
942 2083 1015 2125 cum
1029 2060 1090 2126 hoc
1105 2060 1212 2147 pedite
1250 2061 1402 2146 ugnaturi

352 2150 466 2214 ‘estisr
490 2149 639 2237 rehquias
661 2161 817 2214 extremas
831 2086 987 2223 lonium,
1008 2170 1073 2210 non
1095 2146 1210 2222 hostes,
1227 2083 1399 2210 labebitis

351 2236 424 2300 ‘Ac
439 2235 520 2299 nihil
539 2237 638 2322 magis
652 2257 773 2311 vereor,
793 2255 890 2321 quam
910 2256 962 2309 ne,
977 2255 1033 2296 vos
1076 2253 1153 2296 uum
1173 2232 1400 2318 pugnaveritis,

352 2317 474 2420 ‘Alpes
488 2321 599 2385 vicisse
616 2321 831 2384 Hannibalem
843 2319 1017 2383 videantur.
1053 2257 1130 2383 qSed
1143 2319 1188 2382 ita
1196 2318 1327 2382 forsitan
1343 2319 1402 2382 de·

352 2411 448 2481 ‘cu1t‚
460 2427 534 2468 cum
549 2405 712 2469 foederum
724 2418 851 2491 ruptore
861 2405 943 2469 duce
958 2426 994 2469 ac
1003 2427 1045 2491 po
1069 2403 1122 2468 ulo
1137 2403 1213 2468 deos
1225 2405 1319 2490 ipsos,
1330 2403 1401 2468 sine

352 2489 437 2554 ‘ulla
458 2489 637 2554 humanao
678 2490 901 2567 ,committere
922 2513 959 2554 ac
980 2427 1146 2577 prodigere
1169 2489 1305 2554 bellum:
1330 2511 1424 2568 nos,2

351 2576 429 2661 ‘qui
444 2575 618 2639 secundum
634 2512 711 2640 ddos
725 2573 832 2639 violati
850 2597 967 2653 sumus,
984 2577 1186 2640 commissum
1200 2597 1236 2640 ac
1250 2575 1398 2675 prodiga·

284 2697 292 2712 ·
352 2670 441 2724 ‘tum
456 2661 621 2725 conficere.
669 2660 746 2725 Non
760 2682 881 2738 vereor,
897 2684 938 2725 ne
954 2662 1025 2748 quis
1040 2684 1091 2726 me
1106 2663 1271 2726 hoerestrr
1282 2660 1425 2727 adher-3

351 2746 461 2810 ‘tandi
475 2769 569 2810 causa
583 2745 749 2833 magnifice
764 2746 852 2833 loqui
868 2747 1043 2823 existimem
1067 2747 1171 2834 ipsum
1186 2747 1277 2812 aliter
1290 2747 1402 2811 animo

351 2832 521 2897 ‘affectum
543 2855 619 2896 esse.
665 2831 774 2897 Licuit
795 2833 830 2897 in
853 2831 1051 2920 Hispaniam,
1066 2833 1261 2921 provinciam
1282 2855 1401 2910 meam,

351 2927 361 2956 ⁴
396 2941 437 2982 uo
459 2919 523 2982 iem
545 2917 704 3005 profectus
726 2941 822 2996 eram,
845 2941 919 2982 cum
941 2919 1083 2983 exercitu
1105 2919 1150 2983 ire
1171 2941 1263 2982 meo:
1287 2919 1343 2982 ubi
1367 2933 1403 2983 et

351 3013 360 3041 ‘
418 3016 499 3068 trem
513 3003 636 3068 consilii
651 3005 837 3092 participem
852 3027 888 3069 ac
903 3004 1036 3092 periculi
1051 3004 1172 3068 socium
1188 3005 1349 3081 haberem,
1367 3019 1402 3069 et

350 3087 604 3154 ‘Hasdrubalem
644 3090 760 3177 potius,
797 3113 894 3177 quam
931 3089 1157 3167 Hannibalem,
1193 3089 1327 3166 hostem,
1367 3103 1403 3154 et

351 3173 528 3239 ‘minorem
548 3174 634 3240 haud
656 3175 753 3240 dubie
768 3175 885 3240 molem
905 3174 990 3240 belli.
1036 3175 1170 3253 Tamen,
1186 3197 1287 3263 quum
1306 3197 1402 3264 prae-

382 3436 649 3498 8Daaduepartlbar]
668 3435 773 3484 Duabus
780 3435 857 3483 tertiis
889 3449 933 3496 per
949 3433 1060 3483 indicant
1076 3435 1212 3498 particulae
1229 3429 1256 3484 ar
1274 3439 1346 3486 enin.
1365 3439 1399 3487 cf.

350 3499 465 3559 partibus
889 3513 954 3560 supr.
965 3499 997 3546 iv.
1009 3515 1031 3558 4.
1044 3499 1139 3548 Rusca.

382 3576 398 3624 9
424 3563 505 3620 Quum
524 3563 609 3623 pluras
628 3575 708 3622 poetae
727 3563 857 3621 perierint,
922 3561 1400 3624 rPrqlllpareJh.e.Adexitumlerme

400 3626 576 3686 mraparrant]
589 3624 636 3672 Sus
653 3627 709 3670 ecta
731 3623 857 3671 uidemest
889 3623 1018 3685 adducere,
1030 3631 1057 3674 ut
1068 3625 1121 3675 Cic.
1134 3625 1207 3675 Ture
1220 3643 1241 3675 v.
1253 3625 1400 3691 norw.

368 3687 640 3748 aecparentheslsstrot
658 3685 710 3733 ‘ost
741 3685 856 3748 omingin,
889 3687 922 3736 iil.
935 3701 972 3750 50.

350 3755 375 3796 et
398 3764 461 3810 quae
479 3749 618 3810 glossatoris
635 3763 736 3796 manum
754 3751 857 3811 prodere
922 3765 935 3812 3
958 3755 1035 3801 Vestri
1049 3755 1196 3802 adhortandi
1209 3756 1298 3815 mara]
1320 3755 1399 3804 Vide·

352 3811 469 3860 videatur.
504 3810 615 3860 Bauenn
631 3810 730 3873 quidem
747 3817 856 3861 nostrum
889 3820 955 3863 retur
964 3815 1026 3864 ratio
1036 3816 1249 3878 grammaticarum
1260 3819 1399 3880 legumpo

350 3873 461 3936 mitigare
469 3875 533 3923 velle
544 3880 634 3934 censet,
658 3875 857 3924 uodlortenirnis
889 3879 980 3928 stulare
991 3879 1030 3928 vel
1043 3883 1117 3929 vestri
1131 3881 1345 3942 mmmmm,
1356 3885 1399 3931 rel

349 3942 465 3986 auxerat:
484 3943 568 3986 contra
584 3939 649 3987 Raso
668 3939 699 4000 ig.
712 3955 792 4000 paene
806 3955 856 3988 non
888 3957 930 3990 vor
946 3945 1098 3992 αάὴοτεαηάὖ.
1132 3944 1181 3993 Sed
1197 3944 1262 3993 hanc
1278 3945 1400 4022 loquendi

346 4004 437 4063 smne,
448 4002 490 4050 sed
498 4003 599 4064 penitae
610 4002 650 4050 hic
661 4001 796 4065 significare
806 4019 856 4052 sur-
889 4004 992 4055 formam
1003 4007 1170 4070 compluriens
1180 4023 1212 4057 ex
1226 4009 1400 4070 probatissimo

349 4064 857 4192 titt‘atttlffllltttttllllt
889 4071 1401 4186 {retruderentur

348 4209 402 4241 nrm
413 4193 639 4255 deceptanlegr'tur.
659 4193 773 4242 can'sc.
786 4195 819 4243 iii.
832 4209 856 4256 p.
890 4195 977 4246 Norae
996 4197 1109 4246 Methodi
1128 4197 1225 4262 linguae
1247 4199 1352 4249 Latinae
1372 4201 1400 4250 in

349 4253 404 4306 608.
889 4259 1096 4311 observationibus
1106 4263 1138 4311 ad
1150 4262 1284 4314 Gerundia.
1296 4263 1380 4314 Caar.

383 4334 393 4368 1
411 4322 447 4368 At
457 4321 534 4382 enlm]
554 4320 722 4370 obiectionem
734 4321 784 4370 lere
794 4336 856 4370 rem·
