2966 4778
383 216 479 283 LIB.
504 214 636 282 XXIII.
671 215 783 282 CAP.
810 221 859 281 12.
1079 218 1140 282 133

88 347 180 415 Haec
204 352 261 415 ubi
285 375 327 417 ex
351 353 477 420 Graeco
498 355 638 420 carmine
661 354 728 419 inte
767 366 868 418 retata
891 353 1043 431 recitarit,
1068 365 1136 417 turn
1149 369 1183 421 U.
1195 369 1225 420 ο.
1240 369 1297 431 53⁶·

86 435 180 515 dixit,
206 445 260 504 ‘se
284 440 412 505 oraculo
438 463 598 528 egressum
623 377 786 529 extemblo
808 441 857 504 his
883 440 1031 505 omnibus
1056 435 1177 503 divisss
1194 435 1225 486 0·
1241 431 1297 485 ²¹⁶·

87 530 175 588 ‘rem
198 524 337 590 divinam
358 539 428 592 ture
448 549 485 592 ae
506 529 581 592 vino
603 527 732 593 fecisse:
756 528 940 614 iussumque
963 529 1003 592 ab
1025 525 1137 614 templi

65 617 98 664 1‘
105 610 258 689 antistite,
268 611 350 678 sicut
364 629 533 679 coronatus
547 613 655 679 laurea
665 627 823 680 coronaet
838 613 1000 679 oraculum
1009 613 1135 689 adisset,

86 704 142 760 ‘et
156 719 224 761 rem
239 695 380 764 divinam
397 700 539 778 fecissen
563 701 608 766 ita
625 713 809 767 coronatum
826 701 934 765 navim
954 699 1135 777 ascenderes

62 790 171 848 a‘nec
192 796 266 848 ante
281 784 440 872 deponere
458 809 538 864 earu,
555 809 652 874 quam
674 787 812 852 Romam
832 787 1034 874 pervenisset.
1083 784 1135 863 Se,

85 877 321 958 ‘quaecunque
340 872 495 960 imperata
515 874 588 951 sint,
604 895 678 937 curn
700 895 824 937 summa
844 872 997 959 religione
1012 895 1049 937 ac
1063 871 1136 935 dili·

85 957 216 1043 ‘gentia
230 971 416 1023 exsecutum
421 983 430 1035 ;
454 971 602 1024 coronam
619 959 742 1024 Romae
758 959 791 1024 in
803 981 890 1024 aram
905 957 1065 1045 Apollinis
1079 956 1137 1021 de-

85 1044 268 1129 ‘posuisse’
314 1043 448 1110 Senatus
468 1044 618 1124 decrevit,
635 1057 669 1110 ut
690 1069 746 1110 eae
766 1068 816 1110 res
834 1045 960 1109 divinae
978 1043 1136 1132 supplica·

83 1129 255 1216 tionesque
270 1131 374 1217 primo
389 1154 517 1218 quoque
534 1145 675 1233 tempore
691 1154 764 1197 cum
780 1155 856 1197 eura
870 1132 992 1196 fierent.

128 1215 221 1280 Dum
241 1217 320 1282 haec
339 1217 463 1282 Romae
483 1229 578 1305 atque
598 1241 633 1282 m
654 1217 746 1284 Italia
764 1231 928 1306 geruntur,
943 1217 1075 1283 nuntius
1089 1216 1136 1281 vi·
1145 1225 1221 1287 M²t0
1232 1226 1292 1276 ΟΜ·

82 1302 204 1367 ctoriae
219 1303 261 1368 ad
283 1302 412 1368 Cannas
429 1304 656 1454 Carthepinem
676 1319 806 1370 venerat
825 1304 925 1392 Mago
946 1303 1136 1370 Hamilcaris
1143 1289 1294 1402 fflffl

82 1387 188 1453 filius:
213 1411 279 1454 non
294 1413 334 1454 ex
349 1391 418 1477 ipsa
428 1391 494 1456 acie
510 1415 529 1454 a
571 1405 636 1456 atre
652 1392 774 1469 missus,
786 1391 843 1456 sed
857 1404 1000 1456 retentus
1014 1390 1191 1477 aliquotw,

83 1474 156 1538 dies
171 1475 205 1539 in
220 1476 411 1563 recipiendis
425 1477 604 1542 civitatibus
620 1476 828 1556 Bruttiorum,
844 1500 990 1565 quaeque
1006 1476 1136 1540 deficie-

82 1561 173 1626 bant.
219 1557 260 1639 Is,
277 1585 377 1648 quum
391 1564 422 1628 ei
442 1577 569 1628 senatus
588 1564 681 1628 datus
701 1576 791 1642 esset,
807 1585 857 1629 res
871 1576 975 1651 gestas
993 1563 1027 1627 in
1043 1561 1136 1628 Italia

58 1665 102 1713 ta
123 1648 222 1712 fiatre
245 1649 397 1736 exponite
423 1649 530 1715 ‘Cum
552 1673 609 1715 sex
631 1650 873 1738 imperatoribus
895 1673 979 1727 eum,
998 1671 1135 1736 quorum
1144 1656 1256 1721 Exponit

83 1742 260 1834 ‘quattuor
275 1735 429 1814 consules,
445 1736 510 1801 duo
530 1736 717 1801 dictatores
736 1737 887 1824 magister
906 1737 1051 1824 equitum
1065 1727 1273 1836 ἰοῦ-ἓξὲξ

83 1828 182 1897 ‘rrnt‚
206 1843 279 1886 cum
302 1844 358 1886 sex
384 1821 600 1888 consularibus
625 1823 816 1888 exercitibus
840 1823 907 1888 acie
934 1823 1181 1906 conflixissetfl,

82 1905 260 1972 ‘occidisse
280 1930 375 1997 supra
395 1908 534 1974 ducenta
555 1909 653 1973 millia
674 1909 829 1974 hostium:
861 1932 956 1997 supra
976 1909 1136 1996 quinqua·

58 2001 93 2058 4‘
102 1994 197 2144 ginta
219 1994 319 2059 millia
338 1995 466 2082 cepisse.
513 1994 565 2059 Ex
582 2009 734 2082 quattuor
752 1995 933 2060 consulibus
951 1995 1031 2059 duos
1051 1995 1136 2059 occi-

82 2088 93 2118 ‘
127 2081 210 2155 'sse3
234 2102 275 2144 ex
290 2080 415 2146 duobus
434 2082 576 2147 saucium
591 2081 734 2158 alterum,
750 2081 894 2158 alterum,
910 2093 977 2146 toto
993 2081 1136 2145 exercitu

82 2167 230 2244 ‘amisso,
244 2167 299 2231 vix
319 2189 393 2232 cum
407 2168 640 2256 quinquaginta
659 2167 840 2232 hominibus
860 2167 1015 2317 effuffe'
1062 2165 1136 2230 Ma-

57 2253 242 2340 5‘gist1um
257 2254 412 2404 sipiritum,
428 2277 510 2341 quae
525 2253 697 2354 consularis
711 2266 849 2352 potestas
863 2253 914 2332 sit,
952 2279 953 2282 ¹
980 2275 1035 2316 um
1045 2253 1136 2353 fuga-

83 2348 260 2428 ‘tumquet
308 2353 575 2427 rotatorem,qu1a
593 2363 626 2404 se
645 2363 679 2403 tn
699 2361 800 2404 acrem
817 2361 983 2426 nunquam
1003 2361 1135 2405 commi·

57 2427 195 2503 o‘serit,
211 2425 342 2490 unicum
361 2426 472 2492 haberi
491 2427 536 2490 im
560 2438 723 2491 aratorem.
770 2425 915 2491 Bruttios
935 2426 1135 2513 Apulosque,

60 2512 221 2600 7‘portim
250 2511 440 2577 Samnitium
462 2535 499 2577 ac
556 2535 729 2578 ucanorum
751 2512 902 2578 defecisse
925 2512 967 2576 ad
990 2513 1133 2577 Poenos:

83 2607 94 2638 ‘
105 2597 265 2699 Capuam,
289 2599 376 2687 quod
402 2611 508 2686 caput,
531 2623 597 2664 non
625 2597 820 2688 Campaniae
846 2598 952 2676 modo,
975 2598 1136 2750 wlff

82 2684 254 2750 ‘afflictam
268 2707 335 2750 rem
351 2684 531 2750 Romanam
545 2684 708 2750 Cannensi
722 2709 840 2773 pugna,
857 2685 966 2751 ltaliae
980 2686 1031 2763 sit,
1121 2721 1136 2734 ·

58 2780 94 2829 8⁴
105 2771 207 2836 nibali
222 2793 255 2836 se
271 2771 444 2836 tradidisse.
490 2771 555 2838 Pro
569 2771 619 2836 his
633 2773 728 2836 tantis
743 2784 854 2859 totque
865 2772 1013 2850 victoriis,
1025 2794 1135 2837 verum

83 2865 95 2897 ‘
104 2879 184 2935 esse,
199 2869 303 2946 grates
317 2856 387 2923 deis
407 2857 637 2923 immortalibus
698 2858 831 2923 'haberi
854 2859 916 2923 ue.’
960 2858 1015 2923 Ad
1036 2857 1134 2922 fidem
1193 2855 1242 2916 12.

82 2942 205 3010 deinde
216 2956 280 3009 tam
292 2944 446 3010 laetarum
461 2967 568 3009 rerum
582 2945 670 3010 effun
693 2945 748 3008 iin
759 2882 915 3010 vestibulo
930 2944 1035 3009 curiae
1045 2943 1136 3008 iussit
1145 2938 1289 3051 ssffilinffi

1145 3067 1180 3116 dii
1190 3081 1287 3116 mensu·

1144 3146 1205 3182 ram.

84 3209 181 3258 Cavete
199 3204 357 3270 irreligiosam
374 3205 550 3256 exultationem
569 3203 595 3252 in
660 3205 757 3266 4Duoe
767 3203 891 3262 occidisse]
904 3201 1137 3262 scommatum,

85 3273 160 3320 rebus
173 3271 461 3332 recundiaatqueexea
474 3268 547 3319 dellm
560 3269 596 3318 in·
628 3273 654 3316 et
665 3268 694 3316 1..
702 3267 844 3316 Aemilium.
872 3267 1015 3314 Eeduobm
1025 3269 1137 3316 mucium

86 3335 181 3384 curiam
192 3340 218 3382 et
229 3339 406 3397 contemptum.
424 3333 507 3383 Geor.
628 3333 741 3388 alinum,
753 3331 781 3378 P.
790 3328 932 3379 cornelium
944 3328 1093 3390 Scipionem,
1101 3333 1136 3379 ol·

124 3413 134 3446 1
151 3399 250 3448 tama
260 3401 361 3458 morra]
379 3397 474 3446 Vocem
484 3413 596 3447 coronam
629 3401 707 3446 mm
718 3394 748 3442 0.
756 3392 900 3441 Terentium
913 3391 1057 3442 Varronem.

85 3462 214 3526 glomerari
225 3461 307 3510 deberi
321 3461 459 3524 suspicatur
470 3462 521 3510 Iac.
533 3461 596 3510 Gro-
662 3470 675 3520 5
694 3459 762 3516 Quae
778 3457 913 3530 omuoloria
926 3459 1046 3518 potestas]
1064 3457 1135 3506 simi-

87 3543 144 3576 nor.
164 3531 190 3574 at
208 3526 372 3575 coniecturam
392 3527 473 3574 firmat
490 3541 522 3574 ex
541 3525 596 3572 loeo
629 3522 685 3569 liter
709 3536 775 3582 supr.
796 3535 828 3569 vr.
851 3531 889 3582 27.
916 3521 1026 3570 ramma
1049 3523 1136 3584 plebis,

87 3591 144 3638 iun.
155 3589 230 3666 rarii.
243 3603 281 3653 37.
297 3592 406 3639 coronati
422 3591 510 3640 laureo
523 3603 596 3652 proa-
628 3587 719 3648 qttt'ppe
740 3601 803 3649 quor
822 3591 936 3646 potestat.
959 3582 1014 3632 infr·
1033 3601 1093 3662 ¹¹3¹·
1115 3596 1135 3646 7.

88 3661 280 3766 ‘widemir
294 3719 413 3780 depom
424 3719 491 3778 eom]
522 3717 597 3765 Hunc
628 3649 823 3776 {affligam
832 3650 902 3761 iii-iil⁸
917 3650 1045 3699 omn
1062 3665 1137 3714 imp&

88 3796 182 3830 morem
202 3796 294 3840 omnes,
308 3780 350 3842 qui
365 3782 397 3829 ad
414 3781 540 3829 oraculum
558 3795 597 3828 oc-
667 3775 683 3826 6
706 3779 810 3827 Unicum
840 3777 925 3826 baberi
954 3777 1135 3840 imperotores]

88 3849 319 3904 cesserantservare
326 3846 456 3894 debebant.
479 3843 599 3892 Romania
632 3840 759 3890 Exindum
780 3845 805 3888 et
824 3841 986 3890 excellentem
1007 3841 1138 3904 imperato-

88 3908 189 3958 forsitan
207 3907 364 3956 insolentiam
382 3908 417 3956 rei
432 3907 534 3966 miratio,
552 3908 598 3956 Fa·
630 3919 682 3954 rem
698 3903 837 3954 existimari.
872 3904 912 3954 sic
928 3921 994 3967 supr.
1006 3906 1046 3957 vii.
1061 3923 1082 3956 r.
1098 3908 1138 3955 air

89 3972 144 4020 biua
160 3973 227 4020 imon
242 3972 359 4020 substitio
381 3987 439 4034 prae
455 3987 481 4019 re
497 3971 598 4030 ferebat,
630 3971 720 4018 coelom
730 3971 758 4017 in
768 3969 952 4028 omnifariam.
970 3971 1051 4020 cmv.

89 4037 156 4100 quod
167 4041 296 4084 coronatus
307 4037 408 4085 domum
418 4035 514 4083 rediret.
667 4043 680 4095 7
700 4035 799 4080 Partim
814 4035 972 4092 Samnitium]
1002 4033 1139 4094 Antiquom

122 4115 136 4162 3
155 4099 217 4149 Gom
227 4115 270 4149 oar
280 4100 478 4162 irnperoioribua]
500 4096 599 4146 Dixerit
631 4095 693 4144 illud
707 4097 800 4158 partim
813 4112 857 4158 pro
871 4103 968 4158 partera
979 4097 1086 4146 Gronov.
1098 4096 1139 4145 bio

89 4165 169 4214 verius
178 4171 269 4226 reptem
280 4163 373 4222 Livius,
384 4163 426 4211 sed
437 4163 476 4210 Ti.
486 4161 598 4224 Sempro·
631 4159 746 4219 restituit,
758 4165 783 4208 et
794 4161 848 4209 infr.
860 4161 926 4209 xxvi.
939 4159 978 4221 46.

89 4229 167 4287 nium,
176 4241 250 4288 quem
263 4226 389 4275 Hannibal
398 4228 429 4274 ed
438 4225 553 4274 Trebiam
566 4223 598 4272 vi·
664 4225 679 4271 8
702 4224 788 4272 Veram
799 4225 861 4284 ease]
880 4224 904 4272 h.
916 4239 937 4272 e.
950 4225 1063 4284 Aequum
1079 4239 1138 4272 aare.

89 4291 132 4351 cit,
143 4293 175 4340 de
190 4289 308 4340 industria
323 4290 479 4352 praeteritum
494 4305 554 4348 ease,
567 4304 598 4337 ex
632 4288 663 4337 cf.
673 4302 739 4350 supr.
750 4287 785 4336 111.
797 4301 835 4345 4ο.
852 4287 906 4337 Cic.
918 4303 962 4349 pro
973 4288 1070 4337 Muren.
1082 4299 1121 4348 35.

85 4356 149 4418 ipris
162 4353 225 4403 tivit
239 4354 316 4403 verbis
327 4352 484 4417 perspicuum
495 4359 538 4401 est.
