2874 4772
334 199 397 258 304
713 194 826 260 ΤΙΤΙ
857 194 990 262 LIVII

178 343 211 392 U.
223 345 253 394 ο.
270 361 323 408 54¹·
333 343 442 394 vectus
486 331 723 410 romoutorium‚
749 330 908 419 Emporiis
934 333 1011 396 urbe
1035 331 1158 396 Graeca
1180 333 1333 419 (oriundi
1352 353 1399 411 et:

175 409 207 457 A.
224 409 428 503 ⁰.·.²¹1·ipsia
449 353 596 482 llhocaca
617 417 706 501 sunt)
728 418 834 505 copias
848 419 1014 506 exposuit:
1039 419 1113 484 inde
1134 421 1228 506 sequi
1249 421 1382 486 navibus

176 471 290 600 {iffi
334 503 433 581 iussis,
450 502 663 569 Tarraconem
683 504 819 592 pedibus
837 505 1005 592 profectus,
1020 521 1213 571 conventum
1236 508 1379 572 omnium

175 601 249 652 niam.
333 591 489 654 sociorum
510 590 644 678 (etenim
667 591 839 678 legationes
863 591 904 656 ad
926 591 1040 656 famam
1065 593 1221 657 adventus
1247 595 1321 658 eius
1344 618 1380 658 er

333 677 421 740 omni
441 700 473 741 se
496 677 658 765 provincia
677 677 871 764 effuderant)
885 679 1004 743 habuit
1051 679 1157 744 Naves
1178 680 1225 744 ibi
1247 681 1379 745 subduci

333 761 430 841 iussit,
458 764 594 828 remissis
619 777 769 915 guattuor
796 765 976 830 triremibus
1006 765 1270 844 Massiliensium,
1302 791 1379 854 quae

332 849 427 914 officii
449 873 542 916 causa
561 852 600 917 ab
641 874 714 916 omo
733 866 916 939 prosecutae
934 853 1068 916 fiterant
1114 852 1290 940 Responsa
1309 853 1378 918 inde

331 935 540 1019 legationibus
560 939 718 1024 suspensis
732 938 881 1003 varietate
899 951 947 1003 tot
961 961 1088 1003 casuum
1104 939 1182 1004 dare
1202 942 1327 1028 coepit,
1342 941 1380 1004 its

332 1022 414 1088 elato
429 1025 468 1088 ab
489 1024 611 1110 ingenti
626 1025 776 1088 virtutum
792 1047 917 1090 suarum
933 1024 1050 1090 fiducia
1063 1026 1180 1102 auimo,
1197 1040 1237 1090 ut
1259 1027 1379 1091 nullum

331 1109 420 1174 ferox
434 1111 565 1176 verbum
580 1111 758 1187 excideret:
783 1112 958 1198 ingensque
973 1113 1129 1190 omnibus,
1144 1135 1232 1200 quae
1250 1114 1378 1190 diceret,

264 1248 272 1263 .
331 1220 432 1283 quum
443 1197 588 1262 maiestas
602 1198 728 1276 inesset,
741 1212 809 1262 tum
821 1198 908 1262 fides.
954 1198 1117 1263 Profectus
1131 1200 1172 1263 ab
1185 1199 1379 1276 Tarracone,

330 1295 363 1348 et
382 1284 523 1348 civitates
544 1284 700 1349 sociorum
719 1297 752 1348 et
768 1285 901 1350 hiberna
920 1285 1076 1350 exercitus
1095 1285 1193 1350 adiit:
1219 1286 1380 1352 cossauda-

331 1370 439 1458 vitque
462 1369 586 1448 milites,
603 1371 699 1457 quod,
715 1370 837 1436 duabus
857 1371 952 1436 tantis
972 1371 1113 1436 cladibus
1134 1372 1299 1460 deinceps
1319 1375 1379 1450 icti,

330 1458 523 1542 prounciam
543 1457 771 1522 obtinuissent:
802 1481 862 1522 nec
879 1458 1016 1522 finctum
1035 1459 1254 1524 secundarum
1279 1483 1380 1525 rerum

330 1543 446 1608 sentire
468 1543 574 1609 hostes
591 1545 682 1631 passi,
698 1544 785 1608 omui
806 1545 852 1608 cis
869 1543 997 1609 lberum
1017 1567 1093 1632 agro
1112 1567 1166 1609 eos
1191 1549 1379 1624 arcuiment

252 1647 259 1670 ’
330 1631 493 1716 sociosque
509 1652 582 1695 cum
596 1631 660 1695 fide
676 1631 768 1696 tutati
782 1645 894 1696 essent
940 1631 1097 1696 Marcium
1113 1654 1226 1696 secum
1243 1633 1380 1698 habebrn

330 1739 402 1778 cum
425 1728 513 1781 tanto
535 1716 665 1795 honore,
681 1732 717 1782 ut
737 1717 828 1782 facile
850 1731 1024 1804 appareret,
1040 1717 1120 1782 nihil
1143 1719 1270 1796 minus,
1288 1740 1398 1808 quanta

329 1803 438 1878 vereri,
451 1825 491 1866 ue
501 1803 573 1890 quis
584 1803 722 1868 obstaret
731 1803 849 1892 gloriae
860 1827 943 1868 suae.
992 1803 1149 1869 Successit
1159 1805 1242 1870 inde
1257 1806 1381 1871 Neroni

331 1887 465 1966 Silanus,
481 1890 562 1954 etin
580 1890 713 1956 hiberna
726 1892 801 1955 novi
818 1890 933 1956 milites
951 1890 1088 1956 deducti.
1136 1890 1264 1979 Scipio,
1282 1895 1382 1958 omni-

327 1977 396 2052 bus,
412 1999 492 2062 quae
508 1975 655 2041 adeunda
668 1978 853 2078 agendaque
868 1990 967 2055 eraut,
979 1992 1100 2042 mature
1114 1977 1215 2042 aditis
1228 1983 1382 2067 peractis·

328 2085 401 2150 que,
432 2062 643 2129 Tarraconem
679 2078 842 2130 concessit.
888 2063 999 2128 Nihilo
1035 2064 1139 2128 minor
1166 2065 1260 2131 fama
1300 2067 1381 2154 apud

329 2150 433 2214 hostes
450 2149 605 2238 Scipionis
627 2163 703 2228 erat,
719 2173 815 2236 quam
835 2151 920 2251 apud
941 2150 1025 2215 cives
1044 2151 1225 2238 sociosque,
1243 2167 1284 2218 et
1305 2155 1381 2218 diri·

328 2237 414 2301 natio
432 2237 588 2324 quaedam
602 2236 718 2313 futuri:
742 2259 807 2324 quo
821 2259 925 2301 minus
939 2237 1018 2302 ratio
1036 2237 1157 2302 timoris
1174 2238 1277 2303 reddi
1294 2257 1381 2328 potc-

327 2337 375 2388 rat
395 2324 497 2388 oborti
520 2337 648 2401 temere,
670 2324 819 2388 maiorem
843 2323 980 2388 infereus
1000 2337 1129 2388 metum.
1176 2323 1221 2388 In
1242 2325 1397 2396 hibernas

326 2409 441 2474 diversi
464 2425 700 2475 concesserant:
726 2410 907 2475 Hasdrubal
924 2409 1073 2497 Gisgonis
1087 2433 1189 2496 usque
1206 2411 1251 2476 ad
1278 2413 1380 2480 Ocea-

326 2516 405 2559 num
434 2509 467 2560 et
498 2496 621 2561 Gades:
656 2496 755 2584 Mago
780 2498 814 2560 in
843 2496 1080 2574 mediterranea,
1106 2497 1251 2562 maxime
1287 2523 1379 2588 supra

328 2579 591 2647 Castulonensem
606 2582 736 2647 saltum:
763 2583 943 2648 Hasdrubal
961 2582 1149 2648 Hamilcaris
1163 2583 1255 2649 filius
1271 2589 1379 2674 proxi-

327 2689 396 2731 mus
412 2665 505 2732 Ibero
519 2669 603 2732 circa
619 2668 796 2755 Saguntum
810 2669 994 2735 hibernavit

171 2785 293 2900 ¹3¹¹¹²¹⁹⁸n
327 2753 514 2905 nillil
529 2754 596 2906 epe,
610 2768 948 2919 iZ‘fimtlmi'elm
961 2755 1393 2912 ⁰⁸i⁰il0ii2⁶h⁸⁰³⁹hi¹

169 2865 251 2898 cassu
588 2865 610 2904 n
704 2866 761 2906 unt
832 2866 850 2908 c
911 2867 920 2906 1
977 2867 994 2908 e
1225 2868 1310 2911 aren

168 2914 313 2966 Tarentum.
325 2864 424 2993 neella
438 2929 479 2992 ad
501 2927 652 2992 arcendos
674 2943 867 2994 commeatus
888 2867 1035 3017 prl'esidti
1057 2928 1207 3008 Romani,
1225 2935 1324 3020 quod
1344 2937 1376 2998 in

324 3037 394 3080 arce
417 3013 591 3080 'larentina
612 3027 688 3092 erat,
707 3015 859 3081 claruerat
881 3016 1011 3103 quidem
1032 3039 1141 3082 omues
1160 3016 1203 3081 ad
1224 3041 1339 3084 arcem
1358 3044 1376 3084 a

324 3103 402 3167 mari
417 3102 520 3167 aditus
528 3126 538 3180 ;
561 3101 616 3167 sed
626 3101 792 3167 assidendo
802 3102 921 3167 diutius
935 3103 1081 3168 artiorem
1090 3125 1255 3168 annonam
1270 3109 1373 3184 sociis

324 3211 419 3276 quam
435 3189 527 3267 hosti,
539 3189 680 3254 faciebat.
726 3188 803 3254 Nou
818 3189 904 3254 enim
916 3203 1039 3254 tautum
1053 3190 1185 3276 subgehi
1199 3193 1375 3279 oppidanis

324 3298 382 3363 per
395 3290 506 3362 pacata
519 3275 611 3340 litora
624 3289 811 3364 apertosque
826 3290 936 3363 portus
973 3276 1107 3342 raesidio
1122 3277 1255 3342 navium
1272 3279 1374 3346 Puni·

323 3385 430 3427 carum
452 3375 584 3448 poterat,
600 3375 755 3449 quantum
769 3361 920 3428 frumenti
941 3299 1046 3428 classis
1067 3363 1135 3450 ipsa
1151 3363 1249 3429 turba
1267 3367 1370 3432 navali

357 3589 489 3650 70riandt'
499 3588 580 3649 stipsi
591 3587 742 3647 cPhccaec]
759 3585 827 3636 Huic
859 3587 885 3636 iu
896 3587 983 3650 quibus
993 3589 1024 3636 de
1035 3585 1145 3636 Massilia
1157 3587 1370 3653 scriptoregimst

323 3654 378 3701 loeo
388 3653 499 3700 nottrlam
510 3651 574 3700 hane
585 3650 699 3714 apposuit
709 3649 826 3700 Clericus
860 3653 941 3702 Casu.

323 3719 340 3743 “
350 3717 391 3764 Ita
405 3715 511 3778 loquitau
522 3715 615 3775 Livius,
625 3717 690 3778 quod
702 3715 826 3764 Gallicum
892 3715 907 3764 8
923 3717 997 3765 Nun
1012 3718 1102 3776 mium,
1119 3718 1204 3779 was]
1229 3717 1321 3766 Oratio
1337 3720 1369 3766 cl·

323 3780 401 3828 sinum
422 3794 558 3828 memorans
573 3779 700 3842 cogitasset
716 3780 747 3827 de
761 3780 827 3828 Mas
861 3779 954 3842 liptica,
975 3781 1180 3842 quemadmodum
1206 3782 1275 3830 utta
1300 3783 1371 3831 alind

323 3843 378 3892 silla
393 3843 444 3891 illic
460 3843 515 3903 sita,
525 3849 551 3891 et
566 3859 583 3890 a
598 3843 727 3902 Phocaeis,
740 3848 768 3891 ut
783 3859 825 3891 no-
858 3845 1091 3907 quameunque.

323 3913 376 3954 tum
391 3913 436 3966 est,
447 3907 506 3955 olim
517 3905 622 3956 condita
655 3908 826 3970 ltaquevoees
890 3911 1044 3972 pMclcma
1058 3909 1168 3970 inserena
1183 3911 1290 3969 utam]
1313 3911 1369 3960 &s

322 3971 369 4019 hae
379 3979 403 4020 et
412 3973 460 4032 ipn'
472 3969 552 4034 potius
563 3985 619 4018 cum
631 3970 775 4033 cogitatione
786 3971 826 4020 Li·
859 3971 915 4034 pius
924 3988 951 4021 eo
963 3973 1055 4021 omittit
1065 3971 1156 4030 livius,
1167 3979 1196 4020 ut
1205 3971 1233 4020 in
1244 3973 1296 4022 hoc
1306 3975 1368 4032 loca

323 4035 443 4097 vii,quau1
455 4049 512 4082 eum
520 4033 572 4082 eius
582 4033 691 4083 oratioue
702 4049 826 4084 connexae
859 4051 935 4097 quum
952 4035 1085 4098 particulae
1100 4051 1148 4099 quo
1159 4037 1313 4098 respondere
1329 4041 1368 4088 dc·

321 4102 403 4149 sunt”
436 4098 515 4147 Nobis
530 4097 636 4160 suspicio
652 4098 727 4147 oritur
742 4115 773 4148 ex
787 4115 826 4160 eo,
858 4100 922 4149 beat.

322 4165 388 4226 quod
407 4163 470 4211 infra
487 4161 579 4210 mentio
596 4161 624 4209 flt
640 4163 671 4211 de
689 4162 826 4212 triremibus
892 4179 903 4212 1
921 4166 977 4222 Qua
987 4170 1060 4227 capta
1069 4166 1116 4224 cat]
1139 4165 1194 4222 Quo
1204 4165 1263 4215 edd.
1275 4167 1367 4228 planes,

322 4226 512 4276 Massiliensium
520 4224 660 4299 Scipionem
668 4226 826 4275 officiioausa
857 4228 900 4276 sed
922 4228 1031 4276 Pariana.
1053 4243 1083 4276 ex
1108 4228 1202 4276 ratione
1223 4235 1366 4292 temporum

321 4291 353 4338 ab
364 4292 436 4338 domo
448 4294 588 4352 prosecuta,
597 4287 624 4336 in
637 4289 773 4338 narratione
783 4305 825 4338 na·
857 4307 907 4353 qua
917 4291 1069 4340 scribendum
1081 4292 1174 4354 probat.

323 4353 449 4414 rigationis
457 4352 509 4402 eius
518 4351 612 4414 aliquot
620 4351 738 4400 excidisse
746 4366 826 4412 voces,
862 4379 863 4382 =
