2944 4770
361 235 457 304 LIB.
482 235 610 304 xxvi
644 237 754 306 CAP.
778 245 830 306 46.
1054 245 1117 306 333

63 375 168 440 ferme
183 373 249 440 diei
262 387 347 440 erut:
371 394 405 441 et
418 375 460 442 ad
473 375 517 456 id,
529 377 618 465 quod
632 399 689 442 sus
703 392 815 466 sponte
831 375 964 444 cedente
980 378 1013 442 in
1030 401 1115 444 mure
1127 389 1160 440 U.
1172 390 1202 440 0,
1218 403 1272 454 54²·

62 475 156 528 aestu
177 461 361 528 trahebatur
381 485 473 551 sqnu,
489 486 561 530 seer
575 465 671 529 etiam
693 487 726 530 se
751 465 866 531 tentrio
881 476 969 530 ortus
983 455 1155 531 inclina-A·
1172 457 1201 504 ⁰·
1219 469 1272 502 ²¹⁰·

62 564 137 614 tum
151 563 300 636 stagnum
315 549 438 628 eodem,
449 573 515 637 quo
528 564 642 628 cestim,
657 551 722 616 fere
764 565 787 630 t,
800 565 833 617 et
847 551 927 617 adeo
941 552 1116 618 nudaverat

63 635 160 714 reda,
184 649 220 701 ut
241 636 317 701 alibi
339 637 490 703 umbilico
511 650 605 702 tenus
627 660 711 724 equa
732 652 824 715 esset,
842 638 917 704 alibi
939 661 1044 727 genua
1062 641 1115 703 vix

60 736 239 810 superaret.
286 722 369 801 Hoc,
384 746 461 788 cura
474 745 511 788 33
525 725 647 790 ratione
662 739 869 812 compertum,
885 726 919 790 in
933 725 1114 813 prodigium

59 833 101 874 33
129 809 208 875 deos
228 823 354 875 vertens
378 809 494 898 Scipio,
515 811 571 898 qui
594 810 636 876 ad
658 811 825 876 transitum
850 811 1004 876 Romanis
1028 835 1113 878 mare

60 909 239 974 verterent,
251 909 284 962 et
298 911 409 984 smgno
424 899 593 974 auferrent,
605 897 734 985 viasque
750 913 824 962 unte
840 921 1004 986 nunquam
1020 899 1113 963 initus

59 983 210 1048 humano
223 985 356 1070 vestigio
378 1007 397 1047 3
437 984 545 1062 rirent,
562 983 752 1071 Neptunum
773 985 902 1050 iubebat
923 985 1038 1050 ducem
1061 985 1113 1050 iti·

60 1070 152 1135 neris
167 1093 201 1134 se
224 1070 268 1147 ui,
283 1093 320 1135 33
334 1091 385 1134 ure
410 1071 441 1135 'o
454 1084 483 1135 st
547 1071 715 1137 oevsdere
731 1070 772 1136 ad
787 1071 920 1136 moenis.
960 1072 1014 1137 Ab
1029 1084 1112 1136 terra
1212 1115 1220 1130 ·

60 1158 181 1244 ingens
202 1093 298 1222 inber
325 1157 507 1222 succedenti
530 1181 567 1222 us
592 1171 675 1223 erat:
706 1179 767 1222 nec
792 1157 960 1223 altitudine
988 1171 1112 1223 tuntum

35 1244 231 1309 rmoenium
259 1244 524 1331 impediebantur,
550 1244 607 1310 sed
630 1244 718 1332 quod
747 1258 859 1309 euntes
888 1244 929 1309 sd
958 1245 1112 1332 ancipites

58 1331 228 1418 utrimque
242 1330 324 1395 ictus
338 1330 495 1396 subiecto·
517 1332 676 1396 habebunt
691 1330 872 1408 Romanum
899 1345 936 1396 ut
950 1331 1048 1396 latera
1062 1333 1111 1395 in-

57 1417 193 1483 13311333
217 1417 435 1495 subeuntibus,
459 1439 554 1504 quum
583 1417 715 1483 adverse
739 1441 777 1482 33
835 1440 879 1495 ru,
904 1431 1017 1483 esseut.
1064 1418 1111 1484 At

58 1517 155 1606 parte
179 1504 212 1567 in
235 1503 296 1568 3113
309 1505 492 1592 quingentis
506 1518 540 1569 et
554 1527 611 1592 per
625 1519 770 1592 stagnum
798 1505 885 1570 ocilis
903 1505 1061 1582 transitus,
1077 1519 1111 1570 et

59 1615 96 1655 m
112 1612 242 1655 murum
258 1613 403 1655 ascensus
417 1589 493 1654 inde
507 1591 576 1656 fuit
618 1591 704 1656 Nem
719 1613 824 1692 neque
839 1614 934 1679 opere
950 1592 1111 1656 emunitus

34 1691 142 1755 aeret,
159 1692 197 1742 ut
216 1677 272 1742 ubi
294 1677 304 1740 i
328 1677 392 1742 sius
414 1677 474 1742 loci
496 1701 533 1743 33
555 1677 657 1765 stagni
679 1678 837 1765 praesidio
858 1679 932 1743 estis
953 1678 1109 1744 creditum

58 1765 167 1841 foret3
198 1787 258 1828 neo
317 1764 347 1828 13
372 1776 563 1829 armatorum
589 1765 682 1830 statio
707 1777 762 1829 aut
787 1765 931 1830 custodia
956 1766 1108 1852 opposita,

58 1851 196 1916 intentis
222 1851 368 1915 omnibus
394 1850 476 1916 udo
518 1874 550 1915 m
572 1873 611 1916 eo
632 1851 806 1929 ferendam,
825 1851 911 1916 unde
932 1851 1108 1939 periculum

58 1937 298 2004 ostendebatur.
345 1937 411 2002 Ubi
433 1874 545 2002 urdeem
567 1938 635 2002 sine
657 1938 828 2002 certamine
851 1939 1017 2014 intravere,
1037 1960 1109 2024 per-

57 2037 145 2112 gunt
160 2024 247 2103 inde,
263 2037 383 2112 quanto
398 2024 537 2088 maximo
552 2047 645 2089 eursu
662 2037 819 2112 poterunt,
835 2023 877 2088 sd
890 2046 960 2089 eam
975 2037 1108 2112 portem,

57 2113 149 2177 ciros
174 2133 271 2198 quum
297 2133 392 2177 omne
417 2123 614 2176 contractum
640 2123 801 2175 certamen
827 2123 903 2174 eret
956 2109 996 2174 In
1022 2110 1109 2196 quod

57 2199 144 2264 adeo
167 2199 285 2263 intenti
308 2197 451 2263 omnium
474 2221 539 2262 non
563 2197 661 2262 enimi
685 2196 787 2262 solum
810 2197 909 2275 ibere,
931 2197 988 2262 sed
1013 2197 1109 2261 etism

57 2285 149 2351 oculi
173 2307 326 2372 auresque
351 2285 563 2373 pugnantium
585 2284 860 2372 spectantiumque
882 2297 917 2348 et
939 2283 1110 2348 adhortan-

57 2374 145 2438 tium
171 2385 358 2461 pugnantes,
381 2386 418 2436 ut
440 2393 535 2437 nemo
558 2384 632 2436 aute
656 2371 696 2436 ab
719 2384 809 2458 tergo
831 2370 964 2436 senserit
984 2383 1109 2457 captam

57 2460 186 2536 urbem,
202 2481 299 2546 quum
313 2458 378 2524 tels
391 2458 425 2522 in
440 2479 563 2524 aversos
584 2457 776 2535 inciderunt,
791 2469 825 2522 et
839 2457 999 2544 utrimque
1022 2457 1109 2522 snei-

57 2548 164 2635 pitem
179 2546 302 2610 hostem
316 2545 485 2610 habebunt.
518 2546 622 2622 Tunc,
636 2544 767 2610 turbetis
777 2543 994 2610 defensoribus
1008 2557 1106 2622 metu,
1116 2555 1185 2606 Urbs

57 2649 93 2699 et
119 2632 246 2698 moenia
267 2644 367 2720 capte,
390 2646 423 2697 et
445 2645 537 2719 ports
561 2632 647 2696 intus
672 2631 809 2718 forisque
836 2631 953 2718 pariter
977 2625 1196 2718 refringunt·

36 2744 120 2796 scoe
143 2733 193 2785 tu:
217 2733 251 2784 et
269 2741 344 2784 mox
363 2717 527 2784 caedendo
548 2718 725 2795 confractis,
743 2741 784 2782 ne
806 2718 868 2783 iter
889 2719 933 2782 im
975 2718 1106 2796 ditetur,

56 2743 192 2886 foribus,
217 2805 328 2870 armati
351 2806 507 2892 impetum
531 2805 682 2871 feceruut
729 2803 851 2892 Magus
876 2826 909 2869 m
944 2805 1048 2870 titudo
1074 2817 1108 2870 et

55 2916 170 2960 muros
191 2891 449 2970 transcendebut3
473 2892 529 2957 sed
544 2893 578 2956 hi
593 2893 709 2979 possim
727 2891 768 2955 ed
786 2891 917 2956 caedem
931 2891 1108 2978 oppidano·

55 3003 132 3046 rum
158 2980 249 3046 versi.
295 2978 363 3058 1113,
386 3001 469 3067 quse
494 2991 617 3066 portum
641 2979 780 3127 iqgressa
805 2989 881 3054 erat,
906 2979 988 3041 iusta
1012 2977 1105 3054 acies,

56 3091 136 3134 cum
159 3067 303 3143 ducibus,
323 3087 397 3130 cum
419 3065 593 3143 ordinibus,
616 3086 667 3128 rue
691 3065 722 3127 is
743 3063 821 3128 urbe
846 3062 1006 3127 inferum
1056 3085 1107 3127 ro-

35 3155 165 3221 messit.
217 3153 298 3219 Inde
324 3175 424 3239 quum
454 3151 578 3217 duobus
607 3151 774 3215 itineribus
802 3149 960 3236 fugientes
984 3085 1107 3214 viddret

56 3243 178 3319 hostes,
193 3239 271 3306 ulios
288 3239 329 3304 sd
344 3238 502 3305 tumulum
523 3239 559 3302 in
580 3238 734 3303 orientem
749 3258 884 3313 versum,
899 3235 955 3322 qui
978 3235 1107 3300 teneba-

57 3343 113 3395 tur
136 3328 386 3428 quingentorum
411 3325 547 3390 militum
576 3323 743 3412 praesidio,
766 3321 844 3387 elios
869 3323 903 3386 in
933 3343 1048 3399 arcem,
1071 3322 1107 3387 iu
1212 3377 1215 3386 .

56 3437 157 3504 quum
173 3427 206 3478 et
222 3437 290 3501 rpse
306 3412 405 3501 Mago
427 3435 502 3478 cum
523 3412 670 3477 omnibus
691 3410 757 3474 sere
779 3409 915 3487 armetis,
931 3409 988 3496 qui
1009 3410 1107 3473 muris

55 3502 143 3593 pulsi
158 3501 293 3580 fuerant,
308 3501 484 3588 refrigerem
507 3498 624 3588 partim
638 3497 800 3585 copiarum
821 3495 863 3561 sd
877 3495 1035 3560 tumulum
1050 3517 1108 3560 ex·

92 3707 103 3741 1
123 3691 174 3742 Sed
191 3691 256 3754 quod
272 3690 369 3750 333133]
396 3687 494 3739 otene
509 3687 567 3738 Gre-
600 3702 663 3749 quse
674 3685 902 3749 persimspeuituq
915 3685 1108 3746 consrinpnnmr

56 3757 117 3806 rior.
129 3757 171 3806 vel
186 3753 212 3803 in
229 3769 287 3804 roos
303 3760 387 3805 333133
401 3753 567 3802 1333131313-
594 3754 673 3812 soree,
686 3766 749 3813 quse
766 3748 885 3799 securium
905 3749 994 3798 ictibus
1009 3763 1108 3810 proteus

56 3820 328 3881 tere,relsdbobebont
336 3816 568 3880 subintelligendum
601 3815 768 3864 conciduntur.
788 3815 911 3863 Riscsrs.
1045 3837 1050 3846 ·

56 3901 111 3936 ese
129 3885 225 3934 moenio
244 3898 300 3932 oum
316 3882 441 3932 Gronorio
456 3879 565 3930 iudicet:
632 3878 990 3942 4Fbgientesciderstltorter]
1008 3876 1108 3939 Nempe

57 3951 100 4012 qui
112 3951 261 4060 mfnegqbsqt
274 3947 325 3996 1313
339 3945 567 4059 qnidflpposbuiqqp,
600 3943 718 4056 Scipioni
731 3945 807 4056 11qum
814 3957 888 4055 quffli
888 3940 965 4054 {dppse
970 3955 1108 4054 ffiffi

56 4029 164 4142 ffimeat
182 4017 567 4140 pmffinpgtpgnirflchqssopm
600 4023 633 4120 iiil
648 4022 802 4121 unimodum
819 4021 872 4120 tbto
890 4070 938 4118 hoc
955 4039 1106 4132 oepite'uus-

57 4141 231 4206 vocibusquod
239 4147 325 4191 eumer
332 4140 501 4203 reponendum
512 4152 568 4185 con·
601 4151 675 4198 quern
697 4135 817 4198 Scipionis
838 4135 987 4183 mentionem
1008 4135 1106 4207 fuomm

57 4207 118 4256 iicit.
601 4200 677 4250 Unde
691 4215 789 4250 neeesse
800 4199 884 4248 nnnot
898 4199 939 4246 hic
955 4212 1045 4246 nomen
1055 4210 1108 4244 erue

91 4286 106 4319 n
127 4273 163 4321 Ut
180 4270 223 4319 ubi
240 4271 318 4332 ipsius
334 4270 393 4329 loct]
420 4283 453 4318 se.
465 4265 569 4328 Quippe
601 4263 771 4326 exprimuniri
788 4263 846 4326 styli
861 4264 928 4312 color
940 4261 1038 4311 Liuium
1054 4261 1107 4306 sbt-

58 4336 110 4385 nhi.
601 4327 705 4378 tulisset.
722 4329 802 4376 cunr.

96 4399 284 4461 30onsrootis]
313 4399 472 4460 Resrtooitur
489 4401 571 4459 porto,
