2888 4768
332 205 395 264 214
720 197 831 264 ΤΙΤΙ
857 198 992 265 LIVIl

179 350 212 399 υ.
224 351 254 398 c,
270 351 325 412 5³8·
333 357 423 400 cusas
442 356 482 398 ex
500 332 564 399 alto
585 333 770 411 decnnere3
794 349 828 398 et
846 333 992 398 Romana
1011 333 1086 397 item
1109 329 1225 406 cluis,
1244 327 1376 414 vigim

177 416 208 464 A.
225 415 254 464 ⁰·
270 429 325 476 ”t
335 421 588 508 quinqueremes,
605 419 615 482 l
658 420 762 485 'onem
799 421 911 484 rimam
926 419 1076 484 Panormi
1090 438 1285 504 exposuere;
1307 436 1377 478 ver·

185 525 187 528 ·
334 530 467 594 sumque
482 507 521 571 ab
536 505 629 571 Italia
683 506 761 571 llum
776 444 871 592 lbdeo
887 520 1020 593 uterque
1034 503 1169 593 populus
1184 502 1220 566 in
1236 499 1377 566 Siciliam

334 594 490 679 intentus)
504 593 597 658 fuisse
612 593 711 658 videri
726 606 857 680 poterat
904 592 952 657 Le
976 593 1079 657 'onem
1096 591 1287 664 Romanam,
1297 610 1376 674 qnae

334 703 374 745 ex
398 680 476 744 osita
493 679 641 744 Panormi
656 693 732 756 erat,
748 681 929 744 venientem
947 616 1123 780 ilyricum,
1138 674 1278 765 praedae
1293 672 1376 738 haud

335 703 430 831 dubie
446 767 505 831 sibi
519 766 656 830 futuram
678 765 818 831 Himilco
833 781 928 844 ratus,
945 789 996 830 vra
1010 765 1174 853 decipitur.
1222 761 1377 826 Mediter-

334 876 430 918 raneo
444 875 582 939 namque
599 852 725 917 Poenus
745 853 856 918 itinere
871 853 984 927 duxit3
1007 852 1090 938 legio
1106 849 1274 915 maritimis
1294 846 1376 923 locis,

334 940 431 1006 classe
442 953 663 1028 prosequente,
676 939 716 1004 ad
732 942 794 1026 Ap.
808 939 990 1017 Claudiurn,
1004 938 1091 1004 Pach
1137 960 1190 1001 um
1203 958 1280 1001 cnm

334 1028 495 1114 copianrm
507 1027 630 1091 obviam
640 1049 849 1113 progressum,
904 1027 1013 1091 rvenit.
1061 960 1267 1090 nlddiunus
1309 1019 1377 1086 oeni

335 1113 411 1178 adS
450 1136 557 1178 acusas
568 1113 681 1177 morati
691 1125 773 1176 sunt.
812 1112 856 1177 Et
896 1113 1035 1190 omilcar,
1047 1110 1141 1176 simul
1151 1131 1266 1197 parum
1278 1108 1378 1172 fideus

335 1137 465 1264 naulis
480 1201 553 1277 suis,
568 1199 688 1287 duplici
702 1198 793 1264 facile
808 1222 940 1264 numero
956 1199 1085 1264 classem
1100 1196 1295 1262 habentibus
1316 1193 1396 1259 llo-2

335 1286 445 1364 manis,
461 1286 553 1350 simul
568 1286 675 1351 inutili
694 1309 782 1350 mora
796 1309 928 1350 cernens
950 1285 1030 1350 nihil
1045 1283 1132 1350 aliud
1146 1284 1186 1348 ab
1201 1281 1270 1347 suis
1285 1303 1379 1382 quam

335 1373 473 1461 inopiam
489 1373 648 1460 aggravari
660 1373 824 1450 sociorum,
837 1371 914 1437 velis
925 1373 959 1437 in
974 1372 1073 1438 altum
1084 1371 1176 1448 datis,
1188 1371 1224 1433 in
1237 1368 1379 1433 Africam

335 1461 522 1524 transmisit:
554 1473 586 1524 et
616 1458 766 1537 Himilco,
791 1473 916 1524 secutus
946 1459 1157 1547 nequicquam
1188 1455 1379 1520 Marcellum

338 1544 514 1633 Syracusas,
535 1547 651 1632 siqua,
671 1547 854 1633 priusquam
875 1547 1043 1611 maioribus
1061 1545 1159 1632 copiis
1181 1544 1378 1629 iungeretur,

335 1633 456 1696 occasio
490 1632 653 1719 pugnandi
682 1647 773 1710 esset,
804 1647 971 1719 postquam
1000 1656 1039 1696 ea
1074 1631 1163 1696 nulla
1191 1629 1378 1718 contigerat,

336 1732 503 1804 tutumque
525 1718 566 1782 ad
591 1718 758 1806 Syracusas
780 1739 813 1784 et
835 1719 1034 1784 munimento
1056 1733 1090 1782 et
1111 1716 1231 1781 viribus
1254 1715 1379 1782 hostem

335 1805 493 1881 centebat,
517 1827 558 1869 ne
581 1805 695 1870 frustm
718 1804 885 1870 assidendo
914 1804 1148 1892 spectandoque
1178 1802 1380 1867 obsidionem

334 1891 490 1956 sociorum
506 1905 630 1978 tempus
646 1905 770 1969 tereret,
786 1905 886 1958 castra
901 1893 974 1957 inde
989 1891 1102 1967 movit;
1126 1902 1171 1967 ut,
1184 1911 1379 1977 quocunque

334 1992 474 2044 vocasset
487 1978 672 2044 defectionis
687 1980 726 2043 ab
740 1979 892 2044 Romanis
906 2003 921 2044 s
944 2002 986 2055 es,
997 1978 1179 2042 admoveret
1189 1977 1379 2051 exercitum,

334 2089 370 2130 ac
386 2088 532 2151 praesens
547 2088 617 2130 suas
637 2087 686 2130 res
700 2065 879 2130 foventibus
939 2065 1029 2130 deret
1046 2064 1176 2128 animos
1223 2061 1381 2150 Murgan-

334 2153 410 2216 tiam
430 2153 577 2239 primum‚
593 2152 719 2238 prodito
733 2153 772 2218 ab
790 2153 864 2239 ipsis
884 2152 1039 2239 pracsidio
1061 2151 1217 2226 Romano,
1239 2150 1398 2237 recepit;t

335 2240 389 2304 ubi
405 2239 556 2304 frumenti
577 2261 690 2326 magna
707 2239 754 2302 vis
769 2251 1025 2326 commeatusque
1039 2237 1142 2302 omnis
1162 2235 1293 2324 generis
1308 2255 1399 2301 con-t

334 2327 417 2390 vecti
432 2339 522 2390 erant
538 2325 699 2402 Romanis.

225 2403 276 2468 37·
378 2411 433 2476 Ad
451 2413 533 2476 hanc
553 2412 764 2476 defectionem
784 2411 882 2476 erecti
901 2427 975 2476 sunt
997 2426 1031 2476 et
1047 2411 1178 2476 aliarum
1198 2409 1380 2475 civitatium

176 2489 450 2601 pgiquuranimi:
474 2497 693 2586 praesidiaque
715 2498 860 2564 Romana
877 2511 932 2563 aut
950 2497 1149 2586 pellebantur
1168 2496 1308 2574 arcibus
1329 2511 1381 2560 aut

176 2569 325 2666 milani?
333 2584 459 2670 prodita
473 2607 531 2671 per
544 2583 687 2649 fraudem
707 2585 974 2685 opprimebantur.
1020 2583 1148 2662 Henna,
1163 2582 1295 2648 excelso
1315 2582 1381 2649 loco

177 2686 229 2730 unt.
335 2693 371 2734 ac
386 2685 555 2757 praerupto
575 2670 717 2757 undique
737 2687 806 2748 srta,
822 2695 922 2772 quum
938 2671 1008 2736 loco
1022 2670 1282 2758 inexpugnabilis
1306 2683 1380 2746 erat,

178 2744 321 2846 riennes-.-
336 2769 403 2820 tum
425 2757 616 2842 praesidium
639 2757 672 2821 in
695 2781 765 2822 arce
785 2758 935 2835 vahdum,
950 2758 1207 2846 praefectumque
1253 2757 1380 2822 raesidii

176 2811 311 2924 :pppffimoh
335 2842 421 2908 haud
436 2866 509 2908 sane
525 2857 739 2930 opportunum
753 2845 974 2910 insidiantibus
987 2845 1132 2910 habebat
1178 2843 1217 2908 L
1261 2843 1397 2909 inan'ust

335 2943 402 2995 erat
415 2930 463 2995 vir
482 2953 562 3007 acer,
581 2942 614 2994 et
633 2931 689 3017 qui
703 2931 775 3017 plus
794 2932 828 2995 in
844 2955 892 3010 eo,
908 2955 948 2996 ne
971 2945 1076 3018 posset
1095 2930 1210 3018 decipi,
1226 2953 1330 3018 qnam
1349 2931 1380 2994 in

333 3017 398 3082 fide
430 3017 617 3094 Siculorum,
642 3031 829 3104 reponeret:
857 3032 890 3083 et
916 3032 983 3082 tum
1008 3017 1212 3083 intenderant
1238 3039 1319 3082 eum
1342 3016 1379 3081 ad

334 3104 466 3169 cavendi
478 3104 585 3170 omnia
596 3126 702 3169 curam
719 3117 765 3168 tot
777 3105 902 3170 auditae
913 3103 1108 3192 proditiones
1119 3103 1378 3190 defectionesque

335 3191 469 3268 urbium,
485 3205 518 3256 et
528 3190 633 3256 clades
647 3190 883 3277 praesidiorum.
928 3190 1041 3279 ltaque
1053 3206 1146 3256 nocte
1158 3191 1279 3278 dieque
1293 3191 1380 3254 iuxta

333 3293 442 3364 parata
463 3278 678 3366 instructaque
697 3276 803 3341 omnia
825 3277 975 3342 custodiis
992 3301 1028 3342 ac
1048 3277 1162 3364 vigiliis
1184 3291 1297 3342 erant:
1322 3300 1378 3341 nec

333 3365 372 3428 ab
387 3365 481 3428 armis
503 3376 556 3428 aut
570 3363 641 3428 loco
661 3386 718 3428 suo
734 3363 822 3428 miles
842 3363 1038 3429 abscedebat
1086 3363 1184 3440 Quod
1204 3365 1261 3428 ubi
1288 3363 1379 3429 Hen-

333 3451 479 3515 nensium
494 3451 661 3537 principes,
677 3451 740 3515 iam
753 3451 838 3537 pacti
853 3473 925 3515 cum
942 3449 1124 3516 Himilcone
1139 3449 1179 3514 de
1216 3449 1378 3516 roditione

333 3537 490 3624 praesidii,
499 3537 798 3614 animadverterunt,
808 3537 888 3602 nulli
896 3537 1052 3602 occasioni
1063 3536 1180 3602 fraudis
1192 3473 1379 3602 Romanum

333 3778 358 3818 et
375 3772 491 3820 minorem
508 3777 605 3832 portum
617 3771 750 3834 Syracusae
762 3772 835 3820 habe-
900 3789 915 3831 4
932 3772 1044 3821 Converti
1055 3779 1127 3822 eram
1135 3773 1266 3833 Romania]
1283 3772 1379 3836 Diapli

332 3835 400 3892 bant,
422 3835 486 3884 inter
506 3851 567 3896 quos
592 3836 678 3884 Insula
704 3837 750 3885 sita
776 3841 834 3887 erat.
868 3839 907 3883 oet
925 3835 1004 3884 Fabio
1020 3833 1048 3882 rb
1064 3836 1115 3895 nbi,
1131 3837 1173 3884 aad
1190 3835 1324 3887 Drakenb.
1340 3840 1378 3886 de

333 3899 440 3947 Srnorn.
869 3900 1018 3947 tendandum
1030 3899 1133 3959 videtur,
1142 3900 1236 3963 quippe
1246 3903 1317 3962 qnod
1331 3917 1378 3950 ma

366 3977 379 4009 a
391 3963 544 4011 Habemibua
551 3964 680 4022 Bouiania]
689 3961 781 4012 Classis
787 3965 836 4012 Ro·
868 3979 916 4026 gna
928 3963 962 4012 vis
975 3964 1100 4025 frumenti,
1111 3965 1153 4023 ibi,
1165 3980 1199 4013 sc.
1211 3965 1379 4029 Murgantiae,

333 4041 406 4074 mana
423 4032 521 4073 centum
540 4026 638 4074 navium
657 4027 730 4076 fuisse
749 4027 838 4076 (licitur
869 4027 974 4090 reposita
992 4034 1053 4087 crat,
1071 4029 1096 4077 in
1116 4044 1186 4077 nsum
1205 4028 1376 4079 Romanorum

333 4106 397 4153 supr.
406 4101 447 4152 27:
460 4105 534 4151 qnare
544 4089 643 4152 triginta
653 4091 837 4152 quinqueremes
869 4097 992 4139 convecta

332 4163 376 4203 aut
392 4169 447 4216 pars
463 4155 546 4202 classis
558 4155 685 4202 Romanae
702 4161 779 4214 erant,
792 4161 836 4205 aut
902 4171 915 4216 5
932 4157 1011 4203 Haud
1021 4192 1028 4204 .
1040 4193 1045 4203 .
1058 4193 1063 4204 .
1075 4165 1238 4220 opportunam
1256 4159 1376 4207 inuidiae·

332 4219 357 4266 in
368 4219 566 4280 supplementum
578 4217 629 4264 eius
640 4216 726 4266 missac
737 4225 800 4268 runt.
868 4221 942 4278 tibus]
962 4219 1013 4274 Qui
1029 4235 1053 4267 sc
1070 4236 1119 4269 non
1137 4221 1207 4270 facile
1223 4225 1376 4284 captandum

366 4284 434 4344 3Αό
453 4283 526 4343 ipsis]
552 4296 585 4328 sc.
597 4281 696 4330 Civibus
716 4282 789 4340 urbia,
808 4287 834 4331 ut
867 4283 993 4344 praeberet
1004 4283 1179 4334 insidiantibus
1212 4283 1254 4334 stc
1265 4301 1335 4349 supr.
1348 4287 1376 4334 n'.

333 4361 397 4406 supr.
410 4359 447 4407 35.
459 4347 598 4396 dedentibus
608 4347 674 4406 {pria
869 4361 905 4405 24.
918 4347 1077 4406 opportunae
1087 4351 1218 4412 eruptioni.
1234 4349 1321 4398 Cant.
