2888 4768
383 207 445 268 190
763 199 877 268 ΤΙΤΙ
904 198 1041 267 LIVII

222 349 256 399 U.
269 349 298 400 c.
315 351 370 413 53⁸·
380 346 390 376 ⁶
400 339 485 403 bona
495 337 632 423 fortique
650 359 747 425 opera
760 359 871 402 eorum
886 359 919 402 se
942 336 984 401 ad
998 359 1068 402 eam
1083 335 1168 400 diem
1182 356 1289 399 risum:
1310 355 1395 420 neque
1428 375 1429 384 ι

221 415 252 465 A.
268 415 298 464 ⁰·
315 429 370 475 ²¹⁴·
380 424 440 489 ‘ad
454 423 637 512 exemplum
648 424 723 489 iusti
738 423 846 488 militis
857 425 1029 510 quicquam
1044 423 1091 501 iis,
1102 436 1224 511 praeter
1234 421 1408 494 libertatemr

380 511 527 576 ‘deesse’
571 511 623 576 De
636 534 676 576 eo
689 511 877 598 permissum
892 512 952 598 ipsi
967 524 1044 586 erat,
1056 509 1182 587 faceret,
1194 507 1280 596 quod
1293 529 1309 571 e
1322 529 1396 593 repu-

221 601 349 676 crucum
378 597 462 663 blica
475 597 607 664 duceret
620 620 697 663 esse.
744 597 857 684 ltaque
871 599 968 685 prius,
984 619 1081 685 quam
1095 619 1169 662 cum
1189 596 1277 660 hoste
1291 617 1394 659 manum

219 667 357 778 {lum
379 699 567 762 consereret,
583 685 777 772 pronuntiat,
796 693 942 772 ‘tempus
955 685 1077 749 venisse
1093 685 1131 747 iis
1150 682 1308 758 libertatis,
1340 702 1396 744 mur

219 745 357 856 induitis
380 771 458 836 ‘diu
487 783 673 859 sperassent,
703 771 887 859 potiundae.
936 770 1068 836 Postero
1096 769 1149 835 die
1177 770 1275 857 siguis
1300 706 1396 832 stilletis

221 859 303 933 captu
315 859 369 908 ¹1⁰*
379 858 619 924 ‘dimicaturum
632 881 714 946 puro
732 881 769 922 ac
782 858 906 945 patenti
925 881 1047 944 campo,
1064 858 1118 922 ubi
1133 857 1200 921 sine
1216 855 1280 920 ullo
1293 854 1396 918 insidia·

219 927 356 1035 qqqnpetu-
379 955 468 1010 ‘rum
489 960 578 1011 metu
592 946 667 1009 iera
680 945 795 1009 virtute
810 943 878 1031 geri
898 966 947 1008 res
963 957 1076 1031 posset
1124 943 1192 1020 Qui
1211 956 1305 1030 caput
1321 941 1396 1006 hostis

305 1024 311 1037 ⁸
378 1032 563 1110 ‘retulisset
586 1055 660 1096 eum
685 1054 719 1096 se
741 1031 903 1119 extemplo
923 1031 1058 1096 liberum
1081 1031 1239 1096 iussurum
1260 1051 1336 1094 eme:
1355 1025 1395 1114 qui

378 1118 469 1184 ‘loco
491 1119 643 1196 cessisset,
666 1119 701 1181 in
722 1140 797 1182 eum
819 1117 923 1183 servili
946 1117 1101 1205 supplicio
1122 1116 1410 1182 animadversumn.2

378 1205 496 1270 ‘Suam
511 1206 628 1294 cuique
643 1205 803 1269 fortunam
819 1206 853 1268 in
868 1227 966 1270 manu
980 1227 1067 1268 csse:
1091 1204 1246 1268 libertatis
1264 1217 1396 1267 auctorem

379 1293 435 1357 ‘iis
450 1315 516 1356 non
530 1315 563 1357 sc
578 1291 644 1357 fore
660 1291 772 1368 solum,
788 1291 845 1356 sed
859 1290 1023 1356 consulem
1038 1289 1086 1355 M.
1100 1289 1291 1356 Marcellum
1304 1302 1332 1354 et
1344 1287 1397 1352 uni·

378 1388 505 1444 ‘versos
526 1378 654 1455 Patres3
678 1401 767 1464 quos,
783 1377 942 1443 consultos
964 1379 1004 1442 ab
1018 1400 1051 1442 se
1075 1378 1115 1442 de
1135 1377 1282 1442 libertate
1302 1397 1395 1448 eorum,

379 1467 456 1531 ‘sibi
466 1465 662 1553 permisisse.’
705 1461 1397 1530 Literasindeconsulisacsenatuscousulutn

376 1553 528 1617 recitavit
575 1551 632 1616 Ad
652 1575 734 1639 quae
756 1552 875 1616 clamor
896 1573 969 1615 cum
992 1551 1115 1639 ingenti
1136 1573 1268 1616 assensu
1287 1563 1330 1615 est
1343 1548 1397 1610 sub-

376 1638 468 1703 latus.
514 1637 661 1724 Puguam
680 1639 862 1725 poscebant,
878 1638 1068 1725 signumque
1089 1651 1126 1702 ut
1145 1637 1240 1703 daret
1256 1633 1397 1720 extemplo,

377 1725 523 1790 ferociter
544 1725 712 1789 instabant.
760 1723 934 1802 Gracchus,
957 1725 1079 1813 proelio
1100 1725 1135 1788 in
1156 1737 1316 1812 posterum
1333 1721 1397 1785 dien
1428 1757 1429 1770 κ

376 1811 591 1900 pronuntiato,
614 1813 801 1876 concionem
827 1812 956 1877 dimisit
1002 1811 1126 1876 Milites
1146 1811 1236 1890 laeti,
1258 1809 1396 1898 praecipue

378 1899 493 1985 quibus
508 1921 627 1963 merces
641 1911 772 1963 navatae
787 1899 822 1962 in
837 1921 938 1964 unum
952 1899 1039 1963 diem
1049 1920 1163 1986 operae
1178 1898 1307 1963 libertas
1318 1896 1398 1960 future
1428 1967 1429 1982 ἓ

310 2030 319 2048 .
378 1999 455 2064 erat,
465 1985 559 2050 armis
570 1984 779 2072 expediendis
788 1985 876 2071 quod
886 1985 1044 2072 reliquum
1056 1998 1258 2050 consumunt.
1295 1983 1411 2048 Postero

378 2072 441 2150 die,
456 2073 512 2136 ubi
529 2071 620 2159 signa
640 2087 814 2159 coeperunt
836 2095 958 2149 canere,
974 2072 1069 2159 primi
1090 2071 1236 2136 omnium
1258 2070 1348 2159 parati
1363 2067 1398 2130 iu·
1428 2109 1429 2128 t

378 2160 553 2247 structique
568 2159 610 2223 ad
623 2159 815 2245 praetorium
830 2158 1033 2224 conveniunt
1081 2156 1154 2223 Sole
1169 2170 1251 2236 orto,
1263 2153 1397 2222 Gracchus
1428 2161 1429 2228 l

378 2247 411 2311 in
427 2247 528 2312 aciem
547 2246 652 2333 copias
671 2244 796 2309 educit:
819 2267 879 2308 nec
894 2243 1000 2310 hostes
1019 2265 1140 2309 moram
1154 2243 1326 2310 dimicandi
1337 2242 1397 2306 leot·

378 2345 462 2398 runt.
508 2333 632 2397 Decem
647 2347 680 2396 et
700 2343 821 2418 septem
835 2331 935 2396 millia
956 2331 1100 2420 peditum
1115 2343 1215 2409 eruit,
1233 2331 1397 2396 maximae

376 2437 466 2506 parte
482 2417 600 2482 Bruttii
614 2441 651 2482 ac
666 2415 807 2483 Lucani:
831 2419 955 2504 equites
973 2418 1060 2483 mille
1074 2418 1206 2482 ducenti
1215 2442 1225 2495 ;
1251 2419 1329 2482 inter
1340 2431 1398 2501 quos

377 2505 471 2594 pauci
485 2504 660 2582 admodum
673 2503 787 2582 Italici,
803 2505 899 2569 ceteri
916 2503 1077 2569 Numidae
1092 2505 1157 2570 fere
1177 2527 1290 2569 omnes
1303 2499 1398 2569 Mauri·

377 2615 450 2679 que.
495 2590 679 2678 Pugnatum
703 2603 753 2656 est
777 2603 811 2655 et
835 2591 958 2669 acriter,
983 2605 1017 2656 et
1041 2591 1108 2656 diu.
1155 2591 1318 2667 Quattuor
1336 2585 1398 2652 hon

377 2689 492 2742 ncuuo
509 2676 661 2741 inclinata
675 2691 722 2742 est
741 2700 866 2765 pugna:
891 2701 951 2742 nec
966 2677 1028 2742 alia
1042 2678 1142 2765 magis
1160 2678 1339 2744 Romanum
1357 2675 1398 2737 im·

420 2763 528 2829 diebat
552 2785 612 2841 res,
634 2786 731 2850 quam
756 2764 861 2851 capita
881 2763 1021 2830 hostium
1069 2765 1148 2830 retia
1168 2764 1309 2830 libertati
1330 2761 1396 2826 neu

414 2873 465 2915 am
480 2851 666 2939 utquisque
681 2850 805 2916 hostem
827 2851 960 2940 impigre
975 2787 1145 2929 occiderat,
1160 2852 1301 2939 primum
1321 2847 1397 2934 capite

378 2960 470 3039 aegre
480 2937 564 3002 inter
572 2938 697 3003 turbam
706 2936 942 3024 tumultumque
952 2938 1145 3002 abscidendo
1156 2952 1284 3026 tempus
1292 2935 1410 3002 terebau

378 3023 505 3102 demde,
521 3036 674 3112 occupata
688 3023 801 3089 dextra
813 3024 954 3090 tenendo
968 3039 1073 3112 caput,
1089 3023 1278 3090 fortissimus
1292 3023 1397 3112 quisque

379 3122 537 3200 pugnator
554 3133 620 3175 esse
638 3110 791 3176 desierat:
822 3111 972 3198 segnibus
993 3135 1029 3176 ac
1045 3111 1164 3176 timidis
1182 3111 1299 3177 tradita
1317 3123 1398 3196 pugt1³

380 3211 455 3262 erat.
504 3197 601 3272 Quod
626 3197 682 3262 ubi
705 3197 824 3262 tribuni
851 3197 987 3262 militum
1016 3197 1163 3263 Graccho
1187 3199 1397 3263 nuntiavemnl

381 3284 777 3349 ‘neminemstantemiarn
786 3283 943 3348 vulnerari
952 3285 1268 3364 hostem,camificari
1277 3285 1397 3349 iacentes,
1428 3313 1429 3370 l

380 3379 435 3436 ‘et
447 3371 483 3434 in
494 3370 614 3435 dennis
628 3371 765 3436 militum
779 3393 838 3458 pro
852 3370 964 3458 gladiis
978 3372 1119 3436 humana
1131 3371 1236 3472 capita
1247 3369 1338 3437 essez’
1354 3365 1397 3448 sig·
1428 3373 1429 3456 l

379 3481 458 3524 num
473 3457 541 3522 dari
555 3479 613 3544 pro
654 3479 688 3522 re
703 3456 802 3536 iussit,
820 3457 1031 3545 ‘proiicercnt
1047 3459 1160 3546 capita,
1175 3458 1396 3538 mvadereutqut

380 3545 531 3609 ‘hostem
579 3542 607 3608 C
732 3545 807 3609 satis
835 3557 868 3608 et
892 3545 1050 3632 insignem
1075 3545 1225 3610 virtutem
1249 3567 1330 3610 esse:
1355 3555 1396 3602 nee

380 3631 530 3698 ‘dubiam
545 3630 722 3695 libertatem
741 3630 879 3696 futuram
895 3631 1031 3696 strenuis
1045 3631 1138 3696 viris’
1181 3631 1269 3696 Tum
1286 3629 1397 3695 redinth

379 3733 468 3806 mata
475 3739 584 3805 pugna
597 3731 653 3795 est,
666 3729 699 3781 et
709 3739 808 3804 eques
822 3719 918 3782 etiam
932 3716 1100 3784 inhostcm
1110 3719 1251 3784 emissus.
1299 3713 1396 3791 Qube

415 3984 424 4016 1
443 3971 485 4018 Ad
500 3971 636 4032 exemplum
648 3971 707 4017 iusti
722 3971 818 4029 militia]
851 3969 887 4018 Ut
919 3969 1074 4029 cruciatibus,
1085 3976 1111 4018 et
1120 3970 1174 4032 ipsa
1184 3985 1263 4020 cruce.
1280 3969 1371 4018 sumu.

380 4032 471 4082 similes
484 4034 558 4096 plane
571 4033 620 4082 sint
631 4048 687 4080 vero
703 4039 728 4081 et
744 4033 793 4080 suis
809 4032 886 4080 omni·
952 4037 1048 4095 gqrwd
1057 4035 1191 4098 reliquum]
1211 4034 1269 4084 Sub.
1276 4035 1395 4089 Dieiqfflffl

380 4099 426 4145 bus
447 4097 555 4145 numeris
576 4097 687 4145 absoluto
705 4095 786 4144 militi.
818 4099 886 4145 Iusto
919 4113 1003 4146 vocem
1016 4091 1394 4162 tocovoeisquodsuhutuerden

380 4164 460 4220 militi,
484 4161 689 4222 quemadmodum
717 4163 783 4209 iusto
809 4176 887 4218 orum,
920 4168 1002 4209 censet
1014 4161 1122 4211 Gronov.

380 4225 435 4274 infr.
447 4225 506 4273 xxii.
518 4223 556 4283 48.
578 4225 637 4272 iusti
653 4225 741 4282 omnir,
757 4238 823 4285 supr.
836 4222 851 4272 i.
864 4241 886 4284 4.
954 4225 1150 4288 4Absoidendo]
1181 4222 1394 4278 tonsurentur

379 4288 461 4337 Casu.
919 4290 1087 4349 abscindendo,
1095 4291 1126 4338 ab
1134 4292 1177 4340 aba
1185 4285 1395 4350 campenart

414 4365 426 4398 2
444 4353 533 4400 Seruili
542 4352 675 4413 neppliet'o]
688 4366 720 4400 sc.
730 4349 887 4410 Verberibus,
920 4351 991 4400 Crev.
1002 4359 1028 4400 et
1039 4353 1145 4402 Gronov.
