2874 4772
327 221 392 284 314
714 210 829 280 ΤΙΤΙ
857 209 995 280 LIVII

241 350 455 428 .54e.‘sulum
476 349 571 416 Italis
591 349 709 416 bellum
734 373 870 416 uacum
893 349 1074 417 Hannibale
1117 352 1264 418 rovincis
1281 365 1385 418 esset:

242 466 248 484 ·
264 444 319 482 ¹¹⁰·
329 447 340 478 ‘
347 437 428 505 elter
441 437 582 514 classem,
593 437 647 502 cui
662 436 702 502 Τ.
748 437 872 502 tacilius
882 437 1077 524 praeiirimet,
1089 374 1300 526 iiciliamque
1313 461 1390 525 pro-

329 524 484 590 ‘vinciam
499 545 572 589 cum
591 523 629 588 L
645 521 761 589 Cincio
776 536 921 610 praetore
936 525 1113 590 obtineret'
1158 524 1334 590 Exercitus
1349 523 1388 588 iis

328 612 393 677 duo
402 610 532 686 decreti,
544 609 602 697 qui
617 609 651 672 in
668 607 796 675 Etruria
809 609 979 697 Galliaque
991 623 1103 676 essent
1150 609 1219 675 Eae
1233 624 1389 697 qnatmor
1431 647 1432 664 .

328 709 420 764 erant
429 696 579 783 legiones.
626 695 776 761 Urbanas
788 695 871 760 duae
882 697 1052 784 superioris
1066 697 1141 762 anni
1152 696 1188 760 in
1204 696 1403 772 Etruriam;.=
1431 685 1432 758 ³

329 783 422 860 duae,
434 782 550 869 quibus
567 780 727 868 Sulpicius
741 781 852 846 consul
867 782 1060 868 praefuisset,
1072 783 1107 846 in
1124 783 1265 847 Galbam
1279 783 1387 847 mitte·

328 883 447 936 rentur.
495 867 619 933 Galliae
635 879 669 932 et
682 867 861 955 legionibus
867 882 1039 968 praeesset,
1073 892 1147 934 uem
1158 869 1385 946 consciscite

330 955 422 1056 ltalia
443 953 606 1041 provincia
626 965 717 1032 esset,
740 954 964 1056 praeiecrsset..
995 954 1036 1020 In
1090 955 1224 1057 trun-iam
1248 954 1291 1019 C.
1312 953 1386 1054 Cel-

190 1095 195 1104 ’
328 1052 1386 1228 pempffigpgpppefflfflmpg

328 1237 364 1280 1n
378 1236 497 1278 annum
510 1234 687 1300 imperium.
727 1211 896 1278 Exercitus
907 1235 1024 1278 c1v1um
1039 1235 1264 1302 soctommque
1280 1235 1385 1278 mmm

329 1301 441 1377 iussus,
457 1313 493 1364 ut
512 1321 555 1364 ex
574 1297 696 1363 duabus
718 1296 896 1386 legionibus
916 1321 981 1364 una
1000 1299 1093 1386 legio,
1115 1299 1264 1400 quinque
1285 1299 1386 1364 millis

328 1387 474 1474 peditum
496 1399 530 1450 et
551 1385 685 1450 trecenti
707 1385 831 1471 equites
853 1398 976 1462 essent3
999 1385 1144 1464 dionesie,
1163 1409 1223 1473 qm
1268 1385 1385 1450 lurima

328 1472 489 1560 stipendia
501 1471 675 1537 baberent:
699 1483 734 1534 et
752 1471 909 1536 sociorum
927 1485 1049 1560 septem
1069 1471 1169 1536 millia
1255 1473 1340 1536 'mm
1354 1485 1384 1536 et

329 1558 463 1624 trecenti
478 1557 603 1644 equites
613 1556 878 1656 relinquerentur,
890 1557 1003 1622 eadem
1014 1557 1136 1624 ratione
1147 1557 1189 1622 sti
1233 1557 1384 1622 ndierum
1433 1635 1434 1654 Χ

328 1644 438 1710 habita
451 1643 486 1706 in
499 1642 660 1708 veteribus
674 1642 827 1708 militibus
842 1642 1050 1709 dimittendis.
1097 1643 1160 1708 On.
1202 1643 1294 1708 ulvio
1308 1667 1384 1710 con·
1433 1659 1434 1662 ’

328 1728 389 1796 tuli
403 1728 574 1816 superioris
588 1728 674 1805 anni,
689 1750 750 1794 nec
765 1729 806 1794 de
826 1729 989 1816 provincia
1008 1729 1138 1816 Apulia,
1154 1752 1218 1794 nec
1232 1729 1276 1794 de
1292 1752 1383 1794 exer·

328 1815 404 1893 citu,
420 1837 518 1901 quem
532 1813 696 1892 habuerat,
711 1815 884 1902 quicquam
902 1826 1067 1880 mutatum.
1114 1814 1262 1880 Tantum
1276 1816 1314 1880 in
1329 1838 1382 1880 au·

328 1923 406 1968 num
424 1913 627 2000 prorogatum
648 1901 816 1988 imperium
838 1913 894 2000 cst
939 1901 976 1966 P.
992 1899 1151 2001 Sulpicius
1168 1900 1297 2001 collega
1316 1902 1382 1966 eim

327 1986 1381 2172 ..sudomirus

327 2161 383 2226 ubi
412 2159 523 2226 consul
551 2159 585 2224 iu
614 2161 809 2246 provinciam
838 2159 985 2236 venisset,
1016 2159 1133 2224 drmitti
1161 2159 1279 2224 iussus.
1343 2160 1379 2224 1.
1434 2177 1435 2188 ¹

330 2246 446 2312 Cincio
460 2246 598 2334 praetori
612 2245 654 2312 ad
668 2244 874 2330 obtinendam
897 2244 1036 2310 Siciliam
1054 2243 1243 2311 Cannenses
1264 2245 1380 2312 milites

327 2332 404 2411 dati,
416 2331 553 2397 duarum
567 2333 666 2396 instar
679 2330 850 2418 legionum.
897 2330 1047 2397 Totidem
1061 2330 1204 2418 legiones
1218 2331 1257 2396 in
1274 2331 1380 2398 Serdi-

217 2461 221 2472 ·
327 2419 414 2483 niam
434 2417 471 2483 P.
483 2417 607 2484 Manlio
624 2416 760 2484 Vulsoni
779 2417 917 2503 praetori
931 2417 1086 2494 decretae,
1103 2417 1220 2504 quibus
1242 2417 1283 2482 L.
1301 2417 1380 2484 Cer·

327 2504 430 2570 nelius
444 2504 480 2568 in
491 2505 604 2570 eedem
615 2503 777 2591 provincia
787 2504 891 2590 priore
903 2526 988 2568 anno
997 2503 1183 2590 praefuerat.
1231 2504 1380 2570 Urbanas

326 2589 469 2676 legiones
483 2590 530 2654 ita
548 2590 684 2654 scribere
702 2589 848 2654 consules
865 2591 952 2668 iussi,
966 2612 1008 2654 ne
1023 2612 1120 2676 quem
1139 2588 1278 2654 militem
1298 2592 1379 2656 face-

327 2688 409 2753 rent,
431 2676 489 2762 qui
513 2676 549 2740 in
574 2677 718 2740 exercitu
744 2675 792 2740 M.
812 2674 951 2753 Claudii,
974 2675 1022 2742 M.
1041 2675 1172 2752 Valerii,
1203 2675 1247 2752 Q.
1266 2676 1378 2754 Fulvii,

170 2775 291 2840 Lenones
326 2761 476 2839 fuissent3
500 2782 580 2826 neve
596 2783 636 2827 eo
650 2783 735 2827 anno
749 2762 865 2849 plures,
880 2785 978 2850 quam
989 2785 1054 2827 uua
1067 2774 1101 2827 et
1114 2761 1242 2849 viginti,
1260 2761 1397 2829 Roma-6

169 2857 209 2893 ²¹·
326 2869 386 2914 nae
402 2847 543 2934 legiones
558 2859 671 2912 essent

215 2944 267 3005 29.
370 2933 433 2999 His
446 2933 725 2999 senatusconsultis
780 2933 896 3012 riectis,
912 2934 1014 3000 sortiti
1051 2932 1207 2999 revincias
1221 2935 1378 3000 consedes

168 3027 290 3103 Marcello
328 3019 436 3086 Sicilia
448 3033 483 3085 et
496 3020 601 3086 classis
616 2957 781 3097 Marcellbe,
794 3018 888 3085 Italia
901 3043 975 3086 cum
990 2957 1074 3086 bello
1085 3019 1235 3085 adversus
1253 3019 1381 3087 Hanni-

168 3093 268 3204 gffifff
325 3107 430 3174 balem
445 3107 588 3173 Laevino
602 3106 718 3172 evenit.
767 3105 860 3180 Quae
875 3129 951 3184 sore,
967 3106 1055 3171 velut
1068 3106 1184 3171 itemm
1200 3107 1308 3194 captis
1324 3107 1380 3196 sy-

168 3217 307 3268 Siculorum
325 3194 452 3272 mensis,
468 3195 514 3259 ita
527 3193 721 3259 exanimavit
736 3191 868 3270 Siculos,
883 3192 1119 3280 exspectatione
1139 3193 1232 3258 sortis
1253 3195 1290 3258 in
1306 3217 1381 3260 con-

167 3283 304 3345 legaturum
325 3279 430 3346 sulum
445 3293 619 3367 conspectu
638 3291 768 3356 stantes,
784 3291 821 3344 ut
835 3278 1041 3367 comploratio
1061 3301 1171 3346 eorum
1190 3279 1379 3368 flebilesque

167 3347 303 3461 illl
325 3389 422 3518 us.
438 3364 1379 3518 ‘mumius
1435 3391 1436 3418 ψ

325 3562 399 3605 cum
413 3551 500 3604 veste
515 3474 651 3616 sordidi,
667 3538 867 3616 affirmames,
884 3547 938 3603 ‘se
957 3561 1023 3603 non
1043 3537 1139 3603 modo
1158 3561 1250 3602 suem
1267 3561 1379 3627 quem-

327 3633 410 3714 ‘que
424 3626 567 3714 patriam,
577 3625 634 3690 sed
649 3637 748 3690 totam
766 3624 915 3700 Siciliam,
925 3624 1099 3703 relicturos,
1111 3623 1137 3688 si
1148 3646 1188 3688 eo
1204 3623 1379 3691 Marcellus

327 3713 463 3778 ‘iterum
478 3734 553 3777 cum
568 3711 702 3799 imperio
716 3710 856 3776 redisset
903 3710 1004 3776 Nullo
1018 3733 1076 3778 suo
1088 3709 1200 3775 merito
1211 3733 1291 3775 eum
1307 3725 1379 3777 ante

326 3797 577 3886 ‘implacabilem
597 3798 632 3862 in
646 3820 680 3862 se
694 3797 807 3863 fuisse:
832 3797 911 3884 quid
931 3797 1056 3876 iratum,
1072 3794 1160 3884 quod
1181 3795 1325 3862 Romam
1340 3797 1378 3862 de

327 3892 379 3949 ‘se
394 3897 543 3984 questum
554 3884 677 3949 venisse
694 3883 817 3949 Siculos
828 3883 915 3961 sciat,
927 3883 1108 3948 iacturum?
1132 3881 1237 3948 Obrui
1249 3884 1377 3950 Aetnae

327 3969 484 4057 ‘ignibus
515 3982 571 4036 eut
599 3970 700 4058 mergi
722 3969 815 4049 freto,
838 3970 935 4036 satius
960 3969 1007 4034 illi
1030 3967 1153 4034 insulae
1178 3991 1257 4050 esse,
1276 3993 1376 4058 quam

358 4171 371 4220 ⁵
392 4157 507 4208 Urbem
518 4157 596 4216 duce]
616 4153 657 4204 Ex
672 4154 757 4205 multis
772 4155 833 4206 locis
865 4155 885 4206 sl
903 4155 940 4206 ita
955 4171 994 4206 rsa
1012 4161 1132 4219 posceret,
1145 4155 1264 4206 adrem
1283 4156 1376 4207 um

326 4221 389 4271 Iirii
401 4225 504 4278 constat,
514 4221 618 4282 leubus:
628 4221 737 4268 urtam
747 4221 779 4268 ad
794 4226 832 4269 tu-
865 4219 923 4270 duoi
933 4221 1017 4271 solitas
1027 4221 1108 4270 imese.
1126 4219 1197 4269 Dus.

325 4285 402 4334 telam
426 4283 493 4332 urbis
517 4282 597 4341 scribi,
619 4298 648 4332 ac
669 4283 759 4332 deinde
782 4284 833 4334 fere
898 4283 1059 4346 offatm]
1074 4282 1255 4346 sensimus
1266 4285 1377 4336 subet.

325 4349 402 4398 altero
416 4362 490 4406 anno,
505 4347 628 4396 interdum
646 4345 720 4395 etiam
738 4346 832 4406 eodem,
866 4349 947 4399 Casu.
1041 4410 1044 4419 .

1049 4569 1058 4746 l
