2888 4768
319 216 415 284 LIB.
438 217 568 284 XXIV.
605 217 716 286 CAP.
743 224 792 284 14.
1013 225 1076 286 189

36 365 141 443 ‘agna
155 355 234 433 eius,
248 355 274 420 si
292 365 393 422 casua
406 369 575 444 conspecta
589 379 608 420 a
623 356 764 422 Tarento
786 355 860 434 sint,
877 355 964 422 haud
980 355 1077 422 ullam
1088 375 1121 425 U.
1134 375 1164 426 c.
1180 375 1234 436 558.

36 443 291 508 ‘intercessuram
317 465 447 520 moram,
471 443 550 529 quin
572 445 645 509 urbs
670 444 814 509 dedatur.
860 442 901 508 In
923 442 1117 532 potestate&
1135 442 1235 498 01²¹*

36 529 212 594 ‘iuniorum
229 529 364 617 plebem,
380 529 415 593 in
436 553 534 594 manu
553 530 654 618 plebis
675 553 744 595 rem
764 530 972 595 Tarentinam
991 530 1078 597 ette’

35 614 194 680 Hannibal
209 615 402 682 collaudatos
416 639 479 694 eos,
490 631 697 704 oneratosque
712 617 896 704 ingentibus
906 617 1076 704 promissis,

33 701 160 766 domum
175 701 218 766 ad
240 715 352 790 coepta
371 702 557 768 maturanda
570 703 674 768 redire
696 704 802 768 iubet:
826 726 859 768 se
877 703 912 768 in
935 717 1077 790 tempore

34 789 203 852 affuturum
220 811 296 854 ease.
344 789 416 854 Hac
435 812 509 854 cum
531 812 586 876 spe
605 790 726 854 dimissi
744 789 921 854 Tarentini.
968 789 1078 877 Ipsum

34 874 142 960 ingens
167 875 285 963 cupido
311 876 481 941 incesserat
503 876 634 941 Tarenti
657 875 814 963 potiundi.
861 875 983 941 Urbem
1010 899 1077 942 esse

35 961 166 1039 videbat,
206 984 283 1027 uum
303 961 487 1050 opulentam
509 962 723 1050 nobilemque,
740 976 808 1027 tum
829 963 1030 1035 maritimam,
1046 976 1079 1027 et

36 1047 67 1111 in
86 984 312 1114 Macedoniam
332 1062 511 1136 opportune
525 1071 667 1114 versam:
698 1071 870 1136 regemque
891 1048 1078 1136 Philippum

36 1133 116 1198 hune
172 1149 268 1213 rtum,
280 1135 307 1198 si
322 1136 467 1201 transiret
482 1137 515 1200 in
531 1134 666 1213 Italiam,
701 1159 778 1200 uum
790 1135 998 1200 Brundisium
1011 1135 1079 1200 Ro-

36 1221 116 1284 mani
130 1157 294 1299 biberent,
310 1222 492 1309 petiturum.
540 1221 635 1288 Sacro
645 1159 720 1287 inde
734 1235 925 1310 perpetrato,
935 1222 977 1287 ad
991 1222 1078 1310 quod
1089 1236 1206 1284 Puteolos

36 1321 168 1385 venerat,
184 1320 229 1386 et,
244 1309 322 1372 dum
340 1309 385 1373 ibi
405 1322 553 1386 moratur,
568 1321 746 1460 gernestato
765 1331 840 1396 agro
861 1306 1008 1374 Cumano
1026 1301 1174 1372 us·frustra
1184 1305 1236 1348 ten-

37 1414 94 1477 que
109 1395 556 1496 adMiscnipromontorinm,
598 1395 718 1461 uteolos
733 1408 863 1483 repente
1086 1371 1131 1414 tat.

919 1419 992 1460 men
1002 1419 1078 1460 con-

36 1481 133 1558 vertit,
148 1482 189 1546 ad
199 1482 446 1569 opprrmendum
455 1483 646 1570 praesidium
662 1482 853 1548 Romanurn.
879 1419 966 1548 ¹¹bsx
980 1482 1079 1546 millia

37 1563 196 1632 hominum
219 1581 319 1646 erant,
338 1582 371 1633 et
392 1568 480 1634 locus
502 1569 700 1634 munimento
722 1592 861 1656 quoque,
880 1591 945 1633 non
967 1583 1079 1634 natura

38 1653 134 1730 modo,
151 1667 249 1720 tutus.
295 1655 453 1720 Triduum
469 1656 513 1720 ibi
525 1669 664 1720 moratus
678 1655 816 1732 Poenus,
833 1656 872 1721 ab
886 1656 975 1721 omni
989 1669 1078 1742 parte

39 1751 152 1806 tentato
169 1741 338 1829 praesidi0‚
354 1742 481 1820 deinde,
497 1756 535 1807 ut
549 1743 630 1807 nihil
651 1743 853 1831 procedebat,
868 1742 909 1807 ad
965 1741 1079 1829 pulan-

39 1823 108 1889 dum
124 1850 236 1915 agrum
252 1827 325 1894 Nea
366 1829 510 1906 litanum‚
522 1829 622 1916 magis
635 1828 683 1894 ira
697 1851 793 1915 quarn
808 1765 981 1917 potiundis
993 1829 1079 1893 urbis

39 1915 267 2000 speprooessit
348 1915 468 1982 dventu
483 1915 716 2003 eiusinpropin
741 1939 817 1980 uum
829 1938 940 2016 agrurn
953 1915 1110 1980 Nolanan
1123 1927 1228 1976 Nolana

40 2010 118 2063 mota
145 2015 194 2067 est
222 2001 322 2089 plebs,
349 2003 412 2068 iam
441 2002 497 2068 diu
523 2025 631 2068 aversa
659 2002 699 2066 ab
759 2025 881 2068 omanis
910 2015 944 2064 et
966 2001 1080 2066 infesta
1089 1997 1196 2041 vocatur.

39 2087 154 2152 senatui
175 2111 243 2154 suo,
289 2087 402 2176 Itaque
424 2089 520 2176 legati
546 2089 587 2154 ad
609 2087 830 2152 arcessendum
853 2086 1078 2165 Hannibalem,

40 2191 106 2235 cum
138 2173 227 2240 haud
260 2175 359 2240 dubio
392 2176 546 2262 promisso
580 2173 753 2239 tradendae
788 2173 883 2251 urbis,
913 2187 1079 2238 venerunt.

40 2253 204 2326 Praevenit
217 2261 382 2349 inceptum
397 2284 508 2326 eorum
524 2259 697 2326 Marcellus
716 2259 836 2337 consul,
852 2283 872 2324 a
891 2261 1080 2347 primoribus
1090 2277 1220 2328 Praevenit

40 2345 158 2414 accitus.
204 2347 271 2413 Die
294 2371 358 2412 uno
383 2346 562 2414 Suessulam
584 2371 604 2412 a
627 2346 769 2424 Calibus,
783 2369 884 2433 quum
900 2345 1080 2412 Vulturnus
1089 2359 1145 2392 Μ
1158 2344 1223 2391 Mar-

41 2432 134 2496 amnis
155 2434 365 2500 traiicientem
380 2449 520 2500 moratus
537 2449 628 2512 esset,
644 2432 860 2498 contenderat.
905 2430 987 2498 Inde
1007 2409 1174 2521 pro-celtus.

42 2515 121 2582 nima
140 2535 236 2588 nocte
256 2543 312 2586 sex
334 2520 434 2584 millia
521 2521 609 2599 tum,
625 2521 813 2607 equitesque
836 2533 1003 2597 trecentos,
1025 2521 1081 2606 qui

42 2606 189 2685 praesidio
197 2607 323 2674 senatui
337 2621 453 2685 essent,
498 2607 580 2672 olam
592 2607 781 2672 intromisit:
806 2619 849 2683 et,
859 2607 908 2671 uti
922 2629 942 2670 a
951 2606 1081 2671 consule

43 2691 141 2757 omnia
160 2695 297 2783 impigre
319 2693 401 2759 facta
422 2707 497 2759 sunt
517 2693 559 2759 ad
578 2692 871 2781 praeoccupandam
894 2692 1020 2772 Nolam,
1037 2693 1082 2758 ita

44 2770 196 2846 Hannibal
208 2795 335 2867 tempus
350 2780 471 2846 terebat
479 2804 488 2858 ;
511 2781 560 2845 bis
569 2781 632 2846 iam
647 2795 721 2844 ante
732 2781 946 2867 nequicquam
961 2792 1082 2845 tentata

43 2868 220 3015 ruffinior
234 2866 276 2932 ad
290 2865 487 2932 credendum
502 2866 638 2932 Nolanis
652 2867 761 2930 factus

98 2948 105 2962 '
143 2976 194 3018 em
211 2952 323 3019 diebus
340 2971 374 3018 et
390 2952 432 3027 Q„
450 2953 565 3019 Fabius
579 2951 690 3018 consul
704 2952 746 3016 ad
763 2951 939 3018 Casilinum
954 2965 1081 3017 tentan·
1140 2957 1188 3018 14.

42 3029 122 3113 (lum,
134 3039 223 3126 quod
237 3039 393 3128 praesidio
408 3039 533 3104 Punico
549 3040 725 3115 tenebatur,
740 3039 845 3115 venit3
869 3051 903 3104 et
919 3038 961 3103 ad
975 3037 1082 3103 Bene-
1090 3041 1229 3116 Hannonis!

43 3134 173 3204 ventum,
188 3127 279 3192 velut
293 3149 333 3191 ex
348 3127 531 3214 composito,
544 3139 632 3213 parte
648 3125 746 3190 altera
761 3124 880 3189 Hanno
895 3147 937 3188 ex
949 3123 1081 3189 Bruttiis
1089 3105 1230 3217 ssgffim

44 3225 110 3272 cum
121 3233 236 3302 magna
246 3213 390 3301 peditum
402 3213 611 3300 equitumque
623 3234 730 3288 manu,
742 3211 840 3276 alteru
851 3210 902 3274 Ti.
918 3209 1082 3276 Gracchus
1090 3233 1121 3280 an
1134 3233 1212 3281 Bene

45 3289 80 3356 ab
94 3293 228 3366 Luceria
236 3301 382 3366 accessit:
430 3300 463 3364 ui
501 3300 609 3364 rimoo
631 3298 742 3387 pidum
757 3297 894 3361 intravit:
940 3296 1080 3373 Deinde,
1090 3303 1198 3346 ventum.

45 3391 78 3442 ut
88 3378 279 3452 Hannonem
293 3387 353 3452 tria
367 3386 411 3450 mi
437 3387 466 3452 'a
475 3322 575 3450 lirmc
589 3321 631 3450 ab
644 3385 722 3449 urbe
731 3383 773 3448 ad
790 3381 939 3448 Calorem
948 3383 1081 3448 fluvium

45 3479 138 3534 castra
158 3474 310 3561 posuisse,
322 3487 356 3538 et
378 3473 454 3538 inde
480 3495 592 3560 agrum
613 3469 759 3559 populari
784 3469 915 3547 audivit,
940 3483 975 3535 ct
1003 3469 1081 3556 ipse,

46 3569 177 3645 egressus
191 3561 366 3638 moenibus,
382 3559 468 3624 mille
482 3561 581 3625 ferme
593 3580 702 3646 passus
716 3557 755 3621 ab
770 3557 859 3621 hoste
874 3569 975 3622 castra
988 3555 1081 3633 locat,

46 3635 145 3726 ubique
169 3647 355 3713 concionem
378 3645 515 3712 militum
545 3645 664 3710 habuit.
709 3643 869 3731 Legiones
898 3665 1013 3731 magna
1041 3665 1082 3708 en
1092 3661 1207 3712 volones

47 3739 126 3806 pane
140 3734 289 3799 volonum
306 3733 452 3811 habebat,
468 3733 524 3819 qui
539 3733 600 3796 iam
617 3731 750 3796 alterum
770 3752 891 3794 annum
905 3729 1082 3796 libertatem

49 3813 133 3880 tacite
148 3821 269 3898 mereri,
286 3843 382 3908 quam
443 3818 558 3884 stulare
573 3818 687 3906 palam,
703 3817 888 3883 maluerant.
935 3817 1083 3884 Senserat

48 3905 146 3992 tamen
163 3907 302 3974 hibernis
317 3929 390 3994 egre
414 3907 483 3971 iens
498 3928 640 3970 murmur
654 3905 688 3968 in
703 3905 829 3992 agmine
844 3927 910 3969 esse
927 3927 1083 3991 quaeren-

28 3991 130 4064 ttmm,
146 4001 206 4059 ‘en
227 4016 369 4081 unquam
384 3992 475 4058 liberi
497 3991 661 4057 militaturi
684 3992 826 4056 essentl’
855 3991 1082 4080 scripseratque

49 4079 171 4157 senatui,
185 4103 250 4147 non
266 4095 331 4146 tam
346 4079 425 4167 quid
440 4078 665 4156 desiderarent,
679 4101 774 4165 quam
787 4078 866 4166 quid
881 4079 1081 4144 meruissent:

78 4309 94 4357 9
107 4300 147 4349 Επ
157 4308 276 4382 unquam]
292 4305 467 4368 Nunquamne.
481 4303 545 4380 'En
578 4321 603 4355 κ.
614 4307 637 4354 8.
648 4309 674 4353 et
685 4303 739 4353 infr.
751 4320 809 4355 xxx.
822 4320 860 4354 rr.
877 4307 957 4355 Cant.

52 4361 126 4419 ‘¹¹¹1'st
144 4381 230 4428 patum
247 4376 385 4428 occurrunt,
401 4385 465 4431 supr.
479 4385 545 4431 nug.
