3002 4798
370 223 411 287 74
757 218 869 286 ΤΙΤΙ
896 219 1031 287 LIVII

206 365 241 417 U.
253 367 283 418 ο.
295 381 350 431 535·
414 355 578 422 Hannibal
591 379 633 422 ex
654 355 800 446 Hirpinis
819 359 855 423 in
876 357 1040 424 Samnium
1063 359 1190 423 bausit:
1215 357 1422 424 Beneventa-

205 431 236 482 A.
253 433 283 483 ⁰·
296 447 350 495 ²¹⁷·
369 465 448 508 num
469 443 680 531 depopulatur
779 467 829 510 m:
865 445 1023 510 Telesiam
1044 445 1155 509 urbem
1177 445 1279 532 capit:
1315 445 1421 510 irritat

260 499 309 560 13·
369 529 465 595 etiam
480 530 521 595 de
536 531 692 596 industrie
734 554 835 608 ucem,
851 532 877 596 si
897 530 977 596 forte
998 553 1164 597 accensum
1180 545 1228 596 tot
1241 532 1421 618 indignita-

369 617 454 682 tibus
468 617 673 704 cladibusque
688 619 845 682 sociorum
865 619 1029 683 detrahere
1045 618 1086 682 ad
1100 640 1239 704 aequum
1254 633 1420 683 certamen

207 710 335 760 Hannibal
370 704 476 790 possit
522 703 612 770 luter
633 704 869 770 multitudinem
896 704 1052 770 sociorum
1076 702 1177 770 Italici
1198 705 1333 791 generis,
1361 707 1419 792 qui

206 775 312 850 OQP*
316 839 346 888 tit
370 789 411 854 ad
437 791 658 856 Trasimenum
684 793 769 878 capti
794 792 834 856 ab
861 789 1042 856 Hannibale
1069 791 1253 890 dimissique
1278 791 1418 869 fuerant,

206 854 316 902 nnmpe
347 873 433 942 'tres
457 877 615 964 Campani
636 879 759 964 equites
781 892 881 954 erant,
897 877 1004 942 multis
1025 877 1088 942 iam
1112 891 1179 942 tum
1201 877 1299 942 illecti
1321 877 1419 942 donis

368 964 591 1052 promissisque
614 962 804 1030 Hannibalis
826 964 867 1028 ad
889 963 1102 1029 conciliandos
1123 962 1322 1064 popularium
1347 967 1420 1030 ani-

369 1073 446 1116 mos.
486 1049 531 1114 Hi
546 1051 738 1129 nuntiantes,
754 1051 779 1116 si
795 1051 829 1115 in
846 1049 927 1116 Cam
950 1051 1054 1115 aniam
1069 1065 1243 1116 exercitum
1257 1051 1420 1116 admovis-

369 1150 427 1214 set,
445 1136 576 1224 Capuae
591 1137 761 1224 potiendae
776 1138 899 1287 copiam
927 1159 991 1212 ore,
1007 1160 1106 1224 quum
1127 1160 1177 1202 res
1191 1137 1300 1214 maior,
1316 1161 1440 1225 quam2

369 1237 521 1301 auctores,
538 1238 629 1300 esset,
650 1224 784 1288 dubium
839 1223 1029 1298 annibalem,
1048 1223 1238 1310 alternisque
1259 1224 1419 1290 fidentem
1480 1279 1481 1290 ,

369 1332 406 1374 ac
428 1309 634 1388 diffidentem,
658 1323 774 1388 tamen,
797 1325 834 1375 ut
858 1309 1039 1397 Campanos
1060 1333 1101 1374 ex
1126 1309 1254 1376 Samnio
1279 1323 1418 1398 peteret,

369 1410 553 1472 moverunt;
577 1397 722 1474 monitos,
746 1409 782 1462 ut
801 1397 897 1462 etiam
917 1411 1012 1482 atque
1033 1397 1130 1462 etiam
1149 1397 1302 1498 promissa
1320 1399 1440 1466 rebuss

370 1484 568 1560 affimrarent,
584 1484 757 1569 iussosque,
770 1505 842 1548 cum
857 1483 999 1570 pluribus
1013 1496 1046 1548 et
1061 1483 1218 1569 aliquibus
1232 1483 1418 1571 principum

208 1575 319 1637 Imperat
370 1570 472 1634 redire
495 1569 536 1634 ad
557 1592 600 1645 se,
616 1569 743 1634 dimisit
790 1569 863 1658 lpse
884 1569 1019 1656 imperat
1039 1569 1125 1648 duci,
1141 1583 1178 1634 ut
1198 1593 1231 1634 se
1254 1569 1289 1632 in
1303 1595 1419 1658 agnnn

206 1639 339 1753 fflffimw
373 1652 555 1720 Casinatem
575 1656 688 1720 ducat:
712 1655 843 1722 edoctus
860 1679 879 1720 a
898 1657 1007 1743 peritis
1026 1657 1200 1743 regionum,
1216 1657 1331 1721 sicum
1356 1658 1421 1722 sal-

207 1769 289 1818 uuest
370 1754 438 1806 mm
453 1754 645 1829 occupasset,
661 1743 783 1808 exitum
804 1743 952 1808 Romano
971 1743 1012 1807 ad
1032 1765 1126 1830 opem
1146 1741 1310 1807 ferendam
1322 1745 1419 1809 sociis
1480 1723 1481 1808 l

369 1826 621 1893 interclusurum.
674 1828 738 1894 Sed
767 1829 925 1894 Punicum
954 1829 1125 1894 abhorrens
1153 1829 1193 1894 ab
1226 1827 1440 1902 Latinorum4

369 1915 534 1980 nominum
556 1914 742 2002 prolatione,
765 1938 823 2002 pro
847 1913 965 1980 Casino
989 1915 1165 1982 Casilinum
1184 1915 1251 1980 dux
1273 1929 1311 1981 ut
1331 1919 1419 1981 acci·

369 2015 469 2088 peret,
498 2001 591 2080 fecit3
629 2025 818 2088 aversusque
846 2002 885 2066 ab
907 2025 963 2068 suo
986 2003 1108 2080 itinere,
1138 2025 1195 2089 per
1224 2001 1416 2082 Allifanum,

371 2086 630 2177 Calatinumque,
649 2103 683 2154 et
706 2088 862 2154 Calenum
885 2112 1005 2175 agrum,
1022 2089 1055 2152 in
1077 2111 1225 2176 campum
1249 2088 1416 2156 Stellatem
1480 2109 1481 2152 r

370 2175 550 2241 descendit:
575 2176 631 2241 ubi
644 2199 745 2263 quum
766 2176 925 2241 montibus
945 2177 1190 2262 fluminibusque
1211 2175 1350 2240 clausam
1366 2199 1416 2241 re-

368 2262 496 2348 gionem
516 2263 798 2350 circumspexisset,
814 2276 960 2327 vocatum
980 2261 1095 2328 ducem
1109 2274 1342 2350 percunctatio,
1359 2265 1416 2328 ubi

205 2345 344 2422 emissum
370 2361 522 2414 terrarum
537 2351 640 2414 esset?
687 2349 797 2424 Quum
812 2349 839 2413 is
855 2347 989 2413 Casilini
1009 2372 1047 2414 eo
1067 2349 1120 2413 die
1140 2371 1323 2412 mansurum
1338 2371 1415 2414 eum

204 2411 341 2459 deduoma
368 2433 510 2512 dixisset,
526 2447 594 2498 tum
609 2435 738 2499 demum
758 2434 903 2534 cognitus
922 2447 971 2499 est
989 2457 1084 2512 error,
1100 2447 1134 2499 et
1150 2433 1303 2500 Casinum
1318 2434 1415 2522 longe

367 2519 443 2585 inde
458 2519 521 2585 alia
534 2520 661 2607 regione
677 2543 761 2585 esse:
786 2521 943 2670 virgisque
958 2544 1049 2586 caeso
1065 2522 1156 2599 duce,
1172 2521 1261 2586 etad
1275 2521 1416 2672 reliqqo·

367 2629 439 2674 rum
458 2620 608 2672 terrorem
630 2607 665 2671 in
686 2629 812 2672 crucem
834 2608 893 2671 sub
905 2619 966 2685 at0,
982 2609 1089 2674 castris
1111 2607 1323 2685 communitis,
1382 2633 1416 2674 a·

368 2691 528 2756 harbalem
555 2715 629 2758 cum
658 2693 817 2780 equitibus
839 2693 874 2757 in
895 2715 1006 2780 agrum
1029 2693 1197 2759 Falernum
1225 2695 1415 2780 praedatum

369 2777 496 2844 dimisit
543 2778 655 2866 Usque
678 2779 719 2844 sd
740 2803 838 2867 aquas
861 2779 1065 2846 Sinuessanas
1085 2781 1249 2868 populatio
1277 2803 1317 2848 ea
1341 2805 1437 2869 per-s

402 3027 562 3084 aQuomres
573 3027 741 3089 maior-,quom
756 3034 874 3086 auctores,
906 3025 971 3074 enim
994 3025 1118 3089 proprium
1141 3025 1228 3074 vitium
1250 3023 1367 3074 afrorum
1390 3026 1417 3075 in

369 3091 441 3148 earet]
461 3089 547 3146 Quum
566 3105 604 3137 res
619 3090 697 3138 maior
713 3097 784 3149 esset,
800 3105 874 3152 quam
907 3089 1104 3152 pronuntiatione
1124 3091 1305 3148 ιαὸάασίωω,
1324 3092 1347 3138 εἰ
1367 3107 1416 3152 pra

369 3158 523 3213 quantserat
537 3154 667 3203 auctoritas
678 3159 704 3202 et
714 3155 874 3216 potentieeo-
906 3169 957 3203 aaa
974 3157 996 3204 L
1014 3156 1062 3204 deo
1081 3157 1332 3217 pronuntiemur
1353 3157 1416 3216 Ajn'

900 3220 1019 3330 rra
1031 3216 1416 3343 <mi

400 3359 414 3406 3
431 3349 549 3407 Monitos,
567 3353 597 3396 ut
614 3349 687 3397 ettam
708 3353 781 3411 utque
801 3348 874 3396 etiam
906 3345 966 3394 titur
976 3347 1041 3396 enim
1053 3351 1078 3394 et
1089 3345 1213 3394 nonnullis
1228 3345 1334 3394 naturali
1348 3347 1416 3406 vitio,

364 3413 497 3472 promisso]
510 3412 589 3460 Recte
599 3417 684 3460 monet
692 3411 830 3460 Gronovius
840 3412 872 3459 le
906 3411 948 3458 ubi
968 3425 1065 3472 prorsus
1084 3425 1133 3459 non
1152 3414 1214 3460 est.”
1246 3411 1363 3460 ceterum
1385 3412 1417 3460 de

367 3475 474 3536 gendum
486 3475 575 3524 videri:
593 3479 739 3540 monitorque
754 3479 826 3524 etium
838 3482 873 3524 ct·
906 3479 959 3522 tota
974 3475 1021 3524 hac
1038 3490 1063 3524 re
1079 3475 1140 3523 nihil
1157 3490 1198 3537 ap.
1215 3475 1302 3536 Polyb.
1321 3481 1347 3523 et
1364 3477 1416 3538 Ap-

367 3541 671 3602 queetiamutpromiara.
689 3541 769 3588 Cnsv.
906 3538 971 3600 piari.
1005 3539 1122 3587 Carinum
1137 3553 1193 3586 vero
1211 3544 1248 3586 est
1263 3553 1322 3601 opp.
1336 3545 1416 3588 extre

400 3605 480 3664 4Sed
492 3605 629 3663 Punicum]
656 3603 682 3650 h.
696 3617 717 3650 e.
734 3602 873 3660 Puniamus,
905 3617 974 3650 mum
985 3603 1130 3651 Volscorum
1148 3608 1174 3651 et
1188 3602 1252 3650 Latii
1269 3604 1417 3664 septentrio-

369 3665 464 3714 Punica
489 3666 663 3728 pronuntiatio,
686 3667 818 3714 abhorreas
843 3669 873 3716 ab
905 3667 968 3715 nelis
984 3672 1050 3716 trans
1061 3667 1149 3724 Lirim
1167 3663 1205 3729 (h.
1216 3666 1416 3730 Casino)etCa-

367 3731 512 3779 Latinorum
533 3733 657 3779 minam
678 3721 873 3792 prolattoaa'ut
905 3732 1004 3779 minum
1024 3731 1049 3778 in
1068 3731 1205 3792 Campania
1227 3731 1416 3790 mediterranea,

367 3792 418 3841 fere
433 3809 474 3855 ap.
491 3793 544 3843 Cic.
562 3808 605 3854 pro
623 3793 696 3842 Arch.
711 3795 733 3842 8.
749 3795 874 3844 Cordubae
906 3795 948 3842 ubi
964 3811 1030 3844 nunc
1045 3794 1133 3858 Copae
1148 3810 1220 3853 nova,
1235 3795 1267 3842 ad
1284 3803 1416 3856 utramque

367 3858 434 3904 notia
447 3859 524 3919 poetis
538 3859 632 3920 pittone
644 3859 758 3920 quiddam
767 3859 874 3906 maurati-
906 3858 985 3920 ripam
1003 3859 1129 3919 Vulturni,
1144 3873 1189 3921 per
1205 3858 1312 3908 mediam
1328 3861 1415 3908 urbem

369 3921 413 3968 bur
423 3927 496 3984 atquae
507 3924 673 3984 pereffluam.
691 3921 747 3970 Srn.
781 3921 875 3970 Grcno
908 3921 1013 3972 fluentis.
1030 3924 1096 3972 Rur.
1309 3935 1314 3940 ’

369 3983 431 4042 vius,
447 3999 519 4045 quern
536 3984 613 4033 secuti
631 3991 687 4033 sunt
703 3985 778 4044 ctae,
795 3986 875 4046 Cres,
941 3991 1054 4050 5Aquos
1062 3989 1237 4048 Sinuessanos]
1251 3985 1335 4048 Prope
1344 3987 1416 4036 Siriu-

369 4045 447 4097 Dralr.
459 4057 485 4098 et
498 4047 603 4098 Beklrer.
621 4054 676 4111 pust
689 4050 821 4098 abhorrens
838 4049 873 4097 in·
906 4065 983 4098 ossam
999 4066 1077 4112 aquae
1088 4051 1154 4100 suere
1168 4052 1275 4100 celebres
1289 4053 1359 4113 apud
1373 4068 1415 4100 an-

368 4113 443 4160 seruit
454 4129 487 4172 ot,
498 4117 523 4161 et
534 4113 594 4161 baec
607 4111 713 4162 notavit:
729 4113 873 4161 “Punicum
905 4113 994 4176 tiquos,
1001 4121 1029 4162 ut
1037 4120 1140 4178 apparet
1148 4131 1179 4164 ex
1187 4115 1252 4164 Plin.
1261 4115 1338 4164 H.N.
1347 4117 1415 4166 xxxi.

368 4175 415 4224 hoc
429 4192 457 4225 os
470 4183 507 4225 est
522 4176 599 4238 ipsius
611 4175 759 4225 Hannibalis
768 4177 875 4226 iubentia
907 4192 929 4226 a.
941 4185 966 4226 et
977 4179 1036 4227 Tac.
1050 4181 1115 4226 Ano.
1126 4179 1169 4229 xii.
1181 4177 1219 4228 66.
1231 4184 1257 4228 et
1269 4179 1337 4228 Hist.
1349 4180 1366 4229 i.
1378 4191 1415 4240 γε.

368 4239 486 4289 Casinum
495 4240 560 4300 duci,
570 4255 672 4302 eamque
680 4255 765 4289 vocem
775 4242 810 4290 ita
820 4257 874 4303 pro-
908 4241 958 4290 Eas
968 4242 1060 4290 calidas
1070 4243 1144 4290 fuisse
1153 4244 1303 4291 demonstrat
1310 4243 1417 4302 Siliuaa

367 4303 504 4354 nuntiando
523 4304 649 4364 trahentis,
667 4310 694 4354 ut
713 4306 765 4354 dae
781 4304 874 4353 viamrn
908 4320 956 4364 quo
966 4305 1056 4354 dicitur
1064 4308 1181 4356 Sinuessa
1193 4315 1286 4370 tepens,
1298 4305 1348 4362 viii.
1360 4311 1416 4372 5²⁸·

368 4367 504 4434 Casilinum
531 4367 667 4432 nuncupari
693 4373 809 4433 putaret;
838 4374 875 4418 est
908 4369 987 4418 crat.
1074 4387 1085 4400 ·
