2874 4772
349 233 444 300 LIB.
469 233 615 301 XXVIL
649 235 760 302 CAP.
785 243 815 303 9.
1038 243 1098 307 351

50 371 172 438 consul
185 372 243 438 reli
267 373 334 438 uias
348 375 506 440 exercitus
520 374 664 440 Fulviani
678 398 739 440 con
762 375 870 440 uisitas
880 374 983 463 (fuere
994 389 1101 442 autem
1111 389 1146 440 U.
1157 390 1187 441 ο.
1202 403 1259 454 543·

50 459 100 523 ad
125 459 185 524 tria
209 396 308 524 millia
330 462 463 526 trecenti
488 462 617 548 triginta
644 460 716 548 sex)
794 461 975 528 Maximum
999 463 1100 528 filiurn
1109 454 1140 504 A.
1157 456 1259 530 ⁰·.²⁰⁹·

52 545 176 610 ducere
199 547 234 610 in
262 546 399 611 Siciliam
422 547 463 612 ad
491 547 539 612 M.
556 547 721 614 Valerium
746 549 966 635 proconsulem
992 519 1242 634 iussit:i1³1¹p3⁶5¹0⁰5¹1iffi⁵

53 645 156 720 atque
168 633 207 698 ab
222 656 260 698 eo
271 633 349 698 duas
359 633 500 722 legiones
511 647 544 699 et
555 635 684 722 triginta
694 635 938 722 quinqueremes
949 636 1099 723 accipere.

54 719 155 783 Nihil
169 719 227 784 bae
239 719 371 785 eductae
387 744 428 786 ex
442 720 546 785 insula
559 720 699 808 legiones
714 722 896 786 minuerunt
910 745 971 787 nec
984 723 1102 790 viribus

53 827 122 870 nec
137 806 240 893 specie
251 806 319 871 eius
332 807 511 894 provinciae
522 807 722 894 praesidinm.
761 807 965 896 Numquam,
977 823 1103 896 praeter

54 915 78 956 e
118 893 186 978 egie
202 893 361 980 suppletas
369 894 448 958 duas
462 909 583 959 veteres
598 894 747 982 legiones,
759 895 989 982 transfugarum
1006 897 1103 962 etiam

56 915 275 1044 blimidarum
301 981 445 1067 equitum
471 980 678 1068 peditumque
704 1003 850 1068 magnam
873 983 938 1046 vim
962 983 1101 1060 baberet,

59 1063 186 1130 Siculos
231 1090 347 1167 noque,
370 1068 426 1152 qui
449 1068 483 1132 in
506 1067 649 1133 exercitu
671 1067 823 1156 Epicydis
845 1079 899 1133 aut
921 1069 1103 1134 Poenorum

55 1152 195 1230 fuerant,
260 1153 294 1218 llr
321 1153 439 1252 peritos
467 1155 559 1231 viros,
583 1155 698 1220 milites
721 1155 851 1242 scripsit
898 1155 947 1220 Ea
971 1167 1103 1220 externa

56 1238 179 1303 auxilia
189 1261 288 1327 quum
303 1241 434 1327 singulis
450 1241 602 1306 Romanis
617 1241 793 1328 legionibus
808 1241 1011 1320 adiunxisset,
1023 1242 1103 1308 dno-

56 1348 134 1390 rum
151 1327 287 1412 speciem
302 1327 497 1393 exercituum
512 1327 664 1392 servavit:
689 1327 787 1394 altero
808 1328 846 1392 L.
862 1327 1103 1416 Cincinmpar·

59 1425 130 1478 tem
139 1412 269 1490 insulae,
280 1436 343 1500 qua
352 1437 485 1501 regnum
498 1413 647 1480 Hieronis
658 1414 769 1492 fuerat,
782 1415 862 1479 tueri
874 1415 980 1492 iussit3
1005 1415 1102 1480 altero

28 1500 74 1564 si
148 1513 284 1564 ceteram
301 1500 435 1564 insulam
458 1501 613 1577 tuebatur,
631 1500 764 1566 divisam
781 1501 942 1588 quondam
964 1501 1103 1568 Romani

96 1585 242 1673 unicique
260 1586 384 1674 imperii
404 1587 536 1664 finibus3
560 1587 656 1654 classe
679 1609 807 1675 quoque
827 1588 956 1654 navium
977 1602 1103 1675 septua-

58 1671 152 1758 ginta
165 1674 287 1759 partita,
303 1686 340 1738 ut
349 1675 436 1738 omni
451 1674 570 1740 ambitu
586 1673 712 1740 litorum
726 1674 881 1762 praesidia
895 1697 968 1740 orae
983 1677 1103 1742 mariti·

60 1781 134 1824 mae
149 1773 261 1825 essent
307 1759 380 1848 Ipse
398 1783 472 1826 cum
487 1759 623 1826 Mutinis
643 1761 787 1848 equitatu
800 1761 995 1861 provinciam
1013 1785 1103 1848 pera·

27 1879 47 1912 a
59 1845 181 1946 grabat,
198 1859 234 1910 ut
249 1847 362 1912 viseret
376 1869 475 1934 agros,
485 1847 632 1934 cultaque
647 1849 686 1912 ab
697 1847 824 1912 incultis
838 1860 972 1926 notaret,
984 1861 1017 1912 ct
1031 1871 1104 1935 per·

59 1931 139 1996 rude
156 1932 301 1998 dominos
319 1933 461 1998 laudaret
478 1935 714 2022 castigaretque.
760 1933 811 1998 Ita
832 1947 955 1999 tantum
972 1957 1011 2000 ea
1028 1957 1104 2000 cura

58 2018 212 2084 frumenti
226 2020 380 2106 provenit,
396 2032 479 2084 utet
494 2020 628 2085 Romam
645 2021 794 2097 mitteret,
810 2032 842 2084 ct
859 2022 1013 2086 Catanam
1026 2044 1103 2085 con·

60 2105 200 2184 veheret,
221 2106 307 2172 unde
327 2107 490 2184 exercitui,
511 2106 567 2193 qui
587 2107 628 2172 ad
646 2106 821 2172 Tarentum
839 2105 955 2172 aestiva
976 2119 1102 2172 acturus

59 2203 155 2269 esset,
170 2205 274 2279 posset
289 2193 441 2280 praeberi.
1104 2205 1106 2212 ’

109 2280 259 2344 Ceterum,
275 2279 474 2367 transportati
488 2278 603 2344 milites
617 2279 652 2343 in
674 2278 812 2344 Siciliam
826 2277 875 2368 (et
896 2291 987 2344 erant
1001 2279 1103 2345 maior
1170 2285 1198 2346 9.

59 2387 136 2455 pars
164 2365 271 2432 Latini
300 2366 438 2431 nominis
466 2364 701 2453 sociorumque)
728 2387 827 2452 prope
861 2366 969 2453 magni
997 2383 1102 2432 motus

59 2475 159 2518 causa
171 2453 274 2518 fuere:
298 2452 378 2518 adeo
393 2475 433 2517 ex
447 2452 550 2540 parvis
564 2473 658 2539 saepe
680 2474 712 2516 m
775 2475 865 2516 arum
879 2465 1041 2520 momenta
1054 2475 1104 2518 rc·

59 2561 135 2605 rum
191 2539 299 2604 ndcnt
346 2539 502 2604 Fremitus
522 2539 608 2603 enim
628 2539 712 2604 inter
763 2539 864 2604 atinos
883 2541 1046 2627 sociosque
1068 2541 1103 2605 iu
1113 2557 1237 2614 Querens

60 2626 154 2691 conc'
170 2625 206 2690 'is
231 2639 335 2692 ortus:
367 2625 557 2692 ‘Decimum
586 2647 704 2690 annum
730 2625 914 2704 delectibus,
939 2626 1103 2714 stipendiis
1112 2622 1231 2698 merorum

62 2711 255 2778 ‘exhaustos
276 2735 361 2778 esses
408 2712 555 2778 uotannis
575 2712 674 2777 ferme
696 2711 785 2778 clade
812 2735 927 2800 magna
950 2687 1231 2802 pugnare.ffoss'ffil

62 2797 176 2864 ‘Alios
190 2799 224 2864 in
238 2799 305 2864 acie
320 2735 431 2877 occidi,
443 2799 519 2866 alios
533 2800 643 2866 morbo
654 2799 791 2864 absumi:
816 2800 915 2887 magis
929 2801 1030 2900 perire
1043 2801 1103 2865 sibi

61 2894 75 2925 ‘
82 2885 196 2963 civem,
211 2885 267 2973 qui
282 2885 321 2950 ab
337 2885 482 2952 Romano
496 2886 586 2950 miles
600 2886 699 2952 lectus
714 2887 763 2963 sit,
779 2909 875 2986 quam
890 2909 946 2973 qur
960 2910 980 2950 a
993 2887 1103 2952 Poeno

61 2981 202 3058 ‘captus
251 2971 379 3059 Quippe
401 2975 441 3037 ab
461 2973 551 3038 hoste
572 2973 669 3058 gratis
690 2973 808 3038 remitti
830 2973 865 3036 in
888 2973 1039 3058 patriam3
1063 2972 1104 3036 ab

61 3059 239 3124 ‘Romanis
257 3072 347 3124 extra
364 3058 488 3123 Italiam
507 3058 542 3122 in
561 3057 706 3122 exsilium
722 3057 836 3135 verius,
851 3079 947 3144 quam
967 3057 1002 3120 in
1021 3057 1104 3121 mili·

61 3145 174 3222 ‘tiam,
189 3144 335 3233 ablegari.
382 3143 538 3210 Octavum
556 3143 618 3212 iam
637 3143 682 3209 ibi
701 3166 821 3208 annum
840 3165 1001 3210 senescere
1018 3144 1104 3208 Can·

60 3242 74 3273 ‘
85 3254 218 3297 nensem
251 3231 394 3308 militem,
423 3230 609 3294 moriturum
643 3241 726 3307 ante,
755 3251 852 3315 quarn
885 3227 979 3294 Italia
1006 3228 1105 3294 hostis

61 3318 221 3406 ‘(qnippe
235 3341 322 3383 nunc
336 3339 436 3405 quum
452 3316 589 3381 maxime
604 3315 720 3382 florens
733 3314 866 3467 viribus?
880 3315 1021 3381 excedat.
1070 3315 1104 3382 Si

60 3415 205 3470 ‘veteres
219 3404 334 3470 milites
344 3427 408 3470 non
423 3403 555 3468 redeant
564 3402 598 3466 in
609 3402 752 3490 patriam,
764 3401 839 3467 novi
861 3415 1004 3490 agantur,
1016 3404 1105 3469 brevi

60 3491 247 3558 ‘neminem
275 3491 517 3579 superfuturum.
574 3488 697 3577 Itaque,
726 3488 814 3577 quod
842 3489 1027 3578 propediem
1054 3512 1105 3554 res

61 3580 154 3666 ‘ipsa
181 3589 334 3666 negatura
362 3578 412 3656 sit,
441 3577 625 3666 priusquam
653 3575 694 3641 ad
729 3575 873 3642 ultimam
902 3576 1105 3642 solitudinem

61 3675 181 3752 ‘atque
203 3677 376 3752 egestatem
397 3664 590 3752 perveniant,
607 3662 790 3751 negandum
815 3661 933 3750 populo
958 3661 1105 3728 Romano

61 3763 161 3818 ‘essa
209 3751 243 3818 Si
258 3751 488 3818 consentientes
502 3751 537 3816 in
547 3750 608 3816 boc
621 3751 722 3816 socios
731 3749 860 3814 videant
875 3748 1023 3828 Romani,
1032 3772 1105 3837 pro-

61 3839 169 3905 ‘fecto
183 3838 224 3904 de
233 3861 310 3926 pace
322 3860 395 3904 cum
405 3837 718 3926 Carthaginiensibus
728 3835 890 3926 iungenda
900 3836 1102 3925 cogitaturos:

104 4022 114 4056 r
136 4009 249 4058 Dialeon
269 4009 402 4072 quondam]
437 4008 511 4056 Hanc
533 4006 567 4056 dt
600 4013 671 4058 cutus
679 4008 831 4058 esthklrar.
856 4007 1106 4071 Voculaspraproa,

60 4071 183 4122 visionem
204 4087 330 4134 nunquam
354 4073 436 4120 locum
457 4070 569 4120 habuisse
600 4071 1106 4136 etper,saepissimainrrss.permutu1i,

60 4141 149 4186 causet
165 4136 260 4186 Duker.
292 4137 341 4186 Sed
351 4135 457 4186 Crevier.
474 4141 571 4198 tempus
602 4151 677 4198 quum
688 4137 778 4186 librarii
789 4136 879 4198 pmm
890 4136 1042 4197 compendia,
1053 4135 1105 4196 qui-

60 4200 125 4250 bclli
145 4200 234 4250 Punici
252 4199 324 4263 primi
341 4201 441 4250 sommae
458 4214 474 4248 a
489 4205 570 4248 nostro
601 4201 647 4250 bus
662 4201 741 4250 notari
755 4201 873 4260 solebant,
883 4199 1044 4258 confuderint,
1055 4213 1105 4246 mo·

59 4264 154 4328 respici
164 4269 256 4314 mouet.
601 4271 645 4313 net
655 4264 781 4314 Drakaub.
806 4265 846 4313 De
857 4263 945 4312 rocula
952 4263 1063 4324 parim,
1074 4261 1104 4310 of.

97 4344 112 4378 a
129 4330 239 4380 Parsada
248 4331 365 4390 άωιιὸπω]
386 4329 494 4378 Proinde
508 4326 570 4378 Gro-
603 4328 736 4379 Ruhnken.
749 4329 840 4390 Opusc.
851 4342 876 4389 p.
889 4327 943 4387 748.

62 4393 153 4444 novius
168 4394 291 4455 emendat,
305 4409 378 4456 quem
394 4399 519 4442 auctorem
535 4407 569 4442 aa·
