2874 4772
343 217 439 286 LIB.
464 217 592 286 xxvi
626 218 736 285 CAP.
760 224 811 286 36.
1037 228 1097 288 321

59 353 101 420 In
122 354 216 444 q'uam
240 379 307 422 rcm
330 378 430 444 quum
455 379 559 444 neque
585 356 750 422 hominum
772 357 855 434 satis,
878 380 947 435 uec,
970 381 1010 423 ex
1036 378 1142 447 quau.
1154 379 1183 428 c.
1200 393 1253 442 5⁴²·

56 457 252 530 pararentur,
274 443 531 544 stipendiumque
551 443 739 530 acciperent,
754 444 908 530 pecuniae
928 445 1097 532 quicquam
1107 445 1137 493 Δ·
1150 445 1183 518 ,⁰·
1200 459 1254 493 ²¹0·

30 539 98 594 6eu
117 543 352 618 tempestatem
372 529 500 617 publico
517 543 609 607 esset,
624 531 793 596 edixerunt
810 530 963 608 consules,
979 545 1015 596 ut
1033 534 1095 619 pri·
1105 505 1221 621 {2¹5²ss

32 617 120 688 rvati
135 639 176 681 ex
190 639 288 682 censu
297 616 533 704 ordinibusque,
543 619 624 682 sicut
638 629 740 696 antea,
750 617 884 704 remiges
898 617 1010 682 darent
1023 641 1096 684 cum
1105 636 1234 698 remigibus

53 703 214 790 stipendio
228 703 414 790 cibariisque
429 703 552 767 dierum
603 703 610 717 '
634 703 709 768 inta
754 703 810 768 Ad
825 704 857 768 id
873 703 1011 770 edictum
1027 700 1199 770 Quande,

53 803 108 854 tus
122 790 265 856 fremitus
279 790 455 867 homiuum,
469 802 557 854 tants
576 788 609 854 in
634 789 641 803 '
689 789 752 854 atio
765 790 836 867 fuit,
852 803 888 854 ut
902 792 1000 877 magis
1017 793 1094 871 dux,
1141 835 1145 842 -

52 898 152 962 quam
163 877 303 954 materia,
312 876 460 941 seditioni
471 875 603 942 deesset
649 873 852 942 ‘Secundum
866 875 987 942 Siculos
1000 880 1095 944 Cam·
1104 895 1224 952 Quemne

53 970 236 1050 ‘panosque
261 963 386 1049 plebem
409 962 587 1028 Romanam
613 961 807 1050 perdendam
833 962 1094 1052 lacerandamque
1103 961 1201 1010 ΝΜ

51 1049 136 1114 ‘sibi
150 1049 294 1115 consules
311 1049 487 1136 sumpsisse.
532 1049 596 1114 Per
611 1061 658 1113 tot
676 1071 776 1114 annos
795 1049 913 1114 tributo
927 1051 1095 1118 exhaustos

50 1135 120 1200 ‘nil
148 1136 262 1224 reliqui
295 1149 420 1223 praeter
449 1149 563 1200 terram
597 1135 716 1200 nudam
744 1159 781 1201 ac
809 1150 938 1214 vastam,
967 1137 1092 1204 babere.

50 1222 177 1288 ‘Tecta
190 1223 296 1288 hostes
313 1222 499 1300 incendisse,
514 1243 618 1288 servos
632 1222 847 1310 agricultores
869 1245 935 1288 rem
958 1224 1092 1290 ublicam

50 1309 251 1386 ‘abduxisse
275 1332 361 1374 nunc
384 1309 426 1374 ad
450 1307 595 1374 militiam
620 1331 715 1396 parvo
738 1331 810 1375 aere
835 1246 981 1388 emendo,
1006 1334 1093 1378 nunc

50 1395 209 1483 ‘remiges
230 1395 423 1484 imperando.
463 1395 509 1461 .Si
553 1395 610 1460 uid
630 1395 683 1461 cui
704 1396 827 1482 argenti
849 1397 966 1462 aerisve
988 1397 1092 1477 fuerit,

48 1482 231 1570 ‘stipendio
259 1483 415 1570 remigum
441 1495 474 1546 et
503 1418 627 1548 tributis
649 1483 763 1547 annuis
788 1483 934 1548 ablatum.
982 1483 1033 1562 Se,
1057 1499 1094 1550 ut

49 1569 163 1646 ‘dent
174 1569 261 1658 quod
276 1592 342 1634 non
356 1569 502 1646 babeant,
511 1568 599 1634 nulls
608 1569 649 1647 vi,
659 1568 748 1634 nullo
762 1569 895 1671 imperio
906 1570 977 1658 cogi
991 1591 1091 1657 posse.

48 1655 165 1720 ‘Bona
177 1678 234 1722 sua
247 1655 439 1720 venderent:
463 1655 498 1719 in
511 1677 651 1744 corpora,
666 1679 748 1758 quae
762 1656 885 1757 reliqua
898 1669 1013 1735 essent,
1025 1680 1093 1724 sae·

48 1743 184 1807 ‘virent
231 1741 283 1808 Nc
306 1742 391 1808 unde
413 1741 608 1808 redimantur
652 1743 769 1821 uidem,
791 1766 962 1831 qmcquam
983 1767 1092 1832 super·

47 1829 158 1894 ‘esse’
201 1828 292 1895 Haec
311 1852 375 1894 non
396 1829 429 1893 in
450 1829 584 1906 occulto,
599 1765 656 1894 sed
674 1829 836 1930 propalam
853 1831 887 1894 in
907 1831 975 1896 soro
996 1845 1091 1920 atque

45 1915 151 1980 oculis
161 1917 299 2003 ipsorum
315 1915 479 1982 consulum
488 1916 600 2003 ingens
614 1917 893 1982 turbacucumfusi
902 1917 1089 1982 fremebant:

45 2025 112 2068 nec
126 2025 179 2090 eos
193 2003 302 2068 sedere
317 2001 470 2079 consules,
485 2025 571 2067 nunc
586 2002 777 2090 castigando,
789 2025 875 2068 nunc
889 2003 1090 2082 consolando,

45 2100 205 2177 poterant.
252 2089 396 2177 Spatium
404 2088 521 2152 deinde
531 2087 580 2154 bis
594 2088 692 2153 tridui
702 2112 736 2153 se
745 2089 820 2153 dare
835 2089 877 2154 ad
887 2089 1092 2176 cogitandum

44 2177 217 2241 dixerunt:
264 2199 307 2240 uo
328 2175 388 2262 ipsi
402 2174 443 2240 ad
464 2175 555 2239 rcm'
617 2175 774 2240 iciendum
796 2175 1090 2263 expediendumque

44 2264 101 2329 usi
123 2274 204 2328 sunt.
294 2275 405 2326 natum
433 2197 634 2348 poeoemmqpe
658 2261 838 2326 habuerunt
865 2261 906 2327 de
935 2263 1090 2350 remigum
1099 2275 1207 2326 Gonnus
1217 2294 1246 2326 ea

43 2349 293 2500 sqplplementoq
323 2348 378 2413 ubi
403 2369 503 2434 quum
530 2347 628 2413 mults
652 2347 880 2449 disseruissent,
907 2371 971 2501 chri
989 2340 1173 2436 aequarem.

43 2447 1089 2622 restruuntuuunuuuinsse

44 2619 146 2674 ‘eme
191 2609 277 2674 Nam
300 2609 396 2686 unde,
420 2629 519 2696 quum
545 2631 681 2695 pecuum
705 2609 740 2672 in
762 2610 881 2674 aerario
906 2633 971 2676 non
997 2623 1087 2688 esset,

17 2705 55 2760 8‘
66 2709 232 2784 parauuos
249 2695 375 2762 navales
396 2695 521 2760 socios?
545 2693 715 2770 Quomodo
729 2709 836 2762 autem
853 2697 921 2762 sine
941 2697 1089 2763 classibus

43 2792 124 2848 ‘aut
146 2781 285 2848 Siciliam
306 2782 452 2859 obtineri,
474 2795 529 2847 aut
550 2779 643 2848 Italia
663 2782 771 2870 Philip
794 2805 848 2847 um
869 2785 967 2848 arceri
986 2807 1086 2871 posse,

43 2879 126 2934 ‘aut
144 2881 212 2935 tute
226 2868 336 2935 Italiae
355 2869 448 2935 litora
461 2869 565 2934 esscl’
589 2867 699 2944 Quum
713 2869 749 2933 in
767 2807 827 2935 dac
841 2869 1023 2936 difficultate
1038 2895 1086 2935 re-
1144 2875 1195 2935 36.

43 2966 138 3022 ‘rum
153 2956 319 3021 consilium
328 2956 481 3034 haereret,
490 2977 527 3020 ac
537 2977 636 3056 prope
645 2969 752 3042 torpor
766 2956 896 3042 quidam
907 2972 1086 3042 occupasset
1097 2956 1198 3042 bamini

42 3042 212 3108 hominum
248 3055 379 3118 mentes,
415 3055 483 3106 tum
517 3040 676 3106 Laevmus
709 3041 830 3119 consul,
865 3041 1088 3128 ‘Magistratus
1096 3021 1216 3134 ,leffilfl

43 3140 55 3172 ‘
63 3130 200 3208 senatui,
215 3142 249 3194 et
267 3141 411 3194 senatum
425 3126 554 3214 populo,
568 3127 650 3192 sicut
666 3126 785 3192 honore
800 3139 968 3214 praestent,
984 3128 1028 3194 its
1047 3129 1087 3193 ad

42 3216 185 3294 ‘omnia
200 3239 282 3304 quae
296 3215 376 3278 dure
388 3226 484 3299 atque
500 3235 608 3300 aspero
620 3226 734 3291 essent,
749 3213 913 3278 subeunda
927 3213 1023 3279 duces
1032 3211 1088 3280 de-

41 3305 145 3368 ‘bere
159 3326 234 3368 esse.
282 3301 317 3367 Si
331 3299 411 3388 quid
425 3300 590 3387 iniungere
604 3299 743 3364 inferiori
757 3299 843 3377 velis,
858 3300 892 3364 id
906 3302 993 3388 prius
1007 3302 1040 3366 in
1057 3315 1087 3368 te

14 3401 53 3469 9‘
65 3411 107 3455 ac
129 3403 200 3455 tuos
220 3390 246 3455 si
269 3389 335 3476 ipse
358 3386 435 3451 iuris
455 3387 609 3464 statueris,
631 3385 752 3452 facibus
773 3409 882 3453 omnes
905 3388 1088 3454 obedientes

19 3475 193 3542 1‘hobeos.
239 3475 310 3540 Nec
330 3475 473 3574 impensa
488 3473 591 3560 gravis
605 3486 661 3551 est,
677 3496 776 3559 quum
793 3497 835 3538 ex
854 3475 976 3562 euplus
1013 3499 1086 3539 uam

43 3575 54 3605 ‘
92 3586 128 3629 ro
149 3562 231 3628 virili
252 3577 340 3650 parte
363 3562 424 3626 s1bi
445 3583 605 3648 quemque
631 3581 742 3647 capere
764 3561 943 3648 principum
964 3499 1083 3628 vident.

42 3662 53 3692 ‘
66 3587 183 3738 itaque
197 3649 309 3714 classes
323 3649 438 3713 habere
454 3661 548 3735 atque
568 3669 678 3713 ornare
692 3647 836 3712 volumus
850 3648 1002 3736 populum
1019 3649 1085 3714 Ro·

42 3749 53 3779 ‘
66 3737 222 3802 manum?
243 3735 380 3824 privatos
389 3735 456 3800 sine
467 3735 663 3800 recusatione
674 3734 808 3821 remiges
819 3734 915 3799 dure?
930 3736 1086 3800 nobismet

41 3823 143 3912 ‘ipsis
152 3822 289 3911 primum
300 3823 498 3910 imperemus.
537 3822 671 3900 Aurum,
681 3834 857 3909 argentum,
866 3843 919 3886 aes
929 3823 1085 3910 signatum

41 3921 160 3976 ‘omne
182 3923 341 3975 senatores
354 3908 491 3974 crastino
504 3907 557 3973 die
571 3909 607 3973 in
627 3908 789 3997 publicum
807 3909 1018 3975 conferamus:
1043 3911 1087 3976 ita

77 4125 143 4178 61η
151 4127 261 4190 puellm]
279 4141 312 4176 sc.
324 4123 430 4174 Aemrio.
447 4123 531 4173 Dona.
614 4127 727 4189 91urt's]
746 4126 861 4176 Hicnon
878 4129 943 4190 quod
961 4129 1085 4190 perleges

80 4203 93 4254 7
110 4192 276 4251 Mantua]
294 4189 325 4239 et.
337 4189 407 4252 Supr.
418 4187 484 4236 xxiv.
499 4201 535 4236 11.
583 4188 634 4236 fleri
649 4190 729 4250 debet,
743 4192 785 4238 red
796 4193 861 4254 quod
878 4191 956 4240 officio
972 4206 1028 4251 erga
1044 4205 1085 4251 pa·

78 4257 94 4303 8
110 4256 220 4305 Neocles
228 4256 315 4315 coeloe]
328 4253 392 4304 Socii
401 4251 498 4301 noveles
506 4251 553 4299 boe
585 4251 655 4301 trium
666 4254 788 4313 convenit,
797 4255 982 4328 intelligendum
994 4259 1037 4301 est.

42 4321 102 4369 loco
114 4325 172 4368 sunt
186 4319 296 4382 remiges,
306 4324 335 4368 ut
345 4333 376 4368 ex
388 4315 552 4380 praecedenti·
619 4331 628 4364 1
648 4319 737 4365 Gravis
746 4320 794 4378 cst]
807 4319 901 4369 Ceteris
908 4317 999 4366 civibus
1008 4315 1087 4377 maia

44 4385 301 4434 humanatum.
585 4379 773 4430 cateridebitur.

89 4467 164 4512 VOL.
181 4467 216 4512 11.
893 4461 915 4506 Y
