2866 4770
367 179 464 246 LIB.
489 178 603 246 XXX
634 181 745 248 CAP.
769 189 822 248 41.
1056 190 1120 250 543

78 317 157 382 titus.
202 317 255 382 De
282 317 454 404 provinciis
483 317 649 384 consulum
675 317 756 382 nihil
786 329 860 384 ante
889 317 1035 406 placebat
1059 320 1121 420 agi,
1134 337 1210 400 Hac.
1225 351 1280 400 5⁵0·

76 427 166 491 quam
195 403 225 469 le
268 405 292 468 ti
322 403 464 492 Philippi
497 405 579 491 regis
610 417 644 469 et
674 403 988 492 Carthaginiensium
1021 406 1123 472 auditi
1131 402 1162 452 A.
1179 404 1210 453 ⁰·
1226 417 1283 454 ²⁰²·

76 503 183 556 essent
260 489 312 554 elli
327 491 425 556 finem
440 489 581 567 alterius,
596 491 790 578 principium
807 491 936 557 alterius
951 493 1124 580 prospicie-

76 577 148 642 bant
164 576 287 644 animis.
321 575 383 642 Cn.
397 576 555 642 Lentulus
569 577 679 642 consul
694 600 734 642 cu
758 577 868 643 iditate
883 578 1036 666 flagrabat
1048 602 1123 667 pro·
1132 594 1284 648 Provinciae.

75 663 191 728 vinciae
207 663 357 739 Aiiicae3
385 685 441 728 seu
466 663 585 728 bellurn
607 663 697 741 foret,
721 601 845 730 lileilem
867 665 1043 744 victoriam,
1066 688 1123 734 seu

52 749 135 814 riam
155 749 309 827 finiretur,
325 749 408 814 finiti
430 750 511 814 tanti
533 749 609 815 belli
633 772 666 815 se
690 749 821 816 consule
845 750 978 838 gloriam
999 765 1121 840 petens.

76 835 200 936 Negare
226 835 334 922 itaque
358 837 446 923 prius
468 837 640 924 quicquam
667 837 717 923 agi
743 859 918 924 passurum,
942 861 1039 925 quam
1062 839 1123 904 sibi

75 921 183 988 Africa
202 922 332 988 decreta
350 936 443 999 esset,
459 922 657 990 concedente
678 922 810 1011 collega,
826 924 990 989 moderato
1004 925 1073 990 viro
1090 937 1124 990 et

75 1009 242 1096 prudenti3
265 1009 322 1096 qui
343 1008 462 1096 gloriae
485 1009 555 1074 eius
576 1023 738 1074 certamen
760 1033 834 1075 cum
857 1010 1017 1098 Scipione,
1032 1033 1124 1100 prae·

76 1109 216 1182 terquam
240 1095 329 1182 quod
354 1096 501 1183 iniquum
528 1113 619 1174 esset,
644 1096 741 1161 etiam
764 1097 867 1198 impar
889 1098 1032 1162 futurum
1055 1121 1124 1164 cer·

74 1182 175 1246 nebat
224 1180 266 1256 Q„
277 1181 446 1248 Minucius
461 1183 622 1247 Thermus
640 1195 674 1248 et
694 1183 751 1249 Μ’.
765 1183 891 1249 Aellius
908 1183 1051 1262 Glabrio,
1067 1184 1124 1249 tri·

74 1267 152 1334 buni
196 1267 285 1346 lehis,
309 1277 408 1347 ‘rem,
453 1269 535 1334 riore
560 1289 646 1334 anno
668 1271 883 1369 nequicquam
908 1284 1062 1336 tentatam
1083 1273 1124 1336 ab

75 1362 87 1393 ⁴
99 1354 147 1418 Ti.
170 1289 309 1420 blancio
339 1291 479 1432 consule,
512 1352 574 1420 Cn.
600 1354 789 1422 Comehum
821 1357 958 1422 tentare'
986 1357 1122 1422 aiebant.

74 1449 87 1482 ‘
100 1440 149 1505 Ex
163 1443 349 1506 auctoritate
364 1442 497 1506 Petrum
512 1441 612 1507 latum
631 1441 673 1505 ad
690 1442 844 1530 populum
859 1466 938 1520 esse,
954 1444 1045 1508 cuius
1057 1443 1125 1509 rel-

75 1526 163 1592 ‘lent
184 1527 354 1614 imperium
377 1528 411 1592 in
437 1527 548 1592 Afiioa
573 1550 649 1594 esse.
697 1527 820 1596 Omnes
842 1530 985 1617 quinque
1009 1543 1042 1595 et
1068 1531 1125 1594 tri·

76 1614 186 1701 ‘ginta
209 1614 309 1679 tribus
333 1614 369 1678 P.
385 1613 528 1701 Scipioni
551 1614 586 1678 id
609 1614 780 1702 imperium
802 1616 968 1682 decresse.’
1010 1615 1124 1682 Multis

74 1700 341 1778 contentionibus,
360 1712 394 1766 et
413 1700 448 1765 in
470 1714 581 1766 senatu
604 1700 699 1766 etad
718 1702 884 1790 populum,
904 1716 974 1768 acta
995 1725 1045 1768 res
1066 1725 1124 1790 po-

74 1800 191 1852 stremo
216 1809 255 1852 eo
277 1786 417 1852 deducta
442 1800 498 1864 est,
525 1801 562 1852 ut
588 1787 712 1852 senatui
737 1789 967 1875 permitterent.
1014 1788 1124 1853 Patres

74 1872 174 1959 igitur
187 1873 281 1938 iurati
295 1873 357 1958 (ita
370 1873 457 1938 enim
475 1872 681 1958 convenerat)
696 1887 897 1951 censuerunt,
914 1875 962 1940 uti
979 1875 1125 1939 eonsules

74 1959 251 2047 provincias
266 1960 350 2025 inter
363 1982 397 2023 se
412 1973 641 2047 compararent,
654 1960 888 2037 sortirenturve,
901 1973 973 2025 uter
987 1959 1124 2038 Italiam,

74 2057 147 2112 uter
172 2046 302 2112 classem
328 2045 457 2111 navium
484 2046 717 2134 quinquaginta
742 2046 881 2112 haberet
929 2045 994 2112 Cui
1019 2047 1125 2114 classis

74 2131 264 2210 obvenisset,
280 2131 475 2198 inSiciliam
494 2133 676 2220 navigaretr
700 2133 727 2197 si
746 2155 811 2221 pax
831 2156 903 2198 cum
922 2132 1125 2221 Carthagini·

74 2218 205 2285 ensibus
225 2219 373 2306 componi
390 2219 564 2306 nequisset,
580 2219 614 2284 in
631 2218 773 2284 Africam
788 2219 954 2284 traiiceret.
1002 2220 1125 2285 Consul

72 2305 167 2382 mari,
195 2304 302 2392 Scipio
328 2305 453 2383 eodem,
477 2328 543 2392 quo
566 2305 681 2383 adhuc,
706 2306 774 2371 iure
801 2305 926 2392 imperii
950 2319 1033 2371 terra
1057 2329 1125 2372 rem

72 2404 208 2480 gereret
257 2391 291 2456 si
312 2392 512 2457 conditiones
535 2391 742 2457 convenirent
764 2391 860 2480 pacis,
882 2392 1001 2457 tribuni
1024 2393 1126 2480 plebis

72 2477 231 2579 populum
260 2492 418 2566 rogarent,
448 2490 556 2543 utrum
589 2478 762 2556 consulem,
793 2501 835 2543 an
868 2477 905 2542 P.
933 2477 1125 2566 Scipionem,

72 2565 224 2630 1uberent
244 2587 355 2651 pacem
376 2564 472 2641 dare;
496 2577 529 2630 et
551 2586 658 2651 quem,
679 2565 706 2630 si
729 2564 945 2653 deportandus
969 2565 1127 2631 exercitus

71 2651 242 2716 victores
258 2651 368 2716 Africa
391 2664 483 2729 esset,
508 2651 549 2716 de
593 2663 683 2718 rtare.
732 2651 765 2718 Si
788 2673 900 2740 pacem
923 2674 982 2740 per
1003 2651 1039 2716 P.
1059 2650 1127 2718 Sci·

72 2737 206 2826 pionem
226 2736 303 2815 dari,
322 2750 419 2825 atque
443 2739 482 2822 ab
506 2675 620 2803 eodlim
644 2739 818 2804 exereitum
839 2739 1000 2838 deportari
1020 2738 1128 2804 iumin-

71 2835 159 2902 sent,
186 2845 227 2888 ne
256 2822 366 2889 consul
392 2847 434 2889 ex
462 2822 570 2889 Sicilia
594 2824 630 2888 in
653 2825 795 2890 Aliicam
821 2825 988 2889 traiiceret.
1034 2825 1128 2890 Alter

70 2909 198 2986 consul,
213 2909 266 2973 cui
280 2909 374 2975 Italia
388 2911 554 2984 evenisset,
566 2909 646 2973 duas
659 2908 801 2994 legiones
815 2930 836 2972 a
850 2907 898 2974 Μ.
911 2909 1021 2974 Sextio
1035 2933 1127 2998 prae·

70 3008 147 3061 tore
162 2994 327 3082 acciperet.
373 2994 410 3060 P.
429 2993 570 3082 Scipioni
585 3016 659 3059 cum
673 2993 874 3072 exercitibus,
890 3017 970 3145 qpos
984 2994 1125 3073 baberet,
1226 3051 1236 3068 .

69 3083 112 3148 in
160 3081 301 3148 rorincia
322 3081 434 3148 Africa
480 3093 661 3168 rorogatum
686 3080 864 3168 imperium.
938 3082 1053 3146 raetori
1076 3081 1125 3148 M.

69 3104 208 3236 Valbrio
223 3167 348 3234 Faltoni
363 3167 445 3232 duae
457 3103 602 3255 legiones
618 3166 654 3230 in
669 3165 812 3245 Bruttiis,
829 3168 945 3268 quibus
962 3166 1001 3233 G.
1015 3167 1127 3234 Livius

99 3254 184 3320 riore
207 3277 293 3320 anno
316 3253 504 3341 praefuerat,
522 3253 678 3320 decretae.
724 3254 761 3319 P.
776 3253 889 3320 Aelius
905 3267 1032 3342 praetor
1049 3254 1128 3322 duas

68 3278 107 3407 lb
144 3363 221 3406 ones
235 3341 270 3406 in
287 3339 395 3406 Sicilia
408 3341 448 3404 ab
466 3338 528 3405 Cn.
545 3339 720 3406 Tremellio
734 3341 901 3428 acciperet.
947 3341 1049 3428 Legio
1063 3363 1130 3407 una

69 3363 142 3494 Mgl
147 3426 246 3493 Fabio
269 3427 303 3492 in
329 3425 517 3504 Sardiniam,
541 3449 637 3513 quam
661 3426 697 3491 P.
721 3426 879 3492 Lentulus
901 3450 960 3515 pro
982 3439 1128 3515 praetore

68 3514 250 3591 habuisset,
275 3512 466 3578 decernitur.
512 3511 560 3577 M.
587 3511 721 3579 Servilio
748 3514 862 3601 prioris
890 3514 967 3578 anni
995 3514 1129 3593 consuli,

68 3623 155 3665 cum
178 3599 243 3664 suis
266 3599 389 3665 duabus
412 3598 490 3664 item
515 3598 703 3686 legionibus,
723 3600 758 3664 in
779 3599 907 3666 Etruria
924 3613 1129 3688 prorogatum

67 3686 251 3774 imperium
271 3699 327 3751 est.
375 3684 474 3761 Quod
493 3685 535 3750 ad
555 3684 727 3773 Hispanias
748 3687 906 3764 attineret,
922 3685 1044 3774 aliquot
1065 3687 1130 3752 iam

68 3795 182 3838 annos
203 3773 248 3836 ibi
271 3772 309 3837 L.
325 3771 512 3837 Cornelium
533 3770 709 3837 Lentulum
730 3785 765 3837 et
787 3773 824 3838 1.
842 3773 1001 3838 Manlium
1017 3773 1131 3839 Acidi-

67 3881 160 3924 num
175 3881 252 3924 essc.
300 3858 358 3923 Uti
378 3857 523 3924 consules
542 3881 617 3925 cum
637 3859 773 3926 tribunis
792 3871 932 3948 agerent,
948 3860 974 3924 si
989 3860 1027 3926 iis
1041 3859 1129 3926 vide-

67 3957 179 4023 retur,
201 3959 237 4010 ut
258 3945 387 4033 plebem
409 3958 567 4032 rogarent,
588 3945 641 4010 cui
664 3947 813 4012 iuberent
835 3947 869 4012 in
891 3945 1048 4036 Hispania
1071 3948 1131 4011 im-

114 4216 124 4250 r
146 4203 227 4252 bladi
254 4203 317 4252 tanti
345 4203 400 4252 betti
426 4218 453 4252 re
479 4203 588 4263 amate]
625 4206 725 4254 comrrle
735 4205 832 4254 finitum
843 4204 881 4264 iri,
893 4211 921 4252 ut
936 4219 1020 4254 revera
1033 4204 1132 4256 accidit.

67 4267 164 4317 Recte
182 4265 277 4316 videtur
289 4265 432 4316 Perizonius
447 4267 528 4329 legere
538 4282 591 4318 aar
625 4269 660 4318 At
675 4269 790 4331 cupiebat
803 4269 858 4331 ipse
871 4267 984 4318 ultimam
1000 4270 1066 4318 bello
1080 4283 1133 4320 ma·

68 4331 188 4380 contule.
222 4331 286 4383 Sane
300 4331 436 4394 apparebat
449 4331 545 4380 bellum
561 4345 591 4380 eo
625 4347 685 4381 num
697 4332 831 4395 imponere.
847 4332 930 4382 Cam.
