3002 4798
337 255 379 314 28
722 246 835 314 ΤΙΤΙ
866 245 1002 312 LIVII

174 393 208 444 υ.
220 393 250 443 c.
262 407 318 456 534·
337 381 426 448 nulla
446 381 571 447 Gallica
591 393 687 470 gente
707 383 820 469 opibus
837 394 893 446 aut
906 381 990 446 fama
1007 380 1153 446 inferior:
1177 393 1247 444 tum
1267 377 1388 444 discors

174 460 204 508 Α·
221 459 250 510 ⁰·
264 459 317 508 ²¹⁸·
337 480 414 534 erat.
461 468 568 556 Regni
583 469 755 533 certamine
770 468 972 555 ambigebant
985 467 1104 532 fratrea
1150 463 1266 542 Maior,
1281 465 1387 550 etqui

337 555 425 656 prius
434 555 638 640 imperitaret,
651 553 794 619 Braneus
805 554 945 630 nomine,
956 553 1078 618 minore
1089 553 1129 618 ab
1138 551 1233 616 fratre
1249 562 1282 616 et
1292 565 1387 616 coetu

338 639 509 717 iuniorum,
539 641 595 740 qui
624 641 693 705 iure
724 639 838 717 niinus,
869 640 901 704 vi
930 639 1001 726 plus
1034 649 1168 726 poterat,
1197 636 1384 724 pellebatur.

340 726 447 793 Huius
461 726 625 792 seditionis
639 738 876 813 peropportuna
889 725 975 792 disce
999 726 1076 790 tatio
1086 745 1187 811 quum
1201 723 1244 788 ad
1260 722 1388 787 Hanni-

339 812 443 878 balem
465 812 584 876 reiecta
604 824 696 889 esset,
716 812 833 877 arbiter
854 812 944 899 regni
976 822 1073 888 aetus,
1089 809 1178 898 quod
1198 832 1238 874 cs
1258 821 1387 874 senatus

361 898 584 986 rincipumque
606 899 764 963 sententia
782 898 892 974 fiierat,
913 897 1083 983 imperium
1104 896 1215 962 maiori
1237 894 1384 960 restituit.

374 985 394 1049 b
405 985 440 1048 id
455 985 604 1050 meritum
615 999 793 1050 commeatu
804 984 959 1071 copiaque
968 1005 1073 1048 rerum
1085 983 1237 1058 omnium,
1248 980 1387 1045 maxime

339 1071 444 1147 vestis,
456 1083 504 1136 est
518 1070 654 1146 adiutus,
665 1092 762 1157 quam
777 1070 909 1134 infames
919 1069 958 1132 fri
1000 1069 1086 1134 ribus
1095 1068 1197 1154 Alpes
1207 1065 1388 1154 praeparari

339 1157 505 1242 cogebant.
564 1155 689 1242 Sedatis
710 1156 935 1221 certaminibus
1013 1155 1177 1241 obrogum,
1200 1175 1301 1239 qumn
1322 1153 1387 1216 iam

341 1241 386 1305 Al
427 1252 585 1327 speteret,
595 1254 756 1306 nonrecta
764 1241 893 1328 regione
902 1242 963 1305 iter
971 1241 1125 1317 instituit3
1148 1237 1414 1308 sedadlaeram6

277 1348 282 1353 ·
340 1326 375 1392 in
433 1327 579 1391 'castinos
588 1326 696 1403 flexit3
719 1325 795 1392 inde
804 1349 861 1413 per
872 1340 1046 1392 extremam
1057 1348 1143 1390 oram
1155 1324 1387 1390 Vocontiorum

341 1413 409 1500 agri
434 1412 571 1479 tetendit
599 1413 634 1476 in
660 1412 835 1477 Tricorios:
868 1412 954 1478 haud
984 1434 1118 1499 usquam
1143 1411 1187 1476 im
1230 1411 1299 1475 dita
1326 1410 1387 1487 via,

341 1498 526 1586 priusquam
555 1499 597 1563 ad
625 1498 819 1564 Druentiam
848 1499 969 1564 flumen
997 1498 1151 1585 pervenit.
1258 1509 1292 1561 et
1320 1496 1414 1584 ipse7

343 1585 482 1671 Alpinus
496 1585 598 1650 amnis
606 1583 700 1671 longa
713 1585 856 1649 omnium
869 1583 993 1649 Galliae
1004 1585 1172 1648 fluminum
1184 1581 1389 1648 difficillimus

342 1671 476 1735 mansitu
491 1684 547 1734 est.
593 1670 689 1748 Nam,
705 1693 805 1757 quum
824 1693 925 1757 aquae
939 1670 1005 1734 viru
1019 1671 1115 1734 vehat
1132 1670 1307 1756 ingentem,
1323 1691 1389 1732 non

342 1769 449 1822 tamen
478 1757 608 1820 navium
636 1756 760 1843 patiens
789 1769 854 1820 est:
889 1755 966 1842 quia
993 1755 1089 1820 nullis
1118 1755 1272 1820 coercitus
1301 1754 1388 1840 ripis,

342 1841 485 1929 pluribus
509 1841 613 1919 simul,
634 1865 741 1942 neque
766 1841 880 1906 iisdem
903 1841 999 1906 alveis
1024 1842 1135 1919 fluens,
1158 1863 1241 1906 nova
1265 1861 1389 1926 semper

342 1927 425 1992 vada
437 1950 600 2014 novosque
611 1940 760 2015 gurgites,
772 1929 821 2014 (et
835 1928 876 1993 ob
887 1928 1000 1993 eadem
1014 1927 1116 2014 pediti
1150 1949 1256 2014 noque
1266 1925 1389 1990 ineerta

343 2013 395 2077 via
406 2011 519 2099 est)ad
530 2013 992 2100 haeesaxaglareosavolvens,
1002 2013 1083 2078 nihil
1093 2026 1142 2077 sta
1163 2012 1203 2077 ile
1215 2023 1388 2077 nectutum

343 2099 535 2186 ingredienti
543 2095 675 2187 praebes
682 2124 692 2177 3
715 2112 748 2165 et
757 2112 835 2177 tum,
844 2099 925 2164 sorte
935 2100 1088 2164 imbribus
1096 2111 1216 2176 auctus,
1226 2098 1389 2184 ingentem

344 2186 646 2274 transgredientibus
661 2185 832 2252 tumultum
847 2185 931 2263 feeit,
947 2208 1047 2271 quum
1065 2207 1159 2272 super
1173 2196 1279 2250 cetera
1292 2183 1389 2270 trepi-

344 2271 472 2336 datione
488 2273 547 2360 ipsi
563 2295 620 2338 sua
633 2285 730 2359 atque
744 2271 873 2336 incertis
887 2270 1077 2336 elamoribus
1092 2271 1301 2336 turbarentur.

234 2363 286 2422 32.
387 2356 424 2422 Ρ.
440 2357 610 2424 Cornelius
624 2357 744 2434 consul,
760 2358 867 2421 triduo
880 2357 946 2422 fere
963 2369 1045 2444 post,
1061 2380 1157 2444 quam
1173 2355 1337 2420 Hannibal
1351 2356 1391 2420 ab

183 2447 315 2522 racana
344 2443 415 2530 ripa
436 2442 588 2507 Rhodani
608 2443 716 2518 movit,
737 2442 892 2529 quadrato
918 2444 1044 2530 agmine
1067 2443 1108 2507 ad
1129 2455 1230 2507 eastra
1252 2441 1394 2508 hostium

183 2511 338 2622 ffidffi
345 2540 485 2604 venerat,
500 2527 620 2592 nullam
635 2527 809 2592 dimicandi
824 2550 945 2592 moram
959 2530 1108 2594 facturus.
1155 2527 1320 2604 Ceterum,
1336 2527 1395 2592 ubi

183 2636 317 2687 nibalede-
346 2613 471 2700 deserta
492 2614 700 2690 munimenta,
716 2636 776 2678 nee
790 2613 881 2678 facile
901 2637 935 2678 se
952 2628 1076 2679 tantum
1098 2635 1295 2701 praegressos
1309 2635 1396 2678 asse·

183 2707 249 2774 serta
259 2697 332 2747 venia
347 2711 495 2764 cuturum
508 2699 613 2775 videt3
637 2699 680 2763 ad
701 2721 787 2764 mare
808 2722 844 2763 ae
858 2723 954 2765 naves
971 2701 1075 2776 rediit,
1091 2700 1190 2764 tutius
1206 2698 1291 2764 facili
1352 2721 1395 2763 ue

183 2763 304 2880 ,Ἠῶ
348 2785 393 2849 ita
420 2784 631 2860 descendenti
658 2785 697 2850 ab
727 2784 865 2872 Alpibus
894 2785 1070 2850 Hannibali
1099 2807 1292 2851 occuramus.
1376 2807 1395 2848 e

347 2883 455 2936 tamen
468 2866 557 2936 nuda
571 2870 696 2936 auxiliis
711 2871 865 2936 Romanis
880 2871 1037 2958 Hispania
1051 2884 1143 2948 esset,
1155 2893 1251 2958 quam
1265 2871 1397 2958 provin-

346 2958 429 3022 ciam
453 2957 581 3022 sortitus
610 2969 687 3034 erat,
714 2956 775 3022 Cn.
792 2957 844 3021 Sei
867 2958 974 3022 ionem
1003 2958 1131 3022 fratrem
1157 2980 1231 3022 cum
1256 2957 1399 3020 maxima

346 3055 436 3130 parte
470 3043 632 3129 copiarum
666 3042 814 3108 adversus
885 3043 1084 3107 asdrubalem
1112 3042 1215 3119 misit;
1253 3063 1320 3106 non
1353 3041 1398 3106 ad

347 3127 484 3192 tuendos
499 3127 719 3192 tantummodo
733 3142 856 3193 veteres
870 3130 971 3194 socios
992 3128 1271 3215 conciliandosque
1286 3149 1397 3204 novos,
1488 3157 1489 3162 ¹

349 3213 517 3279 sedetiam
532 3213 766 3314 adpellendum
779 3213 936 3302 Hispania
948 3213 1190 3280 Hasdrubalem.
1236 3212 1309 3314 Ipse
1320 3234 1398 3278 eum

348 3300 521 3365 admodum
536 3300 660 3387 exiguis
674 3301 773 3387 copiis
790 3300 939 3366 Genuam
954 3299 1079 3387 repetit,
1095 3323 1143 3379 eo,
1159 3300 1217 3387 qui
1236 3321 1320 3364 cirea
1333 3299 1423 3364 Pa-tt

348 3385 426 3450 dum
440 3399 517 3464 erat,
533 3387 677 3452 exercitu
691 3387 816 3451 Italiam
832 3386 1026 3452 defensurus.

346 3527 419 3577 malis
429 3531 495 3589 tude,
505 3531 571 3590 quod
586 3529 612 3577 in
628 3530 700 3578 codd.
716 3535 774 3577 ante
785 3544 857 3577 voces
888 3529 949 3578 haec
963 3529 1094 3640 descriptio
1107 3528 1187 3578 sumis
1197 3527 1343 3588 emensae,
1353 3529 1399 3578 sed

348 3593 433 3642 mediis
441 3593 534 3655 eampis
543 3607 593 3640 non
602 3591 734 3652 invenitur,
739 3592 795 3639 loco
803 3607 855 3640 mu·
888 3591 965 3654 magis
975 3593 1000 3641 iu
1011 3593 1036 3640 in
1047 3593 1149 3642 eriorem
1164 3598 1258 3654 partem
1270 3591 1401 3653 competit,

349 3655 520 3705 tatumluisse.
626 3708 629 3714 ,
889 3655 937 3716 qud
952 3671 968 3704 a
984 3657 1144 3718 Segusterone
1160 3657 1279 3718 usquead
1291 3655 1399 3704 Arenio·

381 3718 455 3768 6Δά
464 3721 558 3767 lesem
572 3719 601 3765 ὄπ
613 3719 854 3780 Tsieastiuosflsait]
889 3733 946 3768 nem
967 3721 1038 3768 alveo
1060 3719 1152 3769 incerto
1171 3719 1234 3768 fluit.
1273 3719 1322 3768 Sed
1343 3724 1399 3766 tota
1488 3753 1489 3774 ,

350 3782 426 3838 Quod
445 3782 493 3829 iter
510 3780 577 3830 haud
595 3788 715 3830 memorat
729 3782 857 3844 Polybius,
889 3782 950 3831 haee
973 3783 1036 3832 Livii
1061 3783 1167 3832 narratio
1189 3797 1268 3831 errore
1289 3783 1398 3844 quodam

349 3850 376 3892 at
392 3843 435 3893 su.
454 3844 511 3892 Ital.
528 3843 561 3891 iii.
577 3843 625 3905 466
635 3859 670 3906 sq.
689 3850 715 3892 et
732 3845 856 3894 Amnius.
889 3845 1402 3909 inenodabaliimplicitaestnequefaeile

349 3923 390 3958 xv.
410 3909 448 3956 28.
488 3907 573 3956 Iirius
593 3906 716 3970 regionem
737 3909 856 3971 designat,
889 3909 1073 3969 sstdiiudieare,
1080 3916 1162 3959 utrum
1171 3910 1249 3958 sciens
1257 3910 1327 3968 haee.
1334 3925 1400 3972 quac

350 3987 413 4034 quse
426 3986 475 4020 non
487 3970 741 4030 Hannibalisedsibi
752 3973 857 4021 auteui-
889 3973 990 4022 minime
1008 3973 1054 4022 ubi
1077 3979 1198 4032 constant,
1216 3973 1346 4036 scripserit,
1364 3987 1398 4020 an

351 4035 388 4084 vis
408 4036 474 4084 Italo
490 4035 525 4082 sd
539 4037 634 4085 laecum
653 4041 730 4084 esset:
749 4051 802 4084 mos
821 4041 858 4084 ast
888 4035 982 4086 incuria
1007 4037 1159 4086 librariorum
1182 4051 1254 4086 rocas
1275 4037 1398 4099 quasdam

351 4099 418 4148 enim
432 4097 561 4158 historicis,
571 4105 599 4147 ut
609 4114 785 4162 nonnunquam
799 4100 857 4147 dex·
889 4101 947 4149 sads
961 4116 1006 4149 sira
1021 4106 1131 4150 mutatae
1142 4100 1198 4150 sint.
1232 4101 1286 4148 Nos
1298 4099 1399 4162 Polybii

351 4168 414 4210 tram
436 4162 605 4224 sinistramque
627 4166 677 4210 non
697 4163 730 4211 ab
751 4163 858 4211 hostium
890 4164 1012 4213 medicam
1028 4179 1129 4213 manum
1140 4163 1305 4212 adhibendam
1316 4177 1400 4212 oense

351 4225 707 4290 partassdasuadesignent.
724 4227 831 4276 Sruorn.
890 4241 952 4276 mus.

386 4301 399 4352 7
414 4292 441 4339 Is
450 4297 474 4340 et
484 4293 536 4352 ipsa
545 4291 655 4352 Alpinus
664 4291 756 4350 amnis]
776 4289 856 4352 Quip-
921 4291 937 4339 8
953 4292 1066 4341 Genuam
1076 4292 1177 4354 repetit]
1195 4290 1310 4349 Pleraei
1323 4289 1399 4351 Poly-

352 4352 732 4420 psexAlpibusOottiisoriens.
756 4354 858 4418 Optima
889 4353 957 4404 bium
976 4355 1010 4406 iii.
1030 4353 1069 4416 56.
1088 4353 1225 4406 audiamus.
1259 4353 1400 4414 Exercitus,
