2878 4772
339 225 404 285 424
723 210 839 278 ΤΙΤΙ
865 209 1003 278 LIVII

187 361 221 412 U·
232 360 263 412 c·
280 359 334 424 54⁶·
344 351 491 441 capiendi
505 351 601 429 vivos,
617 372 723 428 nemo,
738 348 921 437 patentibus
940 347 983 412 ad
1002 346 1226 434 direptionem
1246 346 1390 420 omnibra

184 426 217 478 Δ*
234 427 264 477 ⁰·
280 424 336 476 ²⁰⁶·
344 439 480 529 praedae
504 459 626 502 memor
649 450 706 501 est.
752 434 930 500 Tmcidant
952 435 1092 500 inermes
1115 433 1214 498 iuxta
1235 447 1335 520 atque
1356 455 1391 496 a·

345 539 454 602 matos,
464 525 598 590 feminas
611 525 731 610 pariter
741 544 777 586 ac
786 523 886 586 viros:
910 543 1011 621 usque
1026 519 1068 584 ad
1083 520 1266 584 infantium
1278 518 1392 584 caeden

189 621 302 672 Urbsin·
344 613 392 680 ira
414 611 551 676 crudelis
575 610 728 697 pervenit.
773 608 887 695 Ignem
912 607 1030 672 demde
1057 607 1154 671 tectis
1181 607 1347 680 iniiciunr,
1365 627 1391 668 ac

188 687 307 738 audiar.
345 697 487 776 diruunt,
513 719 596 784 quae
621 695 771 761 incendio
796 695 919 760 absumi
945 707 1131 779 nequeunt:
1162 692 1252 758 adeo
1278 691 1391 776 vestigii

345 807 474 872 quoque
493 784 587 934 libis
610 783 823 869 exstinguere,
847 803 885 846 ac
909 779 1016 846 delere
1043 779 1245 844 memoriam
1271 779 1391 843 hcstiun

404 871 411 885 “
454 894 492 936 co
532 871 613 935 lest.

344 871 598 1028 cqaaetulonem
616 955 692 1020 inde
713 953 820 1042 Scipio
839 953 1013 1020 exercitum
1031 953 1145 1018 ducit:
1172 976 1282 1039 quam
1300 952 1391 1018 urban

346 1067 412 1112 non
433 1043 570 1130 Hispani
593 1042 689 1108 modo
712 1064 883 1117 convenae,
904 1040 960 1105 sed
981 1039 1097 1104 Punici
1120 1041 1229 1104 etiam
1253 1039 1391 1105 exercitus

346 1153 389 1196 ex
403 1131 553 1230 dissipata
566 1129 681 1216 passim
696 1127 771 1215 fuga
785 1127 937 1214 reliquiae
953 1127 1150 1192 tutabantur.
1205 1125 1278 1192 Sed
1294 1126 1392 1190 adrec-

347 1231 416 1282 tum
444 1215 601 1303 Scipionis
630 1228 837 1303 praevenerat
866 1213 950 1278 fama
970 1211 1071 1278 'cladis
1099 1211 1392 1300 Illitmgianoma

190 1315 303 1366 centua
347 1317 511 1390 terrorque
540 1301 615 1366 inde
645 1324 681 1366 ac
712 1300 889 1388 desperatio
918 1301 1095 1374 invaserat3
1134 1313 1175 1364 et
1211 1299 1251 1364 in
1282 1299 1402 1366 diversa

189 1393 248 1490 ἔξω
260 1379 327 1454 Ml·
347 1389 458 1467 causis,
474 1409 573 1476 quum
588 1388 649 1452 sibi
663 1387 798 1474 quisque
813 1384 993 1450 consultum
1013 1384 1081 1448 sinc
1102 1384 1248 1450 alterius
1266 1399 1392 1472 respectu

188 1457 258 1568 pilio
267 1457 327 1492 Μ’
347 1475 453 1552 vellet,
468 1474 571 1561 primo
591 1473 687 1538 tacita
705 1472 851 1560 suspicio,
867 1471 983 1536 deinde
999 1494 1018 1535 a
1058 1485 1110 1535 rta
1124 1470 1300 1537 discordia
1313 1492 1392 1536 seces

347 1562 469 1626 sionem
491 1561 575 1624 inter
598 1559 878 1646 Carthaginienses
899 1571 995 1644 atque
1017 1494 1192 1644 llispauos
1216 1558 1306 1624 fecit.
1348 1555 1393 1620 Hs

348 1645 562 1712 Cerdubellus
576 1646 738 1734 propalam
753 1643 924 1710 deditionis
942 1655 1058 1708 auctor.
1106 1643 1268 1710 Himilco
1284 1643 1393 1710 Punicis

300 1795 305 1798 .
347 1731 552 1797 auxiliaribus
593 1747 734 1797 raecrat:
758 1754 839 1818 quos
858 1731 1043 1816 urbemque,
1063 1729 1149 1794 clam
1176 1731 1250 1796 fide
1274 1746 1393 1817 accept,

350 1817 561 1884 Cerdubellus
610 1841 724 1884 omano
738 1817 854 1905 prodit.
899 1815 1013 1881 Mitior
1030 1839 1068 1881 ea
1082 1817 1231 1881 victoria
1245 1819 1329 1882 firit:
1349 1839 1393 1880 nec

347 1903 536 1972 tantundem
555 1928 658 1970 noxae
678 1905 849 1970 admissum
870 1915 946 1980 erat,
961 1914 995 1968 ct
1014 1902 1228 1990 aliquantum
1250 1905 1319 1972 irae
1331 1903 1394 1969 leni·

347 2005 415 2058 erat
428 1991 607 2057 voluntaria
620 1991 750 2058 deditio.

279 2127 289 2145 .
391 2077 534 2144 Marcius
548 2078 623 2144 inde
638 2078 673 2144 iu
683 2079 841 2158 barbaros,
852 2078 879 2143 si
890 2078 946 2165 qui
957 2077 1101 2144 nondum
1113 2079 1303 2165 perdomiti
1313 2092 1393 2152 eraut

347 2167 406 2231 sub
429 2167 479 2230 ius
501 2164 720 2252 ditionemque
744 2165 935 2266 redigendos
957 2165 1078 2230 missus.
1129 2163 1251 2252 Scipio
1278 2166 1393 2232 Cartha·

346 2253 465 2339 ginem,
477 2250 519 2318 ad
534 2264 607 2316 vota
621 2250 772 2316 solvenda
784 2253 855 2329 dira,
868 2273 1046 2338 munusque
1061 2250 1314 2337 gladiatorium,
1324 2249 1392 2339 qmd

347 2338 456 2403 mortis
476 2361 570 2403 causa
592 2339 689 2426 patris
712 2338 817 2424 patrui
841 2361 880 2404 ue
900 2349 1073 2425 paraverat,
1094 2337 1287 2418 edendum,
1307 2339 1390 2404 rediit

188 2427 316 2504 cauata
349 2423 582 2490 Gladiatorium
597 2425 811 2512 spectaculum
818 2361 884 2488 luit
898 2446 964 2490 non
975 2446 1016 2488 er
1031 2447 1070 2490 eo
1083 2446 1211 2509 genere
1227 2425 1390 2491 hominura

188 2508 317 2605 fflfffi
346 2533 388 2576 ex
400 2534 464 2597 quo
479 2510 600 2576 lanistis
614 2533 795 2599 comparare
810 2534 879 2576 mos
889 2523 946 2588 est,
958 2532 1130 2588 servorum,
1144 2512 1253 2596 quive
1264 2512 1403 2576 venalem

188 2620 338 2684 eucarpio.
346 2597 534 2683 sanguinem
559 2597 687 2662 habent.
734 2595 923 2662 Voluntaria
946 2597 1049 2661 omnis
1074 2608 1108 2661 et
1137 2599 1292 2683 gratuita
1315 2619 1390 2686 open

345 2685 558 2770 pugnantium
571 2684 641 2750 fuit
688 2683 773 2748 Nam
794 2683 847 2748 alii
868 2683 954 2747 missi
973 2684 1012 2749 ab
1030 2681 1151 2769 regulis
1170 2699 1257 2750 sunt
1278 2685 1321 2750 ad
1336 2706 1389 2770 spe

346 2769 451 2836 cimen
465 2768 578 2834 insitae
592 2770 682 2857 genti
695 2770 821 2835 virtutis
835 2769 1085 2836 ostendendum:
1107 2768 1162 2833 alii
1180 2771 1248 2857 ipsi
1264 2770 1389 2859 panim,

346 2878 379 2922 se
405 2868 600 2943 pugnaturos
623 2857 658 2920 in
681 2856 813 2944 gratiam
838 2856 947 2920 ducis:
975 2855 1051 2920 alios
1075 2855 1258 2922 aemulatio
1283 2873 1317 2923 et
1338 2878 1391 2922 cer·

346 2955 463 3021 tamen,
473 2954 510 3008 ut
520 2956 738 3030 provocarent,
750 2942 975 3029 prouocatique
988 2941 1074 3006 haud
1086 2943 1288 3021 abnuerent,
1301 2945 1388 3010 traxit

348 3027 499 3106 Quidam,
512 3052 591 3117 quas
601 3028 808 3116 disceptando
823 3028 1050 3093 controversias
1063 3027 1157 3092 linire
1172 3031 1388 3117 nequiverant,

344 3128 400 3180 aut
418 3115 596 3193 noluerant,
612 3129 705 3202 pacto
727 3116 811 3180 inter
833 3137 878 3192 se,
896 3127 933 3178 ut
951 3115 1102 3180 victorem
1124 3137 1176 3179 res
1201 3133 1401 3202 aequarem}

343 3191 426 3267 fer'ro
448 3202 666 3268 decreverunt.
713 3200 831 3289 Neque
857 3201 981 3266 obscuri
1006 3197 1133 3287 generis
1156 3201 1322 3276 homines,
1344 3199 1389 3266 red

344 3287 419 3352 clari
444 3288 653 3388 illustresque,
683 3288 798 3353 Corbis
827 3300 861 3354 et
887 3287 992 3353 Orsua
1020 3285 1178 3374 patrueles
1207 3288 1333 3366 fratres,
1357 3287 1388 3350 dc

344 3374 525 3462 principatu
539 3374 684 3452 civitatis,
696 3397 792 3461 quam
808 3373 898 3439 Ibem
914 3374 1077 3452 vocabant,
1090 3374 1308 3461 ambigentes,
1318 3375 1387 3440 sciro

343 3483 377 3525 se
392 3473 565 3526 certaturos
579 3460 710 3547 professi
725 3473 807 3526 sunt
849 3459 963 3525 Corbis
977 3461 1078 3526 maior
1092 3475 1162 3526 erat
1175 3475 1299 3528 aetate.
1336 3461 1386 3526 Or

343 3569 418 3612 suae
440 3561 530 3634 pater
550 3547 699 3634 princeps
719 3547 864 3633 proxime
886 3546 998 3623 fuerat,
1021 3570 1041 3610 a
1061 3545 1156 3610 fratre
1178 3549 1306 3614 maiore
1325 3563 1386 3634 poa

342 3647 476 3699 mortem
497 3634 565 3700 eius
584 3633 686 3720 princi
710 3645 765 3698 atu
781 3645 921 3720 accepto.
969 3632 1079 3708 Quum
1093 3633 1200 3697 verbis
1216 3633 1385 3733 dioeepnrs

344 3719 451 3807 Scipio
468 3718 573 3799 vellet,
593 3742 629 3784 ac
652 3655 762 3784 sedare
785 3719 867 3797 iras3
891 3728 1062 3807 ‘negatum
1086 3718 1140 3796 id,’
1157 3720 1258 3785 ambo
1278 3721 1384 3796 dicere,

375 3857 438 3915 3In
459 3858 561 3906 dlcmlc
581 3857 674 3915 caasa]
703 3853 762 3904 Alia
782 3854 848 3903 enirn
880 3853 1000 3903 etantinm
1011 3853 1177 3904 oblectationi.
1213 3855 1385 3904 &antima

343 3917 491 3978 Poenorum,
514 3921 565 3969 alic
588 3919 767 3982 oppidanorum
793 3918 848 3967 reli·
880 3933 937 3974 curn
949 3917 1046 3968 Clerico
1062 3917 1225 3966 certissimam
1243 3921 1384 3968 emeaffl

342 3995 494 4044 quorumque
506 3983 673 4046 Hispanorum
685 3982 727 4045 qui
741 3981 775 4030 ibi
790 3997 848 4031 ccn·
880 3997 937 4032 nem
950 3982 1076 4042 (imnodi,
1087 3981 1137 4044 qui,
1147 3997 1228 4044 quum
1240 3984 1332 4046 optimi
1342 3997 1385 4031 aaa

341 4051 466 4158 {lapsactpnt
485 4054 625 4096 consecrat
641 4046 846 4126 atqueconditio.
879 4045 987 4122 habeant
987 4061 1127 4160 m
1128 4061 1185 4157 dp:
1192 4049 1321 4160 vmdc-
1338 4064 1384 4096 aa*

373 4173 543 4232 rdewomm,
564 4175 636 4237 quise
657 4175 767 4224 venalem
788 4189 846 4222 ran·
876 4127 1010 4236 {lambio
1034 4145 1089 4224 locd
1115 4173 1251 4224 nantem
1278 4123 1385 4226 aialim

338 4237 438 4296 pamm
454 4237 556 4296 hbeat]
575 4236 713 4296 Servorum,
730 4238 769 4286 rel
787 4237 846 4286 liba
879 4238 961 4288 (laur.

340 4311 423 4370 rerum¹
432 4298 559 4346 hominnm
568 4299 610 4360 qui
621 4301 733 4348 mercada
743 4305 848 4362 accepto
912 4317 926 4364 5
947 4305 980 4354 Ut
993 4304 1107 4353 οἰοίονω
1121 4319 1160 4352 rer
1175 4307 1340 4378 φησιν]
1355 4303 1383 4352 l'r

340 4374 482 4422 cumanam
497 4367 523 4412 et
539 4362 614 4412 vitam
630 4362 777 4424 impendunt
793 4379 846 4428 spe·
878 4380 925 4427 rer,
936 4367 968 4416 de
978 4381 1027 4430 qua
1038 4372 1178 4428 certaretur,
1188 4369 1294 4418 victuaria
1304 4377 1370 4420 caret.
