2866 4770
326 239 423 306 LIB.
447 241 561 307 XXX.
596 241 708 311 CAP.
732 249 785 314 21.
1025 246 1089 308 623

41 375 155 440 ‘ruina
171 375 375 464 Carthaginis
389 379 563 465 oppressit’
607 378 676 444 Iam
690 379 752 444 boo
772 379 913 478 ipsump
1032 387 1175 442 omli-⁰·
1192 401 1248 454 549·

39 463 158 540 animo,
176 477 414 564 praeparaverat
436 478 510 529 ante
529 487 634 530 naves.
680 465 804 566 Itaque,
823 399 1130 530 innubirrmflidlumss
1146 453 1176 504 ⁰·
1192 467 1247 514 ὀὗ

40 549 134 612 turba
154 549 304 635 praesidii
325 551 430 636 specie
452 551 488 613 in
510 550 629 639 oppida
650 550 769 616 Bromi
791 551 869 638 agri,
883 573 967 638 quae
988 573 1091 638 pauca

38 635 143 734 magis
165 649 264 712 metu,
285 657 382 722 quam
403 636 478 713 lide,
501 638 755 714 continebantur,
775 637 913 715 dimissa,
928 636 1017 737 quod
1038 659 1090 701 ro-

37 720 124 784 borrs
138 721 174 784 in
188 720 332 786 exercitu
347 733 424 799 erat,
440 723 475 786 in
489 721 633 788 Africam
648 723 840 788 transvexit:
862 722 971 788 multra
985 719 1090 787 Italici

37 807 177 906 generis,
192 808 268 908 quia
281 807 317 872 in
333 808 475 873 Africam
494 823 657 874 secuturos
674 811 852 876 abnuentes
869 821 1090 874 concesserant

37 914 74 956 rn
89 891 223 958 Iunoms
238 893 388 959 Laciniae
403 894 584 974 delubrum,
598 895 785 961 inviolatum
801 894 843 959 ad
857 917 928 959 eam
943 894 1039 971 diem,
1054 895 1091 958 in

37 977 161 1065 templo
175 979 244 1066 ipso
258 979 352 1046 foede
366 980 548 1046 interfectis
595 981 682 1048 Raro
697 1002 892 1068 quemquam
910 980 1018 1057 alium,
1030 1001 1090 1080 pa·

14 1065 133 1139 ota-iam
159 1065 262 1132 exsilii
287 1089 383 1131 causa
406 1066 652 1154 relinquentem,
678 1068 779 1154 magis
804 1079 959 1131 maestum
988 1066 1089 1130 abraae

37 1150 156 1229 ferunt,
186 1175 282 1238 quam
313 1151 531 1218 Hannibalem
566 1154 706 1220 hostiurn
739 1169 823 1218 terra
857 1151 1088 1217 excedentem:

37 1237 215 1323 respexisse
237 1261 331 1326 saepe
354 1238 466 1304 Italiae
489 1239 591 1317 litora,
611 1253 645 1305 et
667 1239 745 1305 deos
765 1238 974 1326 hominesque
997 1259 1090 1303 accu-

37 1337 174 1401 santem,
196 1323 232 1387 in
253 1347 438 1412 aequoque
461 1347 498 1390 ac
521 1347 615 1390 suum
638 1326 737 1413 ipsius
759 1337 857 1413 caput
881 1336 1089 1400 exsecramm,

39 1417 50 1448 ‘
86 1408 151 1474 uod
166 1432 232 1474 non
245 1425 414 1476 cruentum
428 1413 469 1477 ab
482 1410 647 1476 Cannensi
659 1411 792 1476 victoria
806 1411 939 1476 militem
951 1409 1090 1474 Romam

38 1433 214 1560 ‘duximet
262 1495 445 1584 Scipionem
474 1499 520 1562 ire
549 1498 591 1562 ad
622 1497 851 1598 Carthaginem
881 1517 1004 1573 ausum,
1033 1496 1090 1582 qui

39 1581 174 1646 ‘consul
187 1582 311 1647 hostem
326 1583 361 1647 in
376 1582 469 1648 ltalia
482 1583 628 1649 Poenum
645 1606 712 1649 non
727 1583 874 1650 vidisset:
898 1605 942 1660 ae,
958 1593 1088 1647 eentum

39 1676 50 1707 ‘
61 1667 202 1732 millibus
227 1681 419 1734 armatorum
448 1670 490 1734 ad
516 1670 738 1736 Trasimenum
766 1683 800 1736 et
827 1669 956 1734 Cannas
981 1669 1089 1746 caesis,
1182 1729 1185 1736 .

40 1753 147 1817 ‘circa
163 1753 342 1819 Casilinum
359 1755 542 1844 Cumasque
558 1770 592 1822 et
606 1756 725 1822 Nolam
739 1756 961 1822 consenuisse!
998 1753 1090 1819 Haec

38 1861 191 1991 qecusaus
220 1863 431 1928 querensque,
460 1865 502 1907 ex
529 1843 654 1908 diutina
682 1843 876 1929 pomione
905 1840 1015 1906 Italiae
1041 1852 1091 1904 est

63 1938 209 1992 etractus.

87 2011 224 2078 Romam
288 2037 305 2079 r
325 2015 454 2081 eosdem
477 2015 555 2094 dies,
575 2028 609 2082 et
627 2014 802 2102 Magonem
821 2027 855 2080 et
873 2011 1088 2079 Hannibalem
1189 2065 1197 2082 .

63 2100 208 2177 refectos,
224 2036 354 2166 aditum
369 2114 424 2167 est.
473 2101 576 2168 Cuius
590 2102 727 2190 duplicis
740 2099 958 2188 gratulationis
973 2098 1090 2163 minuit

38 2123 203 2264 lhetitiam,
219 2199 253 2252 et
266 2187 355 2274 quod
373 2211 486 2276 parum
505 2189 603 2254 duces
622 2190 657 2253 in
677 2187 852 2253 retinendis
871 2187 920 2264 iis,
935 2207 1036 2335 quum
1055 2185 1090 2250 id

40 2271 228 2337 mandatum
248 2274 288 2338 ab
306 2290 417 2340 senatu
436 2287 527 2352 esset,
543 2289 599 2342 aut
617 2274 726 2353 animi,
741 2287 797 2339 aut
810 2274 925 2338 virium
967 2271 1089 2336 abuiase

41 2357 253 2437 videbantur3
288 2373 321 2426 et
346 2360 434 2448 quod
459 2361 586 2426 solliciti
611 2373 711 2438 erant,
735 2361 823 2426 omni
849 2359 923 2424 belli
949 2357 1032 2422 mole
1055 2357 1091 2422 in

40 2467 144 2509 unum
170 2445 287 2511 ducem
311 2447 551 2535 exercitumque
577 2448 737 2525 inclinata,
763 2469 829 2534 quo
854 2467 985 2512 evasura
1009 2457 1091 2508 esset

40 2553 101 2596 res.
147 2531 212 2597 Per
228 2533 357 2598 eosdem
375 2533 444 2598 dies
463 2533 494 2596 le
535 2534 560 2598 ti
581 2533 749 2621 Saguntini
764 2544 931 2609 venerunt,
947 2553 1091 2631 compre-

41 2618 159 2682 hensos
184 2641 258 2683 cum
283 2619 421 2706 pecunia
445 2557 639 2685 adddoentes
662 2620 950 2706 Carthaginienses,
970 2640 1028 2705 qm
1049 2617 1090 2682 ad

40 2703 253 2769 conducenda
266 2705 385 2770 auxilia
399 2706 433 2770 in
448 2705 639 2794 Hispaniam
655 2707 857 2772 traiecissent.
903 2705 1091 2789 Ducentum

40 2803 77 2854 et
95 2789 328 2891 quinquaginta
346 2792 425 2870 auri,
443 2793 663 2880 octingentum
683 2793 791 2880 pondo
805 2793 927 2879 argenti
947 2794 981 2856 in
996 2791 1091 2856 vesti·

40 2875 120 2940 bulo
134 2899 239 2942 cunae
255 2891 437 2964 posuerrmt.
476 2878 672 2944 Hominibus
685 2880 823 2966 acceptis
836 2891 870 2942 et
884 2877 918 2940 in
933 2898 1090 2941 carcerem

40 2960 190 3039 conditis,
216 2986 293 3028 auro
321 2977 516 3113 argentoque
544 2965 680 3040 reddito,
702 2965 821 3050 gratiae
847 2961 958 3047 legatis
979 2975 1088 3026 actaea

41 3059 140 3135 atque
155 3051 285 3137 insuper
301 3072 434 3115 munera
470 3061 522 3114 ata
539 3073 576 3114 ac
597 3071 701 3124 naves,
716 3048 832 3134 quibus
851 3046 886 3109 in
902 3045 1091 3132 Hispaniam

41 3147 284 3200 reverterentur.
332 3134 458 3200 Mentio
487 3134 605 3199 deinde
642 3135 682 3199 ab
711 3133 887 3198 senioribus
914 3131 998 3195 sacta
1032 3146 1090 3208 est,

44 3229 54 3258 ‘
156 3221 205 3286 ius
220 3221 364 3286 homines
382 3224 474 3299 bona,
490 3244 587 3308 quarn
604 3220 696 3297 mala,
712 3219 838 3285 sentire.
884 3217 1035 3282 Transitu
1056 3218 1092 3281 in

44 3305 84 3369 ‘I
129 3307 192 3371 iam
222 3307 423 3386 Hannibalis,
453 3321 609 3394 quantum
638 3306 764 3371 terroris
793 3304 991 3392 pavorisque,
1022 3325 1090 3368 sese

44 3393 257 3470 ‘mammisea
284 3417 363 3480 quas
388 3393 505 3459 deinde
536 3393 651 3470 clades,
678 3415 759 3481 quos
786 3391 890 3456 luctus
920 3389 1092 3454 incidissel

44 3478 147 3544 ‘Visa
159 3493 260 3544 castra
276 3479 414 3545 hostium
430 3503 448 3544 e
464 3481 563 3544 muris
581 3480 685 3544 rubis:
709 3501 791 3566 quae
807 3489 881 3542 vota
896 3475 1092 3563 singulorum

44 3566 349 3652 ‘universorumque
370 3566 491 3630 fuisse?
512 3565 638 3652 quoties
655 3565 690 3628 in
707 3563 849 3628 conciliis
862 3585 965 3638 voces,
981 3583 1093 3626 manus

22 3651 108 3714 r‘ad
130 3651 254 3716 eoelum
279 3653 509 3740 porrigentium
532 3651 674 3716 auditas:
707 3650 759 3714 En
781 3673 826 3714 un
849 3671 922 3713 uam
948 3647 1001 3712 ille
1023 3647 1093 3712 dies

45 3738 191 3802 ‘futurus
205 3751 296 3815 esset,
313 3761 377 3825 quo
391 3761 522 3804 vacuam
538 3737 680 3803 hostibus
695 3734 819 3801 ltaliam
827 3673 924 3820 (bqna
941 3757 1019 3821 pace
1034 3733 1093 3799 llo-

45 3833 192 3888 ‘rentem
220 3824 316 3888 visuri
345 3825 475 3889 essent?
519 3824 654 3889 Dedisse
685 3823 815 3888 tandem
840 3821 874 3886 id
898 3820 977 3885 deos
1002 3834 1092 3886 sexto

45 3909 192 3974 ‘decimo
212 3909 343 3975 demum
365 3933 469 3975 anno:
495 3933 554 3976 nec
574 3933 652 3989 esse,
672 3909 729 3996 qui
748 3908 810 3973 diis
827 3921 932 3995 grates
954 3907 1093 3996 agendas

76 4120 478 4188 qltlaplrmuaetum1Nulloin
495 4119 551 4169 scri·
584 4119 719 4171 necoemria
740 4119 780 4168 bic
802 4118 873 4169 nobis
891 4119 994 4168 ridetur.
1010 4119 1091 4169 cmv.

45 4194 97 4250 pto,
109 4203 189 4249 neque
201 4187 335 4246 Gronorio,
344 4202 424 4248 neque
435 4183 505 4234 nobis
513 4199 552 4233 oc·
587 4188 646 4234 Tam
656 4185 765 4247 reposuit
777 4184 884 4234 uerter.

44 4253 118 4300 currit
127 4251 248 4312 rbmaps'e.
272 4252 386 4312 Plerique
395 4251 458 4299 banc
468 4263 552 4298 vocem
619 4251 695 4297 rEn
726 4251 849 4310 nuptam]
901 4247 1091 4309 Nunquamne?

45 4321 122 4364 totam
133 4316 249 4364 abolent:
267 4315 367 4376 quidm
379 4314 431 4363 eius
445 4315 499 4361 loco
510 4313 552 4360 ba·
586 4313 616 4364 cl.
627 4328 693 4375 supr.
704 4313 770 4361 xxiv.
786 4326 822 4372 ¹4·

45 4381 172 4429 berittum.
200 4380 326 4428 alterutra
337 4375 553 4440 exbiapartieulis
