3002 4798
389 198 484 264 LIB.
509 197 623 264 XXII.
657 200 770 266 CAP.
794 206 845 267 21.
1017 217 1023 226 '
1098 208 1137 268 81

58 332 151 398 slevi
166 355 275 420 pugna
289 348 357 406 toto
370 334 440 400 eius
454 357 527 400 orae
543 335 620 399 mari
636 334 729 425 potiti
744 349 843 402 erant
883 335 996 423 Itaque
1012 336 1052 402 ad
1070 335 1138 402 Ho-
1149 355 1183 404 U.
1195 355 1224 405 ο.
1241 369 1295 418 535.

86 443 217 484 noseum
239 419 337 486 classe
356 422 505 508 provectI,
521 421 727 486 exscensione
749 423 789 488 ab
811 422 944 488 navibus
965 424 1000 486 in
1022 437 1137 488 terram
1147 421 1177 470 Α·
1195 420 1224 469 ⁰·
1242 434 1296 481 2¹7·

85 506 180 583 sacta,
205 530 306 594 quum
330 507 441 590 urbem
464 508 497 572 vi
520 508 687 595 cepissent,
711 521 899 596 captamque
923 509 1137 597 diripuiment,

88 592 320 694 Carthaginem
338 593 414 658 inde
430 607 561 681 petunt:
586 607 692 682 atque,
707 617 836 660 omnem
851 619 961 684 agrum
981 595 1064 662 circa
1079 597 1137 662 de-

86 679 242 778 populati,
257 691 417 768 postremo
437 693 521 745 tecta
535 703 665 767 quoque
679 680 850 746 coniuncta
869 705 960 748 muro
974 683 1137 770 portisque

59 765 310 844 osneenderunt.
357 764 437 831 Inde
467 767 530 832 iam
556 765 674 854 praeda
702 767 805 853 gravis
834 768 876 832 ad
902 767 1137 856 Longunticam

85 852 235 938 pervenit
249 852 371 918 classis:
395 853 508 918 ubivis
518 875 635 940 magna
647 853 744 940 sparti
756 853 798 917 ad
811 877 878 918 rem
890 855 1050 920 nauticam
1062 878 1138 920 eon·

85 952 178 1025 gesta
199 939 239 1004 ab
264 938 472 1004 Hasdrubale.
521 939 620 1014 Quod
642 940 716 1004 satis
737 939 771 1004 in
797 961 889 1004 usum
911 940 981 1018 fuit,
1004 941 1137 1018 sublato,

86 1037 230 1090 eetenrm
250 1048 345 1090 omne
363 1025 528 1090 incensum
546 1039 602 1090 est
649 1024 721 1092 Nec
741 1027 934 1091 continentis
952 1027 1048 1092 modo
1066 1049 1139 1114 pro·
1148 1039 1246 1116 Ebusus
1260 1039 1295 1086 in-

86 1110 186 1176 iectas
195 1133 265 1176 oras
273 1111 603 1198 praeterveemsedin
613 1110 757 1177 Ebusum
766 1111 901 1178 insulam
911 1113 1136 1180 transmissum.
1146 1105 1201 1152 ⁸⁰¹³
1213 1107 1292 1165 ΜΡ·

88 1195 157 1262 Ubi
184 1198 272 1275 urbe,
300 1220 382 1285 quae
406 1210 502 1285 caput
531 1197 651 1264 insulae
678 1210 736 1275 est,
760 1198 894 1264 biduum
924 1199 1139 1286 nequicquam
1147 1175 1180 1217 ω’

84 1306 213 1348 summo
234 1283 341 1350 labore
365 1300 558 1372 oppugnata,
573 1285 628 1350 ubi
650 1285 685 1348 in
700 1307 790 1372 spem
811 1285 931 1350 irritam
946 1285 1060 1352 finistra
1079 1287 1139 1352 teri

85 1384 215 1457 tempus
240 1370 494 1436 animadversum
523 1384 581 1448 est,
611 1371 653 1435 ad
681 1371 920 1458 populationem
950 1372 1016 1459 agri
1046 1373 1137 1450 versi,

84 1456 221 1543 direptis
242 1457 283 1522 ali
307 1469 364 1522 uot
385 1457 587 1544 incensisque
602 1457 688 1534 vicis,
711 1457 839 1535 maiore,
855 1481 952 1558 quam
973 1480 1015 1524 ex
1036 1460 1139 1524 eonti-

85 1543 189 1620 nenti,
204 1480 323 1643 praeda
407 1567 434 1621 a,
451 1565 552 1630 quum
566 1544 601 1608 in
615 1565 711 1608 naves
730 1565 763 1608 se
778 1557 980 1644 receptssent,
995 1567 1036 1609 ex
1052 1543 1139 1610 Bali·

86 1628 196 1694 aribus
206 1629 318 1694 msulis
331 1557 428 1717 ligatu
437 1651 549 1716 pacem
606 1641 709 1694 tentes
720 1629 763 1694 ad
779 1629 963 1718 Scipionem
972 1645 1136 1696 venerunt

86 1714 171 1780 Inde
185 1715 270 1780 flexa
283 1729 367 1780 retro
381 1716 497 1794 classis,
512 1651 650 1780 redibam
675 1737 714 1780 ue
730 1716 764 1779 in
779 1717 924 1782 citeriore
937 1717 1137 1804 provinciae3

85 1802 308 1888 quoomnium
362 1801 520 1889 pulorum,
532 1802 589 1889 qui
600 1739 790 1866 eislbemm
801 1802 956 1881 incolunt,
966 1803 1138 1870 multorum

85 1901 121 1952 et
140 1887 271 1953 ultimae
333 1889 340 1902 “
381 1888 471 1954 auiae
495 1888 591 1975 legati
615 1902 852 1954 concurrerunt.
900 1889 965 1955 Sed
987 1890 1044 1977 qui
1064 1913 1137 1956 vere

85 1974 219 2040 ditionis
247 1974 292 2038 im
334 1974 372 2040 rit
396 1997 436 2040 ue
469 1973 607 2040 Romani
636 1973 711 2039 faeti
740 1987 824 2053 sunt,
855 1975 1016 2041 obsidibus
1045 1976 1137 2054 datis,

85 2059 209 2148 populi,
221 2082 295 2147 amp
308 2061 357 2126 'us
370 1997 501 2126 berum
514 2073 645 2126 eentum
656 2058 778 2146 viginti.
823 2059 927 2146 Igitur
941 2063 1139 2128 terrestribus

62 2181 74 2215 1
86 2169 219 2233 quoque
227 2147 327 2234 copiis
341 2146 415 2212 satis
429 2145 532 2212 fidens
547 2146 713 2212 Romanus
724 2167 825 2233 usque
840 2146 882 2210 ad
896 2146 1010 2212 saltum
1024 2147 1140 2214 Castu-

86 2232 253 2298 lonensem
268 2245 317 2298 est
326 2255 516 2321 progressus.
563 2230 745 2298 Hasdrubal
758 2233 793 2298 in
805 2232 1003 2298 Lusitaniam
1018 2255 1055 2298 ae
1066 2256 1139 2321 pro-

83 2318 162 2408 pius
177 2318 343 2385 Ooeanum
358 2319 520 2386 concessit.

134 2405 289 2481 Quietum
309 2405 385 2471 inde
406 2405 472 2472 fore
488 2404 654 2470 videbatur
675 2406 834 2493 reliquum
854 2405 980 2472 aestatis
1002 2420 1136 2495 tempus,
1239 2450 1247 2466 .

85 2491 263 2579 dixissetque
287 2515 345 2593 per
370 2492 516 2558 Poenum
541 2491 684 2569 hostem3
714 2492 781 2569 sed,
805 2505 1026 2592 praeterquam
1050 2494 1138 2581 quod

84 2579 229 2680 ipsorum
253 2577 470 2666 Hispanorum
488 2578 632 2728 inqpseta
652 2579 808 2666 avidaque
826 2601 860 2642 rn
880 2601 979 2644 novas
999 2602 1049 2644 res
1063 2594 1138 2647 sunt

59 2665 227 2839 affinia,
246 2663 443 2730 Mandonius
463 2663 538 2729 Indi
560 2665 684 2752 iliaque,
699 2665 756 2752 qui
778 2678 873 2730 antea
893 2664 1067 2753 Ilergetum
1089 2690 1139 2734 re·

102 2839 110 2852 ·
145 2775 183 2816 us
196 2751 309 2830 fuerat,
324 2765 492 2852 postquam
509 2751 647 2816 Romani
667 2753 707 2852 ab
722 2751 804 2852 saltu
818 2773 973 2818 recessere
988 2753 1029 2818 ad
1044 2755 1140 2820 mari-

85 2855 200 2938 ”mim
236 2837 956 2990 ⁰iil⁰taiili¹l¹⁸up⁰pl¹illllvlnffim
1010 2853 1139 2990 nve‘rlll

59 2947 312 3084 ³310trnup1unffl
337 3011 475 3076 militum
498 2947 756 3098 cquexpeditis
780 3010 916 3090 auxiliis,
942 3033 962 3076 a
989 3010 1138 3099 Scipione

123 3249 199 3298 Md
215 3251 366 3311 Honorem]
396 3249 480 3307 Quam
502 3249 596 3308 urbem,
629 3249 714 3311 pellet.
735 3247 832 3297 cdinfr.
844 3247 911 3298 xxvi.
922 3261 961 3310 47.

85 3329 137 3362 non
156 3313 212 3362 aliis
231 3321 399 3374 memoratam,
417 3314 443 3362 in
463 3313 595 3362 Tarracon.
664 3314 783 3361 rsaltssm
794 3313 1003 3370 Castulonensem]
1022 3313 1061 3361 Ad
1073 3312 1139 3374 ripas

86 3377 596 3440 Hispaniaintercartbaginemnovamet
630 3375 715 3425 Baetis
742 3375 849 3424 fluminis
876 3391 953 3438 prope
977 3377 1138 3426 Castulonem

86 3442 189 3490 Iberum
197 3443 268 3492 sitam
276 3442 350 3491 liniue
358 3447 455 3504 putant.
467 3443 533 3491 Ros.
549 3443 596 3491 Ge
629 3441 792 3489 Oretanorum
799 3440 884 3488 urbem
891 3439 1033 3490 maximam.
1045 3440 1139 3502 Deqno

85 3511 168 3554 terum
180 3507 317 3556 Etesiarum
332 3506 436 3555 coniecit
453 3507 475 3557 1.
489 3505 596 3554 Gronov.
630 3502 729 3552 Asinius
742 3503 823 3552 Pollio
838 3503 862 3551 in
878 3501 931 3554 Cic.
945 3503 1024 3565 Epist
1035 3505 1066 3552 ed
1080 3503 1138 3553 Div.

85 3575 113 3619 et
122 3571 232 3619 Onusam
242 3569 351 3634 reposuit
362 3569 469 3620 Beklrer.
629 3569 801 3629 x.31.Sataa
816 3568 1005 3627 emtum,
1020 3570 1064 3631 psat
1079 3583 1138 3616 usu·

123 3636 200 3698 9Ad
213 3637 403 3698 hemnacum]
435 3635 528 3684 Urbem
547 3648 597 3698 non
627 3633 1139 3694 portmasmsmtabettartomotnaee

85 3697 292 3748 aliundenotam.
324 3701 597 3760 Ubs'vs'smcfflsaspoe
624 3697 834 3760 frequentatione
862 3697 996 3745 latrocinalis
1026 3697 1138 3758 s'nseets'er

86 3763 117 3820 ts',
142 3762 208 3824 quod
236 3770 349 3825 sportam
376 3761 478 3811 Graecis
508 3761 598 3810 dicitur
623 3761 711 3822 saetas
721 3767 764 3810 est.

85 3825 179 3886 mites,
190 3825 252 3888 inps.
263 3826 367 3890 genista,
376 3833 403 3875 at
414 3825 534 3876 Romanis
543 3825 596 3873 iun-
659 3839 672 3873 a
684 3826 779 3885 Anus]
790 3825 929 3886 Antequam
938 3824 1071 3887 Ilergetum
1079 3839 1139 3886 gens

87 3903 132 3938 cus
152 3889 310 3953 Hispanicus,
327 3891 397 3940 caius
416 3889 525 3938 maxima
545 3893 597 3937 erut
629 3889 674 3936 sub
689 3887 728 3936 ius
744 3887 911 3950 ditionemque
922 3889 1091 3937 Romanorum
1102 3903 1138 3937 re·

87 3951 161 4016 eopia
175 3953 201 4002 in
217 3953 311 4016 campis
321 3952 463 4018 Carthagini
474 3967 552 4002 novas
563 3951 596 4000 vi·
629 3951 751 4014 digeretm
761 3968 777 4000 a
784 3952 831 4002 On.
838 3951 962 4026 Scipione,
970 3953 1036 4014 quod
1046 3967 1138 4001 memo

86 4016 162 4076 einim
179 4018 245 4066 unde
263 4033 293 4066 ee
309 4033 406 4082 quoqne
421 4019 553 4081 spartaria
572 4021 597 4065 et
629 4021 709 4064 ratum
721 4022 758 4065 est
768 4031 834 4078 supr.
845 4029 895 4064 xxr.
907 4013 947 4064 61.
964 4015 1044 4065 Cnsv.

86 4080 341 4142 xrwmmsnicta
359 4081 426 4131 Itur.
460 4081 501 4132 De
515 4081 597 4129 multi·
666 4093 680 4140 3
701 4081 823 4140 Aeacidis]
859 4077 944 4141 copiis
970 4079 1138 4142 miliaribus,

87 4144 334 4207 plicehuiusherbae
344 4161 390 4196 usu
401 4145 432 4196 el.
444 4145 509 4195 Plin.
518 4145 553 4192 H.
563 4144 597 4193 N.
630 4157 693 4206 quoe
708 4157 758 4192 non
775 4144 904 4192 Romanae
920 4157 966 4192 nee
982 4143 1085 4192 Latinae
1102 4157 1138 4190 cs-

86 4207 140 4258 xix.
156 4222 179 4257 a.
194 4209 261 4259 xxiv.
276 4223 300 4274 9.
331 4211 400 4258 Inter
420 4210 470 4258 alia
491 4209 598 4258 {unae
629 4208 788 4266 sent,sedex
800 4206 854 4255 eliis
863 4207 976 4282 genitibus
986 4208 1137 4268 quaesend-

87 4277 172 4336 sparto
184 4273 411 4336 parabantur‚quos
421 4271 517 4322 Plinius
525 4289 597 4335 prae
629 4271 759 4322 iunxerant
771 4272 897 4320 Romanis.
914 4271 996 4319 Cass.

88 4339 162 4399 elprae
174 4339 203 4384 la
215 4339 287 4400 cquis
301 4340 412 4401 marique
433 4338 533 4388 iaoletos
554 4352 597 4398 ap-
