2866 4770
325 249 390 310 486
714 237 829 304 ΤΙΤΙ
858 236 995 304 LIVII

176 393 250 444 uc.
267 383 383 456 548.‘in
404 380 511 446 animo
525 379 585 444 sibi
605 401 682 454 esse,
700 376 892 466 Lilybaeum
912 377 1010 442 classe
1032 377 1201 454 traducta,
1218 377 1381 462 eodemque
1429 405 1430 442 l

173 459 204 508 A.
221 459 251 508 ⁰·
268 471 341 518 ²⁰⁴·‘
350 468 497 534 omnibus
508 467 654 554 peditum
665 464 874 552 equitumque
887 465 987 616 copieis
997 465 1193 542 contractis,
1203 487 1289 551 qnae
1299 463 1382 550 prinu

332 555 423 620 ‘dies
436 575 563 618 cursum
578 551 711 618 navibus
731 550 831 628 deret,
847 550 916 615 deis
977 573 1019 614 ne
1040 551 1250 628 iuvantibus,
1265 551 1299 614 in
1313 550 1382 613 Affi-

174 645 279 710 ltnly-
333 651 422 707 ‘cam
442 639 604 704 traiicere.’
648 637 773 702 Literas
795 637 837 702 ad
859 637 906 701 M.
920 637 1148 724 Pomponium
1173 638 1287 714 mittit,
1306 635 1381 711 utsi

175 713 271 761 meum.
332 729 364 794 ei
381 726 551 802 videretur,
571 725 761 824 Lilybaeum
783 724 922 788 reniret:
947 739 982 788 ut
1004 725 1242 788 communiter
1261 722 1381 788 consule·

333 826 414 890 rent,
427 835 506 900 quas
521 813 719 899 potissumum
734 810 884 896 legiones,
898 824 931 873 et
945 825 1109 910 quantum
1128 811 1279 875 militnm
1293 831 1381 873 nune

333 923 405 965 rum
421 899 455 964 in
471 897 613 962 Africam
625 897 792 962 traiiceret.
838 895 919 960 Item
935 919 1057 960 circum
1075 919 1175 960 oram
1194 919 1322 961 omnem
1333 915 1382 958 nn

334 987 471 1051 ritimam
487 984 581 1060 misit,
597 996 634 1047 ut
647 1004 744 1046 naves
755 983 916 1046 onerariae
932 984 1200 1081 comprehensae
1217 984 1382 1070 Lilybaeum

335 1095 446 1136 omnes
468 1070 738 1136 contraherentur.
787 1067 952 1154 Quicquid
973 1069 1121 1132 militum
1149 1069 1383 1156 naviumqnein

338 1157 445 1223 Sicilia
470 1170 546 1233 eret,
572 1177 671 1242 quum
698 1153 887 1241 Lilybaeum
911 1155 1161 1232 convenissent,
1188 1171 1226 1221 et
1250 1179 1308 1220 nec
1329 1153 1385 1217 urbs

336 1243 573 1309 multitudinem
595 1240 772 1316 bominum,
791 1263 851 1304 nec
869 1255 978 1328 portus
999 1263 1102 1304 naves
1130 1257 1283 1329 caperet,
1302 1257 1384 1304 tanus

337 1331 484 1395 omnibus
495 1327 588 1393 ardor
598 1341 666 1392 erat
681 1327 714 1390 in
727 1327 868 1390 Africam
882 1327 1073 1403 traiiciendi,
1087 1340 1131 1392 nt
1148 1351 1224 1394 non
1235 1329 1278 1394 ad
1291 1327 1386 1392 bellun

337 1417 411 1480 duci
423 1415 616 1490 viderentur,
629 1412 686 1478 sed
700 1413 741 1476 ad
752 1426 838 1477 certa
852 1413 1000 1477 victoriae
1010 1415 1178 1499 praemia.
1224 1415 1386 1500 Praecipue,

361 1502 393 1565 ui
409 1501 600 1588 superabant
614 1523 655 1564 ex
673 1497 836 1564 Cannensi
851 1499 1003 1575 exercitu,
1019 1499 1163 1578 milites,
1181 1501 1255 1578 illc,
1270 1498 1388 1565 nonalis

337 1525 429 1664 duee,
441 1586 622 1662 credebant,
635 1599 748 1650 navate
761 1585 805 1650 rei
830 1585 951 1649 ublicae
967 1607 1077 1671 opera,
1088 1585 1197 1651 finire
1214 1609 1252 1652 se
1267 1585 1388 1650 militiam

337 1673 580 1760 ignominiosam
595 1693 696 1760 posse.
743 1671 787 1735 Et
806 1608 913 1758 §cipio
928 1671 1062 1734 minime
1086 1672 1128 1736 id
1144 1697 1261 1760 genus
1275 1672 1388 1736 militum

337 1757 580 1846 aspemabetur:
605 1771 642 1822 ot
657 1757 713 1844 qui
728 1780 832 1844 neque
849 1757 890 1821 sd
906 1757 1035 1822 Cannas
1057 1757 1205 1844 ignavia
1220 1782 1329 1825 eorum
1342 1757 1388 1820 ele

338 1845 412 1910 dem
433 1867 506 1909 acce
530 1858 594 1908 tam
614 1844 717 1920 sciret,
733 1865 838 1930 neque
860 1843 941 1908 ullos
956 1865 1059 1929 aeque
1082 1858 1226 1910 veteres
1246 1844 1386 1910 militesiu

338 1932 480 1996 exercitu
497 1867 644 1994 liomano
656 1951 734 2005 esse,
744 1943 953 2016 expertosque
963 1952 1027 1994 non
1039 1932 1146 1994 variis
1155 1932 1296 2019 proeliis
1305 1929 1385 1998 modo

338 2017 395 2082 sed
418 2017 548 2081 urbibus
572 2015 667 2080 etiam
692 2014 921 2102 oppugnandis.
970 2015 1099 2089 Quinta
1125 2031 1165 2081 et
1199 2033 1296 2082 sexta
1320 2016 1384 2080 Can-

307 2141 312 2154 ·
338 2125 452 2168 nenses
462 2117 552 2166 erant
561 2102 590 2166 lc
612 2101 709 2165 iones
757 2101 819 2166 Eas
830 2123 863 2164 se
873 2102 1081 2166 traiecturum
1093 2103 1132 2166 in
1144 2103 1299 2169 Africam
1308 2121 1383 2189 quun

338 2189 480 2266 dixisset,
503 2125 643 2273 singulos
669 2186 785 2252 milites
810 2187 965 2274 inspexit:
997 2187 1208 2275 relictisque,
1234 2213 1314 2278 quos
1336 2207 1382 2250 nun

338 2275 469 2338 idoneos
484 2275 642 2351 credebat,
659 2273 694 2336 in
713 2273 818 2338 locum
834 2295 945 2338 eorum
967 2274 1114 2350 subiecit,
1135 2299 1226 2362 quos
1242 2297 1343 2340 seeum
1354 2293 1382 2334 er

339 2360 430 2430 Italia
446 2360 640 2436 adduxeram
664 2359 885 2450 supplevitque
900 2360 945 2424 ita
959 2381 1011 2424 eas
1025 2357 1188 2446 legiones,
1208 2375 1248 2426 ut
1262 2359 1382 2459 singular

339 2471 416 2512 sena
430 2447 530 2511 millia
549 2459 582 2510 et
601 2445 742 2510 ducenos
756 2444 889 2532 pedites,
906 2459 1048 2510 trecenos
1070 2445 1242 2512 baberent
1260 2461 1379 2534 equite:

339 2534 496 2597 sociorum
511 2533 588 2597 item
604 2532 713 2596 Latini
728 2532 866 2596 nominis
885 2531 1008 2620 pedites
1024 2533 1227 2621 equitesque
1248 2535 1290 2598 de
1310 2551 1381 2596 exer·

339 2618 406 2682 citu
423 2617 585 2686 Cannensi
600 2617 686 2718 legit.

273 2761 280 2778 ,
386 2704 552 2778 Quantum
578 2703 715 2768 militum
742 2703 776 2766 in
803 2703 945 2767 Africam
972 2717 1231 2790 transportatum
1257 2707 1308 2782 sit,
1331 2723 1379 2766 nm

339 2813 436 2878 paruo
450 2813 584 2854 numero
599 2791 683 2854 inter
697 2801 840 2856 auctores
855 2789 1020 2876 discrepat
1055 2790 1150 2854 Abbi
1166 2792 1287 2856 decem
1301 2789 1379 2854 millis

339 2876 494 2964 peditum,
519 2876 583 2940 duo
607 2875 705 2940 millia
730 2888 764 2942 et
789 2875 943 2940 ducentos
968 2876 1102 2964 equites,
1128 2877 1210 2942 alibi
1235 2877 1379 2942 sexdecim

340 2963 440 3030 millia
454 2962 607 3050 peditum,
624 2961 710 3026 mille
725 2975 758 3028 et
772 2974 938 3032 sexcentos
952 2963 1096 3048 equites;
1119 2962 1201 3027 alibi
1220 2961 1379 3062 panepln·

339 3049 473 3114 dimidia
496 3071 564 3113 rem
586 3062 721 3126 auctam,
745 3048 887 3136 quinque
911 3061 944 3113 et
968 3047 1098 3134 triginta
1120 3049 1227 3113 millia
1251 3050 1379 3137 pedttun
1427 3079 1428 3095 π

340 3137 548 3222 euitumque
582 3135 616 3198 ln
646 3157 743 3198 naves
773 3133 920 3222 imposita
951 3134 1088 3198 invenio.
1149 3134 1299 3210 Quidam
1328 3153 1379 3196 non

340 3159 484 3286 adiecere
505 3243 693 3286 numerum:
717 3220 802 3284 inter
821 3243 901 3308 quos
922 3242 973 3285 nte
996 3220 1063 3310 ipse
1085 3221 1120 3284 in
1141 3243 1176 3284 re
1198 3221 1301 3286 dubia
1319 3217 1379 3307 pul

340 3307 457 3372 malim.
505 3306 644 3383 Coelius,
669 3319 706 3370 ut
731 3307 867 3372 abstinet
892 3327 1034 3384 numero,
1058 3307 1104 3370 ita
1128 3306 1171 3370 ad
1201 3309 1380 3372 immersum

341 3393 553 3458 multitudinis
572 3393 709 3479 speciem
731 3404 834 3478 auget
880 3391 1033 3458 Volucres
1053 3391 1095 3456 ad
1115 3405 1236 3458 terram
1252 3393 1380 3478 delapsu
1426 3389 1427 3463 l

340 3480 476 3544 clamore
492 3478 628 3542 militum
643 3479 697 3555 sit,
714 3490 898 3564 tantamque
914 3477 1153 3548 multitudinem
1168 3479 1381 3544 conscendisse

340 3588 445 3643 naves,
470 3579 506 3628 ut
531 3587 626 3629 nemo
652 3563 841 3638 mortalium,
867 3576 922 3628 aut
946 3564 983 3626 in·
1005 3562 1107 3642 Italia,
1131 3577 1189 3632 aut
1213 3566 1251 3636 in
1276 3563 1381 3637 Sicil‘n,

340 3651 420 3716 relin
445 3651 479 3714 ui
492 3650 661 3716 videretur.
1425 3671 1426 3696 ³

183 3753 331 3817 depluens
385 3675 509 3810 Milites
523 3749 560 3802 ut
574 3738 609 3806 in
620 3758 715 3800 naves
726 3735 837 3800 ordine
849 3757 885 3799 ac
896 3735 963 3800 sine
976 3735 1113 3803 tumultu
1126 3737 1383 3808 conscenderent

182 3833 309 3931 myli&
340 3823 350 3886 i
389 3845 501 3888 eeam
524 3823 583 3887 sibi
610 3843 718 3887 curem
741 3821 882 3910 sumpsit
928 3820 1083 3886 Nauticos
1111 3820 1151 3886 C.
1169 3821 1315 3904 Laelius,
1339 3821 1384 3910 qui

340 3931 358 3973 c
371 3908 445 3972 assis
460 3909 636 3994 praefectus
647 3921 724 3986 erat,
736 3909 771 3971 in
786 3909 927 3984 navibus,
940 3920 1013 3972 ante
1025 3908 1244 3974 conscendere
1257 3923 1383 3979 coactos

339 3993 506 4058 continuit.
554 3994 760 4064 Commeatus
781 3993 967 4081 imponendi
988 3991 1035 4058 M.
1049 3994 1129 4058 Pom
1174 3996 1234 4059 nio
1256 3995 1384 4084 praemii
1424 4013 1425 4048 l

340 4103 416 4145 cura
430 4078 521 4142 data:
561 4082 681 4166 uinque
696 4093 729 4146 et
740 4079 949 4167 quadraginta
962 4079 1087 4144 dierum
1101 4015 1233 4159 cibiria,
1246 4084 1384 4170 equibus

340 4163 523 4250 quindecim
538 4103 663 4236 dierum
678 4177 777 4242 cocta,
793 4167 948 4252 imposita.
995 4165 1043 4230 Ut
1063 4187 1174 4231 omnes
1193 4168 1263 4233 iam
1280 4169 1317 4233 in
1338 4190 1384 4232 na·

339 4250 430 4321 vibus
451 4262 549 4325 erant,
565 4250 695 4336 scaphas
717 4251 932 4330 circummisit,
951 4263 988 4318 ut
1009 4275 1051 4326 ex
1075 4252 1211 4319 navibus
1234 4257 1383 4343 guberna·
