2888 4768
339 193 401 253 218
726 184 841 250 ΤΙΤΙ
870 183 1006 250 LIVll

186 340 218 390 U.
230 340 260 389 ο.
276 341 331 402 ⁵3⁸·
339 321 453 408 viginti
471 321 603 386 flumine
621 319 752 386 adverso
774 321 980 386 subvectum:
1004 320 1133 398 deinde,
1146 335 1182 386 ut
1199 341 1238 386 ea
1253 343 1300 384 rea
1317 333 1370 384 tar·

183 405 260 479 Ago·
277 419 331 466 214»
340 407 411 472 dior
425 430 480 494 spe
492 408 597 484 fuerit,
609 405 651 471 ad
663 407 796 473 Oricum
807 408 890 473 clam
904 422 998 474 noete
1010 409 1183 474 exercitum
1196 405 1368 470 admovimez

183 470 311 596 gflffi}
340 516 475 580 eamque
500 495 621 571 urbem,
644 494 737 558 sitam
763 495 798 559 in
824 494 930 582 pleno,
955 518 1060 582 neque
1083 495 1259 570 moenibus,
1280 515 1386 578 nequer

183 603 291 660 aptum.
340 580 414 645 viris
436 593 531 666 atque
554 581 648 645 armis
669 581 816 658 validam,
838 582 941 668 primo
963 582 1085 669 impetu
1107 603 1287 668 oppressam
1306 602 1369 642 esse.

341 665 433 732 Haec
448 667 631 732 nuntiantes
651 669 845 744 orabantssut
862 691 956 756 opem
974 668 1079 746 ferret,
1095 667 1282 754 hostemque
1301 663 1371 728 haud

340 752 474 818 dubium
494 753 647 818 Romanis
670 767 824 819 terreant
847 755 1012 819 maritimis
1033 755 1150 820 viribus
1172 766 1307 828 arceret;
1327 751 1387 836 quit

341 839 382 904 ob
397 839 517 905 nullam
537 839 631 905 aliam
646 863 781 918 causam,
797 841 858 905 nisi
897 841 961 906 uod
978 841 1183 906 imminerent
1199 840 1314 914 ltaliae,
1327 860 1389 924 per
1423 845 1424 878 ³

341 940 492 992 terentur.
540 925 587 992 M.
599 925 754 1005 Valerius,
765 865 922 1014 praesidio
930 927 993 993 loci
1004 929 1072 994 eius
1086 927 1198 993 relicto
1214 926 1251 991 P.
1262 925 1389 992 Valerios

340 1012 456 1100 legato,
480 1037 554 1078 cum
580 1013 677 1080 classe
702 1015 857 1079 instructa
881 1028 1063 1114 paratoque,
1090 1031 1133 1092 et,
1158 1013 1250 1101 quod
1278 1011 1390 1090 longari

340 1123 436 1166 naves
451 1100 587 1165 militurn
608 1121 721 1188 capere
736 1123 803 1165 non
825 1113 981 1188 poterant,
998 1125 1032 1165 111
1047 1101 1207 1166 onerarias
1227 1098 1374 1186 impositis,

341 1187 440 1252 altero
460 1187 513 1253 die
535 1187 668 1253 Oricum
687 1188 848 1274 pervenit:
873 1189 1049 1274 urbemque
1072 1210 1152 1264 eam,
1177 1187 1242 1252 levi
1265 1197 1374 1250 tenente

340 1273 508 1360 praesidio,
532 1273 619 1361 quod
641 1273 792 1339 recedens
814 1273 889 1338 inde
912 1273 1084 1361 reliquerat
1105 1273 1287 1362 Philippus,
1305 1268 1392 1340 haud?

184 1375 318 1438 Apollonis
342 1382 458 1448 magno
466 1360 638 1426 certamine
648 1361 779 1448 recepit
817 1359 932 1448 legati
943 1384 982 1426 eo
990 1362 1030 1426 ab
1041 1360 1220 1448 Apollonia
1228 1371 1376 1432 venerant,
1424 1391 1425 1432 i

183 1441 307 1516 obsessas
341 1448 535 1524 nuntiantes,
558 1447 593 1512 in
615 1447 779 1512 obsidione
801 1469 880 1523 sese,
927 1447 992 1512 uod
1012 1447 1149 1512 deficere
1172 1449 1216 1512 ab
1241 1443 1378 1512 Romanis

185 1503 311 1568 Philippo.
341 1533 473 1611 nollent,
484 1557 568 1598 esse:
593 1556 698 1622 neque
714 1535 869 1599 sustinere
884 1471 968 1600 ulltra
981 1535 1046 1598 vim
1062 1533 1377 1621 Macedonumpoee

340 1620 403 1684 nisi
423 1620 616 1707 praesidium
638 1621 782 1685 mittatur
806 1621 997 1685 Romanum.
1043 1621 1218 1686 Facturum
1245 1643 1289 1696 se,
1311 1639 1376 1718 quae

340 1705 469 1783 vellent,
492 1706 659 1793 pollicitus,
678 1706 744 1772 duo
765 1707 865 1772 millia
885 1707 1081 1772 delectorum
1099 1706 1241 1772 militum
1264 1705 1378 1770 naribos

341 1791 444 1880 longis
459 1793 557 1857 mittit
576 1793 617 1857 ad
633 1794 748 1858 ostium
766 1793 916 1870 fluminis,
931 1817 1004 1860 cum
1020 1793 1179 1881 praefecto
1200 1789 1394 1868 socienda

342 1877 467 1944 Naevio
481 1877 595 1956 Crista,
607 1879 675 1944 viro
690 1879 826 1968 impigro
837 1893 870 1944 et
884 1881 987 1967 perito
1001 1879 1141 1946 militiae.
1189 1879 1235 1958 Is,
1244 1877 1379 1968 expositis

341 1966 376 2029 in
392 1979 505 2030 terram
519 1966 680 2044 militibus,
691 1967 887 2052 navibusque
899 1966 1032 2032 Oricum
1044 1981 1137 2044 retro,
1148 1967 1239 2033 unde
1257 1979 1378 2038 venerat,

343 2051 385 2116 ad
406 2075 544 2118 ceteram
560 2053 691 2118 classem
713 2053 858 2130 remissis,
874 2052 991 2119 milites
1013 2052 1122 2141 procul
1146 2078 1166 2118 a
1180 2053 1316 2118 flumine
1335 2071 1380 2138 per

341 2139 425 2204 vium
437 2140 568 2204 minime
583 2141 622 2204 ab
637 2140 731 2226 regiis
743 2139 899 2204 obsessam
911 2140 1014 2218 duxit,
1027 2153 1059 2206 et
1074 2153 1178 2218 nocte,
1192 2139 1241 2205 ita
1255 2153 1293 2204 ut
1302 2159 1380 2202 nemo

342 2224 481 2291 hostium
496 2227 637 2304 sentiret,
648 2228 759 2291 urbem
775 2239 823 2290 est
837 2227 1003 2314 ingressus.
1050 2227 1114 2292 Die
1124 2226 1310 2314 insequenti
1323 2223 1382 2312 qui·

342 2335 444 2390 overe,
460 2313 537 2378 dum
553 2314 733 2400 praefectus
747 2313 946 2378 iuventutem
963 2311 1228 2400 Apolloniatium,
1246 2333 1380 2398 armaque

184 2421 331 2472 crstnMa
342 2413 375 2464 et
390 2400 475 2464 urbis
487 2400 568 2464 vires
583 2400 761 2500 inspiceret.
808 2399 875 2464 Ubi
890 2422 928 2465 ea
936 2399 1003 2464 visa
1017 2400 1225 2487 inspectaque
1237 2401 1313 2465 satis
1326 2396 1381 2462 aui·

183 2485 306 2598 ffdffli
343 2507 466 2550 morum
477 2485 590 2562 fecere,
603 2485 760 2572 simulque
775 2486 814 2550 ab
829 2484 1081 2573 exploratoribus
1095 2489 1265 2574 comperit,
1278 2499 1382 2574 quanta

184 2619 231 2663 tur.

342 2571 485 2638 socordia
499 2595 535 2636 ac
551 2572 745 2660 negligentia
759 2572 845 2660 apud
856 2573 962 2638 hostes
973 2587 1073 2650 esset;
1096 2572 1225 2639 silentio
1242 2573 1342 2639 noctis
1351 2569 1382 2633 ab

380 2871 393 2904 o
414 2859 501 2920 Neque
521 2857 657 2917 moenibrn]
696 2857 753 2906 Pur.
773 2857 851 2906 codex
884 2861 937 2904 tum
957 2871 973 2905 a
991 2858 1090 2919 vulgata
1112 2855 1227 2914 lectione,
1248 2861 1305 2906 tum
1322 2855 1383 2904 eim

342 2923 449 2971 moeniis.
482 2921 545 2970 Sunt
556 2921 763 2983 etalieequoque
772 2937 851 2980 voces,
883 2935 1046 2982 amquam
1063 2925 1091 2970 ut
1106 2919 1238 2969 admittere
1253 2922 1384 2970 audeamus

343 3001 406 3046 quae
420 2985 554 3034 identidem
570 2985 595 3033 in
612 2985 706 3048 optimo
723 2985 785 3034 libro
801 3001 851 3034 uon
884 2987 965 3034 Cnav.

343 3050 486 3112 pervulgata
504 3049 582 3098 formo
603 3048 707 3112 scriptae
728 3049 850 3111 reperiun-
916 3051 1107 3110 41mminrrsnt
1122 3049 1224 3108 Italiae]
1257 3048 1344 3098 Italiae
1358 3045 1384 3092 ri·

343 3119 398 3162 tur:
422 3120 451 3161 ut
471 3115 589 3164 obsidium
611 3129 655 3176 pro
676 3115 793 3172 οὸείάαπι,
815 3113 852 3162 bie
884 3111 954 3161 cinea
968 3118 1057 3172 esent,
1068 3129 1099 3162 ex
1116 3114 1217 3162 adrem
1229 3112 1322 3162 Italiae
1335 3111 1384 3160 siue

343 3176 402 3226 xxii.
415 3192 453 3225 or.
464 3183 490 3226 et
500 3191 586 3227 eontra
601 3195 708 3228 memora
726 3192 770 3240 pro
786 3193 851 3226 men·
884 3183 972 3226 essent
994 3177 1023 3226 cf.
1035 3177 1089 3226 infr.
1101 3176 1193 3226 xxxvii.
1206 3175 1246 3228 26.
1266 3177 1350 3226 Darr.

342 3244 414 3300 ciana
425 3240 539 3291 xxiiim.
551 3249 576 3291 et
587 3242 654 3292 xxiv.
668 3257 704 3291 11.
717 3247 742 3290 et
751 3257 852 3303 porrum
917 3257 930 3303 5
947 3243 1077 3291 Praesidio
1092 3243 1137 3292 ioci
1153 3243 1219 3301 riae]
1246 3241 1325 3292 Cuius
1339 3237 1384 3291 lod.

344 3321 388 3367 pro
402 3321 530 3366 pomum,
546 3307 612 3355 xxvi.
632 3321 668 3369 ¹3·
686 3312 712 3355 et
725 3311 852 3368 poteretur
884 3306 979 3366 quaerit
990 3305 1104 3365 Crevier,
1119 3305 1185 3354 baud
1197 3305 1276 3354 dubie
1286 3301 1383 3362 eluceri

344 3383 388 3431 pro
396 3372 527 3431 potiretur,
536 3370 603 3418 xxiii.
612 3385 651 3432 43.
674 3369 852 3431 Ormturqui·
886 3369 1384 3430 praesidebatValenuaBrundisiinempt

344 3433 400 3482 dem
420 3448 516 3496 semper
535 3434 635 3482 exhibet
653 3433 719 3484 idem
738 3434 807 3492 liber,
825 3439 854 3482 ut
886 3438 911 3481 et
922 3433 1059 3484 Calabriae.

344 3496 404 3546 alibi
416 3503 535 3546 notemus
556 3499 628 3547 Adde
637 3499 852 3558 traiciatur,xxix.
917 3495 992 3558 6Et,
1008 3499 1073 3561 quod
1091 3499 1177 3560 iorrpoe
1195 3513 1274 3548 moer
1292 3499 1383 3546 niseus

346 3577 383 3622 24.
395 3567 421 3609 et
432 3564 553 3621 traiceret,
565 3577 623 3610 xxx.
637 3576 674 3622 24.
689 3577 733 3624 pro
745 3564 852 3611 troiicio-
887 3563 1059 3624 ...impositirJ
1073 3577 1105 3610 se.
1115 3561 1150 3610 Iis
1159 3561 1383 3624 militibusque...

344 3633 387 3682 tur
397 3631 422 3673 et
434 3628 564 3676 haimerci.
591 3626 661 3675 Haeo
673 3627 800 3674 observare
811 3641 852 3674 no-
885 3625 1013 3688 impositis.

345 3690 382 3738 bia
393 3705 482 3764 operae
496 3691 601 3752 pretium
612 3706 664 3738 esse
677 3690 754 3739 risum
766 3695 810 3749 est,
821 3692 853 3738 ob
923 3703 936 3751 7
956 3691 1027 3748 Quod
1046 3691 1159 3740 recedam
1179 3691 1236 3739 inde
1261 3691 1383 3753 reliquero

346 3754 461 3802 exinnmn
479 3755 633 3803 vetustissimi
645 3755 736 3804 codicis
748 3755 853 3804 auctori·
885 3755 1031 3817 Philippus]
1056 3755 1126 3812 Quod
1143 3756 1257 3804 τωθάσω
1275 3757 1333 3804 iude
1349 3765 1384 3799 rer

347 3822 430 3866 tatem.
448 3818 528 3867 (ἷκεν.
885 3819 1027 3881 reliquerat,
1040 3833 1071 3867 ex
1088 3817 1227 3868 coniectura
1238 3819 1346 3868 Gronov.
1355 3829 1382 3863 re

385 3895 399 3940 3
421 3883 497 3930 Terra
521 3887 566 3930 aur
590 3884 718 3931 maritimis
746 3885 851 3943 uiribus]
886 3882 1087 3944 posuitBekker.

349 3943 769 4005 llaeoproeuldubiovitiosasunt
792 3946 853 3995 Gro-
922 3947 1085 4007 8Proesroto
1110 3948 1213 4006 eodum]
1245 3945 1304 3996 vin
1326 3941 1383 3992 xxiii.

347 4007 433 4056 novius
449 4023 463 4055 e
478 4023 529 4058 uss.
542 4008 584 4070 qui
601 4013 683 4057 tamen
700 4009 740 4057 bic
757 4025 853 4072 corrup
889 4023 909 4071 7.
942 4012 1058 4062 Ceterum
1075 4025 1164 4074 magne
1180 4026 1236 4073 pars
1249 4011 1382 4073 scriptorum

348 4071 433 4120 tissimi
452 4078 517 4131 sunt,
535 4072 685 4135 suspicatur:
708 4075 855 4138 Hostemque
886 4090 935 4124 non
962 4074 1071 4137 agnoseit
1098 4073 1211 4124 ultimam
1238 4090 1337 4124 vocem:
1361 4077 1382 4118 ul

347 4138 416 4186 baud
438 4137 538 4184 dubium
559 4137 683 4184 Romanii
696 4139 853 4187 Macedonem
888 4139 998 4188 Naevius
1015 4139 1151 4201 praefectus
1167 4139 1264 4188 dioatnr
1281 4138 1337 4188 huie
1351 4151 1382 4184 co

348 4202 423 4262 Epiri
433 4202 562 4248 mritimir
571 4201 672 4249 urbibus
682 4209 784 4260 arceret,
792 4218 855 4266 qrroe
888 4202 951 4264 piae,
958 4218 1103 4265 quocunque
1113 4204 1190 4266 gredo
1202 4203 1304 4252 militiae
1313 4201 1382 4251 uerit

349 4265 472 4312 ....Sed
487 4264 548 4313 haee
562 4264 606 4314 etei
621 4264 745 4327 aptissime
756 4265 855 4314 omnino
888 4267 969 4315 Casu

349 4333 485 4390 eongmunt
495 4329 526 4378 ed
538 4343 644 4388 sensum,
654 4328 749 4392 longius
764 4330 855 4378 abeunt
