3002 4798
388 249 429 312 76
501 311 505 324 ,
602 242 605 249 ’
769 241 881 310 ΤΙΤΙ
912 241 1047 309 LIVII

229 389 260 440 U·
272 388 301 438 0-
315 399 369 451 53⁵·
390 390 494 446 ‘nunc
508 382 601 448 busta
613 380 737 446 Gallica
750 395 834 458 sunt,
847 395 880 445 et
890 371 1016 468 postero
1027 381 1079 446 die
1094 381 1173 446 citra
1185 380 1306 446 Gabios
1320 383 1435 448 cecidit

224 455 256 503 Α·
273 455 302 503 ⁰·
315 465 370 515 ²¹7·
390 467 576 533 ‘Gallorum
590 467 739 556 legiones
788 468 900 544 Quid?
921 480 994 556 post
1012 468 1129 533 multos
1148 491 1257 546 annos,
1273 491 1378 556 quum
1398 470 1453 534 ads

389 553 558 620 ‘Furculas
590 553 752 620 Caudinas
773 556 813 619 ab
838 555 979 620 Samnite
1008 554 1098 620 hoste
1127 555 1319 644 subiugum
1352 557 1437 620 missi

389 650 525 720 ‘sumus
548 657 655 706 utrum
685 642 815 706 tandem
837 641 875 706 L.
892 641 1037 728 Papirius
1062 639 1182 706 Cursor
1210 643 1286 729 iuga
1313 641 1437 707 Samnii

390 737 400 766 ‘
449 727 637 805 rlustrand0,
662 752 703 793 an
729 729 897 793 Luceriam
949 728 1100 793 remando
1130 728 1382 816 obsidendoque,
1406 743 1437 794 et

389 751 591 880 ‘labeasendo
607 816 758 880 victorem
772 815 906 892 hostem,
922 751 1090 916 depulsum
1109 816 1149 880 ab
1165 814 1322 880 Romanis
1336 819 1437 880 cervi-

390 902 497 967 ‘oibus
518 903 628 990 iugum
651 903 786 990 superbo
810 901 944 966 Samniti
966 901 1138 989 imposuit?
1187 901 1290 967 Modo
1314 902 1357 968 C.
1370 903 1456 972 Lu=a

390 991 485 1054 ‘tatio
500 1013 582 1077 quae
598 988 659 1053 alia
677 1011 736 1066 rea,
752 1011 848 1074 quam
868 987 1020 1065 celeritas,
1036 989 1197 1053 victoriam
1212 988 1326 1052 dedit?
1349 991 1438 1077 quod

390 1085 534 1164 ‘postero
563 1076 626 1153 die,
649 1099 745 1163 quam
774 1075 898 1140 hostem
919 1075 1008 1152 vidit,
1032 1074 1162 1140 classem
1189 1097 1320 1162 marem
1351 1100 1438 1142 com-

390 1163 572 1240 ‘meatibua
588 1162 771 1249 impeditam
788 1173 912 1226 suomet
926 1161 1026 1249 ipsam
1040 1161 1251 1227 instmmento
1265 1177 1366 1250 atque

390 1257 400 1287 ‘
431 1263 529 1327 aratu,
545 1250 707 1336 oppressit.
756 1247 897 1314 Stultitia
918 1261 975 1325 est,
991 1247 1131 1314 sedendo
1154 1261 1209 1313 aut
1228 1249 1310 1314 votis'
1324 1187 1437 1315 dedit*-

389 1271 466 1400 ‘lai
480 1337 608 1400 credere
623 1359 722 1423 posse.
770 1335 897 1400 Armari
912 1335 1017 1423 copias
1032 1350 1166 1422 oportet,
1181 1335 1390 1402 deducendas
1403 1338 1436 1401 in

390 1431 556 1509 ‘aequum,
574 1435 612 1486 ut
632 1423 680 1486 vir
701 1445 774 1487 cum
796 1421 863 1486 viro
884 1421 1105 1508 congrediaris
1152 1421 1316 1488 Audendo
1338 1439 1435 1512 atque

390 1509 532 1596 ‘agendo
544 1531 594 1574 res
607 1509 753 1574 Romana
767 1509 873 1586 crevit,
885 1531 951 1572 non
967 1509 1016 1572 his
1030 1509 1178 1595 segnibus
1189 1509 1346 1587 consiliis,
1354 1533 1436 1598 quaa

390 1596 513 1660 ‘timidi
535 1609 627 1660 cauta
647 1597 781 1660 vocant'
839 1593 930 1660 Haec
951 1596 1039 1660 velut
1062 1596 1263 1660 concionanti
1287 1595 1437 1662 Minucio

389 1681 699 1746 circumfundebatur
733 1683 931 1747 tribunorum
971 1681 1179 1782 equitumque
1214 1681 1437 1749 Romanorum

389 1767 570 1845 multitudo,
587 1780 620 1832 et
634 1769 674 1833 ad
690 1791 780 1834 aures
798 1790 926 1856 quoque
945 1768 1083 1833 mihtum
1098 1768 1184 1833 dicta
1197 1767 1317 1834 ferocia
1329 1769 1437 1835 volve

389 1854 520 1920 bantur:
545 1877 590 1933 ac,
607 1855 633 1919 si
648 1855 791 1920 militaris
809 1856 948 1943 suffragii
963 1877 1013 1920 res
1034 1865 1125 1932 esset,
1140 1855 1227 1920 haud
1242 1854 1340 1920 dubie
1355 1858 1454 1922 fere-1

389 1942 477 2018 bant,
494 1940 674 2006 Minucium
690 1940 788 2006 Fabio
803 1941 877 2006 duci
891 1942 1091 2028 praelaturos

282 2027 330 2088 15.
433 2027 548 2094 Fabius
560 2029 688 2130 pariter,
704 2029 738 2092 in
759 2051 832 2093 suos
853 2028 941 2093 baud
962 2029 1067 2093 minus
1088 2051 1184 2116 quam
1206 2029 1241 2092 in
1262 2029 1374 2094 hostes
1389 2031 1437 2095 in-

227 2112 354 2187 Fabiusjn
389 2129 505 2195 tentus,
520 2113 608 2204 p'uus
620 2115 731 2180 abillis
746 2115 900 2180 invictum
912 2116 1053 2180 animum
1067 2127 1212 2202 praestat
1238 2116 1455 2204 Quanquama

225 2183 380 2304 {ffim‘
387 2203 484 2304 probe
500 2203 568 2280 scit,
584 2203 697 2268 nonin
713 2202 820 2266 castris
840 2201 935 2266 modo
955 2201 1029 2280 suia,
1044 2203 1100 2267 sed
1115 2203 1178 2267 iam
1198 2203 1295 2267 etiam
1311 2203 1436 2268 Romae

387 2290 539 2354 infamem
553 2311 642 2354 suam
657 2289 894 2354 cunctationem
914 2311 991 2367 esse,
1008 2289 1182 2354 obstinatus
1196 2301 1306 2354 tamen
1320 2291 1438 2355 eodem

388 2375 590 2441 consiliorum
602 2391 711 2440 tenore
723 2376 849 2439 aestatis
859 2375 1016 2462 reliquum
1028 2377 1182 2442 armarit:
1207 2389 1243 2440 ut
1258 2375 1436 2453 Hannibal,

387 2462 557 2526 destitutus
572 2461 611 2525 ab
626 2483 681 2547 spe
695 2483 894 2548 summopere
906 2461 998 2549 petiti
1013 2463 1201 2540 certaminis,
1214 2463 1277 2527 iam
1292 2462 1437 2530 hibernis

388 2547 492 2612 locum
504 2547 791 2635 circumspectaret:
809 2549 885 2635 quia
899 2570 938 2612 ea
951 2549 1038 2636 regio
1049 2549 1223 2636 praesentis
1233 2563 1301 2614 erat
1312 2553 1455 2638 sopierat

388 2657 454 2698 non
469 2647 650 2721 perpetuae,
666 2634 793 2699 arbusta
811 2635 996 2722 vineaeque,
1012 2648 1046 2700 et
1066 2636 1188 2701 consita
1207 2637 1317 2701 omnia
1334 2639 1437 2726 magis

389 2720 540 2797 amoenis,
563 2743 659 2808 quam
683 2721 865 2786 necessariis
884 2721 1045 2787 fiuctibus
1097 2721 1187 2787 Haec
1209 2745 1267 2810 per
1287 2723 1437 2810 explora-

390 2821 473 2872 tores
487 2807 585 2872 relata
599 2805 704 2872 Fabio.
752 2806 862 2882 Quum
882 2808 955 2872 satis
975 2808 1077 2887 sciret,
1093 2831 1152 2896 per
1170 2809 1298 2874 easdem
1319 2833 1438 2898 angus-

390 2895 457 2972 tias,
474 2893 589 2980 quibus
610 2894 781 2959 intraverat
801 2893 969 2960 Falernum
989 2917 1110 2982 agrum,
1131 2897 1318 2974 rediturum,
1336 2897 1439 2962 Calli·

388 2981 492 3045 culam
514 2995 656 3046 montem
678 2994 711 3045 et
734 2979 911 3046 Casilinum
933 2993 1067 3069 occupat
1088 2982 1220 3048 modicis
1248 2985 1437 3070 praesidiis;

389 3089 470 3152 quae
485 3067 569 3145 urbs,
585 3066 746 3132 Vultumo
765 3067 895 3133 flumine
916 3067 1017 3133 ditem
1041 3082 1081 3146 ta,
1097 3069 1267 3134 Falernum
1282 3093 1321 3134 ac
1338 3069 1439 3136 Cam-

388 3175 507 3241 panum
522 3177 612 3242 agros
626 3153 756 3219 dividit:
781 3155 848 3241 ipse
870 3155 989 3305 Εἴ
1030 3177 1081 3220 em
1101 3157 1276 3222 exercitum
1298 3157 1437 3234 reducit,

388 3241 483 3308 misso
509 3241 707 3342 exploratum
730 3263 803 3306 cum
826 3264 868 3327 qu
929 3241 935 3254 '
961 3243 1064 3329 gentis
1086 3243 1247 3330 equitibus
1275 3243 1439 3309 socionmr

226 3349 356 3400 Mancinus
389 3327 426 3393 L.
441 3327 580 3394 Hostiho
597 3327 758 3394 Mancino.
807 3325 874 3403 Qui
894 3329 1048 3394 exturba
1068 3328 1219 3394 iuvenum
1234 3329 1439 3396 audientium

225 3430 315 3464 W&
388 3437 480 3503 saepe
496 3414 641 3480 ferociter
660 3415 902 3480 concionantem
921 3415 1105 3501 magistrum
1120 3417 1274 3504 equitum,
1289 3439 1350 3504 pro
1428 3455 1440 3466 ·

387 3525 440 3568 sus
453 3503 557 3590 primo
578 3501 783 3588 exploratoris
805 3500 910 3579 modo,
925 3514 963 3566 ut
983 3523 1024 3566 ex
1047 3515 1115 3567 tuto
1130 3503 1347 3590 specularetur
1390 3529 1440 3569 os·

388 3772 441 3806 rum
456 3760 568 3819 exauget,
582 3759 609 3803 ut
623 3754 714 3805 maiore
729 3753 822 3804 invidia
837 3769 892 3802 one·
925 3769 981 3804 men
995 3760 1047 3804 erat
1058 3755 1135 3806 Fabio
1146 3771 1202 3804 eum
1216 3756 1281 3816 suin
1298 3761 1334 3815 et,
1344 3772 1398 3820 quo
1415 3775 1440 3806 aa

387 3827 425 3869 ret
447 3821 518 3869 Fabii
539 3819 728 3868 auncmdonem.
748 3819 829 3868 Cast.
862 3819 893 3868 cs.
925 3819 1044 3868 invictum
1056 3826 1189 3882 praestaret
1199 3822 1230 3870 ab
1241 3821 1362 3882 hostibus,
1369 3824 1441 3885 prius

388 3899 453 3946 supr.
466 3901 487 3934 v.
499 3885 537 3944 48.
925 3885 1288 3943 uecemaemtutaeiuvictum
1299 3895 1440 3948 praestana

422 3949 620 3997 BAdFurculaa
631 3947 769 4007 Gaudium]
783 3946 893 4010 orsapr.
925 3963 941 3995 a
961 3949 1017 3996 suis.
1058 3949 1162 3998 Codices
1183 3951 1248 4008 altu,
1270 3949 1314 3998 sed
1334 3953 1389 4000 utta
1409 3967 1440 3999 ex

388 4012 421 4062 ix.
434 4025 458 4075 5,
469 4011 492 4062 6.
924 4013 1020 4062 emend.
1030 4011 1136 4063 Gronov.
1149 4013 1204 4062 edd.
1216 4028 1302 4062 omues
1312 4016 1433 4076 probant.

419 4093 435 4152 9
452 4078 526 4126 Modo
538 4077 564 4126 U.
575 4079 686 4137 Lutatio]
713 4076 786 4125 Bello
798 4074 892 4124 Punico
957 4091 971 4138 3
988 4078 1129 4127 Praesentia
1144 4085 1197 4127 erat
1209 4079 1302 4141 copias,
1315 4095 1367 4128 raon
1379 4097 1439 4142 pen

388 4141 696 4264 llll’lltllffiffll
711 4155 838 4190 ‘mmm'
861 4141 892 4188 a.
922 4143 1025 4252 ἔξω
1041 4141 1440 4255 statuamus&

421 4284 431 4316 r
451 4271 530 4318 Haud
544 4270 757 4329 dubiasarsbont]
786 4268 848 4317 Prae
867 4284 893 4316 se
925 4219 1438 4330 nistiaudpotemmquaeatandoexea

386 4334 504 4392 ferebant,
515 4333 645 4382 iactabant.
664 4335 694 4382 cl.
706 4347 771 4394 supr,
783 4331 833 4379 xxi.
845 4347 883 4391 41.
926 4331 983 4380 citui
995 4333 1129 4382 necasmria
1140 4339 1215 4383 erant.
1233 4335 1315 4384 Cast.

384 4413 386 4418 ·
419 4399 528 4447 aPriru
546 4398 657 4457 abillis]
688 4396 797 4445 Primum
818 4403 893 4444 certa·
