2866 4770
345 214 442 282 LIB.
466 215 580 282 XXX.
614 216 725 284 CAP.
750 222 802 283 26.
1029 219 1091 285 627

55 355 127 412 ‘nec
140 349 294 414 institutis
308 351 419 438 populi
435 353 583 431 Romani,
598 377 660 420 nec.
677 355 742 420 suis
757 355 897 420 mor-ibus
912 353 1178 442 indignumne.
1195 380 1250 430 pa

54 434 104 498 ‘in
114 434 150 498 iis
160 435 317 501 facturum
328 439 416 516 esse,’
427 463 528 540 quum
539 439 680 519 dixisset,
692 441 804 528 legatis
815 441 960 518 dimissis,
973 439 1093 505 bellurn
1102 432 1132 482 *b
1148 431 1179 482 ⁰·
1195 445 1251 492 ²⁰³·

29 523 182 608 sperabat.
238 521 414 590 Hannibali
439 549 503 590 tam
529 541 630 592 tetrae
656 527 924 615 appropinquanti
948 527 1050 591 iussus
1073 549 1092 590 a

51 608 179 673 nauticis
193 631 277 673 unus
296 611 468 678 escendere
488 612 523 676 in
544 612 674 692 malum,
693 627 730 678 ut
749 611 972 700 specularetur,
996 633 1092 700 quam

51 705 191 759 tenerent
205 695 380 781 regionem,
396 720 495 797 quum
511 698 653 778 dixisset,
669 698 847 849 sepulcrum
863 698 1004 763 dirutum
1019 721 1093 786 pro-
1168 763 1174 776 ,

50 801 113 844 ram
134 794 286 867 spectare,
310 783 519 862 abominatus,
542 799 705 872 praetcrve
728 786 740 849 i
762 786 847 850 iusso
869 765 1206 877 gubematorc,J¹⁰¹'‘fi¹i¹t

50 865 89 930 ad
104 865 231 953 Leptim
246 867 371 954 appulit
384 868 525 948 classem,
541 885 638 959 atque
652 873 698 937 ibi
712 871 820 959 copias
834 872 989 959 exposuit.
1102 844 1238 941 tiidnibst.

92 951 180 1017 Haec
195 975 234 1017 eo
248 976 333 1018 anno
347 955 382 1018 in
398 955 508 1021 Africa
521 969 617 1042 gesta.
662 957 869 1044 Insequentia
883 956 1044 1022 excedunt
1058 957 1093 1021 in
1149 959 1201 1019 26.

50 1061 119 1104 eum
139 1061 269 1117 annum,
285 1063 350 1127 quo
366 1040 413 1105 M.
429 1041 579 1107 Servilius
596 1042 764 1121 Geminus,
779 1044 835 1129 qui
855 1057 925 1108 tum
945 1043 1094 1130 magister

50 1125 190 1211 equitnm
216 1140 293 1204 erat,
320 1140 353 1192 et
379 1127 430 1192 Ti.
450 1128 604 1194 Claudius
628 1128 717 1194 Nero
742 1128 888 1194 consules
909 1129 983 1194 facti
1008 1142 1091 1194 sunt.

52 1211 200 1276 Ceterum
235 1213 325 1277 exitu
358 1214 527 1300 superioris
563 1216 639 1280 anni
672 1238 771 1302 quum
809 1215 906 1301 legati
938 1215 1093 1279 sociarum

49 1297 172 1362 urbium
192 1320 233 1362 ex
255 1297 392 1364 Graecia
410 1301 515 1386 questi
537 1315 651 1378 essent,
668 1313 804 1366 vastatos
823 1323 914 1389 agros
938 1302 977 1365 ab
999 1300 1094 1387 regiis

48 1383 219 1470 praesidiis,
234 1385 454 1472 profectosque
475 1387 510 1450 in
528 1386 753 1452 Macedoniam
773 1388 894 1474 legatos
913 1387 955 1451 ad
974 1408 1024 1450 res
1043 1409 1094 1450 re·

47 1469 199 1556 petendas
221 1493 286 1535 non
306 1470 457 1536 admissos
474 1472 516 1536 ad
533 1472 718 1560 Philippum
741 1495 868 1559 regem:
892 1471 987 1537 simul
1010 1495 1094 1536 mm·

48 1556 185 1633 tiassent,
197 1569 349 1642 quattuor
362 1557 462 1622 millia
475 1557 612 1624 militum
627 1582 701 1623 cnm
718 1559 852 1646 Sopatro
866 1560 948 1625 duce
964 1559 1094 1622 traiecta

48 1641 82 1705 in
97 1641 239 1707 Africam
259 1642 333 1722 dici,
352 1657 389 1708 ut
410 1660 514 1710 essent
536 1644 852 1732 Carthaginiensibus
897 1644 1040 1722 raesidio,
1061 1655 1094 1708 et

47 1728 199 1879 pppuniae
220 1729 419 1816 aliquantum
439 1754 504 1795 una
525 1732 675 1806 missum
699 1731 710 1795 l
770 1745 818 1797 tos
840 1669 1021 1818 adregem,
1038 1730 1232 1829 quinegatint

109 1837 126 1878 c
144 1813 293 1880 adversus
307 1815 420 1881 foedus
434 1817 516 1882 facta
529 1817 631 1882 videri
645 1818 733 1882 Patri
756 1841 793 1883 ns
810 1819 1004 1894 nuntiarent,
1020 1830 1094 1880 mrt-
1102 1809 1124 1856 P
1124 1808 1249 1882 ntnppum

47 1900 160 1965 tendes
174 1903 297 1967 censuit
313 1915 449 1968 senatus.
488 1902 582 1968 Missi
598 1902 637 1969 C.
652 1903 822 1968 Terentius
837 1902 949 1979 Varro,
967 1902 1007 1967 C.
1020 1887 1169 1985 Ma-ffl}
1179 1887 1195 1920 ⁸

47 1986 161 2064 milius,
177 1987 226 2052 M.
240 1987 401 2054 Aurelius.
447 1989 491 2053 Iis
506 2002 569 2054 tres
584 1990 829 2089 quinqueremes
843 1989 944 2053 datae.
1170 1971 1177 1988 ⁸

91 2073 207 2138 Annus
230 2074 363 2162 insignis
388 2075 538 2141 incendio
563 2076 697 2164 ingenti,
720 2098 785 2162 quo
810 2075 909 2140 clivus
931 2073 1095 2138 Publicius

46 2159 90 2226 ad
106 2159 208 2226 solum
226 2175 356 2226 exustus
374 2174 432 2239 est,
448 2175 482 2227 et
500 2184 655 2248 aquarum
675 2161 904 2249 magnitudine.
951 2158 1016 2225 Sed
1039 2181 1096 2224 an-

46 2269 150 2312 nonae
164 2247 268 2312 vilitas
281 2247 351 2324 fuit,
366 2260 587 2335 praeterquam
602 2249 690 2349 quod
707 2271 784 2334 pace
803 2248 906 2312 omnis
920 2245 1014 2312 Italia
1027 2259 1096 2311 erat

46 2346 166 2420 aperta,
190 2333 287 2398 etiam
313 2333 400 2484 quod
426 2356 572 2422 magnam
596 2357 661 2398 mm
686 2334 848 2410 frumenti,
871 2355 913 2398 ex
938 2331 1096 2418 Hispania

45 2419 183 2497 missam,
210 2419 258 2484 M.
281 2418 313 2483 V
344 2420 428 2485 erius
453 2419 545 2486 Falto
569 2435 603 2485 et
629 2419 677 2485 M
705 2419 821 2485 Fabius
846 2419 952 2484 Buteo
977 2417 1110 2484 aediles

45 2505 171 2572 curules
186 2507 348 2594 quaternis
362 2507 442 2571 aeris
456 2507 584 2571 vicatim
598 2505 718 2606 populo
731 2506 974 2593 descripserunt.

92 2591 217 2657 Eodem
234 2615 320 2657 anno
337 2592 378 2668 Q,
392 2592 508 2657 Fabius
523 2591 687 2658 Maximus
704 2592 847 2670 moritur,
862 2604 992 2658 exactae
1010 2601 1096 2656 aeta·
1105 2599 1248 2714 §.⁸3⁸qu

1104 2735 1130 2777 et
1140 2729 1233 2780 landes.

19 2481 37 2532 6

21 2559 36 2611 7

45 2678 107 2754 tis3
131 2678 290 2765 siquidem
304 2699 414 2743 verum
429 2693 488 2757 est,
503 2701 656 2766 augurem
670 2679 751 2744 duos
765 2693 798 2744 et
818 2679 982 2766 sexaginta
996 2699 1096 2742 annos

44 2764 154 2841 fuisse,
170 2763 258 2851 qnod
278 2764 410 2865 quidam
431 2778 574 2830 auctores
592 2777 677 2830 sunt.
722 2763 783 2829 Vir
802 2779 887 2830 certe
904 2765 965 2834 fuit
979 2764 1096 2852 dignus

18 2833 137 2916 8tanto
152 2873 353 2938 cognomine,
369 2849 419 2914 vel
434 2851 460 2915 si
475 2873 594 2916 novum
609 2851 649 2916 ab
664 2873 704 2916 ee
718 2850 881 2937 inciperet.
929 2849 1097 2938 Superavit

18 2909 197 3025 ⁹patemos
222 2935 367 3014 honores,
394 2937 494 3001 avitos
519 2937 674 3037 aequavit
721 2934 870 3000 Pluribus
894 2935 1034 3000 victoriis
1064 2948 1098 3001 et

43 3023 220 3088 maioribus
233 3023 360 3109 proeliis
375 3044 452 3086 avus
465 3022 598 3108 insigms
614 3021 730 3085 Rullus
738 3043 747 3097 3
768 3021 825 3086 sed
840 3020 947 3085 omnia
961 3043 1097 3108 aequare

43 3131 131 3174 unus
147 3109 246 3175 hostis
261 3107 424 3173 Hannibal
439 3121 552 3195 potest.
600 3107 734 3172 Cantior
747 3119 864 3184 tamen,
880 3129 976 3193 quam
991 3129 1098 3193 prom-

43 3196 142 3283 ptior,
166 3195 219 3260 hic
242 3195 369 3260 habitus
389 3195 470 3259 fuit:
498 3205 540 3272 et,
565 3193 647 3258 sicut
672 3193 808 3271 dubites,
835 3207 943 3257 utrum
968 3193 1098 3280 ingenio

43 3293 215 3347 cunctator
227 3280 332 3359 suerit,
348 3280 481 3368 anquis
499 3281 545 3345 ita
560 3277 645 3345 bello
664 3280 801 3368 proprie,
816 3277 904 3366 quod
922 3291 990 3344 tum
1007 3300 1098 3366 gere·

79 3470 94 3521 5
106 3461 332 3510 [monasticis
339 3459 418 3520 anan]
431 3473 465 3508 sc.
473 3458 559 3514 Quum
591 3457 662 3507 tiam
678 3458 760 3508 carr.

42 3539 112 3571 unns
123 3539 138 3572 e
150 3523 263 3584 nauticis,
273 3522 350 3573 acrei
362 3523 456 3572 navalis
466 3522 559 3586 peritis,
624 3522 640 3570 8
661 3522 704 3570 Vel
723 3523 745 3570 st
767 3535 856 3570 nocam
873 3519 903 3568 aa
920 3535 948 3569 eo
965 3519 1097 3582 inciperet]

41 3587 128 3635 iussus
150 3589 181 3636 ab
205 3587 429 3637 Hannibale
450 3586 559 3645 dixisset,
592 3585 735 3648 cognomen
746 3587 854 3633 Maeirm'
865 3599 926 3632 avus
940 3581 992 3631 eius
1008 3583 1100 3631 Rullus

42 3651 181 3700 Hannibal
191 3650 356 3711 abominatus,
366 3665 400 3700 sc.
409 3665 482 3700 omen
492 3665 559 3700 arer-
592 3649 638 3698 sibi
649 3653 786 3711 pepererat,
794 3652 945 3696 memorante
954 3646 1025 3695 Livio
1033 3661 1099 3708 supr.

41 3719 125 3774 satus,
137 3719 186 3765 etc.
395 3729 397 3734 ¹
592 3712 626 3762 ix.
643 3711 682 3771 46.
698 3712 773 3774 idque
790 3711 892 3774 posteris
910 3708 1100 3760 bameditarium

77 3777 95 3828 6
114 3781 251 3838 &saumis
261 3780 339 3838 aeris]
358 3776 493 3835 Quatamis
502 3776 560 3826 assi-
592 3776 731 3838 reliquerst.
747 3775 829 3826 Cana.

40 3845 93 3890 bus
108 3841 137 3890 in
152 3843 255 3892 modios
288 3842 330 3892 sic
344 3841 410 3892 enim
425 3841 480 3891 infr.
491 3841 559 3892 xxxi.
624 3855 640 3905 9
656 3841 789 3902 Saperaoit
797 3845 914 3901 putenm
926 3839 1037 3896 imeres,
1048 3839 1100 3886 aab

42 3919 86 3968 50.
117 3905 236 3956 dicuntur
259 3906 352 3956 aediles
373 3919 488 3966 magnam
510 3905 561 3953 vim
593 3911 629 3954 tos
652 3904 780 3967 ωᾳιωυίε]
810 3901 953 3950 Honoribus
975 3901 1100 3964 magistra

40 3969 170 4018 frumenti
181 3972 245 4019 binis
255 3973 321 4020 aeria
334 3972 362 4018 s'n
372 3971 461 4018 medior
469 3969 560 4030 populo
592 3973 664 4017 tunm
675 3965 799 4029 superavit
809 3971 916 4028 patrem:
929 3979 1003 4014 arum
1011 3979 1100 4028 aequa·

40 4033 170 4084 divisisse.
187 4033 219 4083 ef.
235 4049 301 4096 supr.
318 4033 350 4084 ir.
370 4031 407 4084 16.
423 4034 518 4082 αωίὸω
533 4034 562 4081 s'n
594 4031 635 4080 vit.
659 4031 759 4092 Nempe
771 4029 905 4087 QFabius
913 4029 1017 4092 Gurges,
1026 4043 1100 4104 quem

39 4099 141 4147 modias
152 4099 314 4146 cannatum.
594 4095 679 4146 Livius
702 4093 852 4144 exisdmavit
878 4099 973 4157 patrem
1000 4092 1101 4140 hmusoe

80 4171 95 4224 7
120 4162 226 4211 V'seats'rn
250 4161 342 4224 peptslo
367 4158 559 4222 dempserunt]
594 4157 827 4218 Fabii‚tertantum
839 4157 924 4207 consul
935 4157 997 4204 nne:
1010 4155 1102 4228 Rutlm

41 4225 239 4274 Distnbuamnt
259 4225 361 4287 populo,
379 4229 473 4273 certum
491 4223 563 4286 assig-
595 4223 733 4285 quinquies,
745 4227 773 4270 ut
789 4228 815 4271 at
830 4221 872 4271 hic
886 4221 937 4272 sire
952 4233 1038 4282 nepos,
1051 4232 1102 4268 srva

40 4289 134 4337 nando
156 4287 272 4338 sacrmenti
290 4289 392 4337 modum
410 4287 436 4336 in
456 4286 564 4350 singulos
596 4301 725 4351 pronepos
742 4287 823 4337 ostar.
1036 4287 1041 4300 ’

40 4352 128 4414 vicos,
139 4368 186 4416 pro
196 4352 291 4402 ratione
301 4358 327 4402 et
340 4366 442 4401 numero
454 4351 562 4400 incolen·
