2970 4772
350 203 445 270 LIB.
474 203 620 270 XXVII.
651 203 761 271 CAP.
787 211 837 271 38.
1058 213 1119 274 385

32 343 289 419 sinstauratnm,
311 341 399 428 quod
422 343 458 406 in
480 341 672 407 Armilustro
694 341 851 430 lapidibus
874 341 974 406 visum
997 341 1116 430 pluere.
1129 353 1205 405 tac.
1221 367 1277 419 5⁴5·

33 427 237 494 6Liberatas
250 428 403 516 religione
418 439 541 494 mentes
555 429 693 495 turbavit
709 451 816 494 rursus
831 428 1022 506 nuntiatum,
1039 429 1117 494 Fru-
1126 419 1158 530 ἓ·
1167 419 1205 532 ἃς·
1220 431 1275 482 ²⁰⁷·

61 515 183 580 sinoue
197 515 352 580 infantem
366 525 477 580 natum
495 537 562 580 esse
578 514 745 602 quadrimo
762 537 889 604 parem:
913 535 974 579 nec
994 515 1117 604 magni·
1125 497 1172 596 oda
1183 498 1261 597 ᾗ,

63 599 183 665 tudine
199 613 264 666 tam
278 599 469 678 mirandum,
485 623 580 688 qnam
596 601 684 689 quod
701 602 728 665 is
742 623 881 689 qnoque,
897 613 933 666 ut
950 599 1117 668 Sinuessae

61 686 201 751 biennio
215 701 299 764 ante,
315 688 465 764 incertus,
481 709 548 752 mas
562 710 603 752 an
617 687 736 752 femina
750 700 842 765 esset,
857 699 950 752 natus
965 701 1041 753 erat
1076 688 1117 754 Id

60 795 145 837 vero
168 773 358 860 banrspices,
379 795 420 837 ex
442 772 569 838 Etruria
592 774 694 851 acciti,
714 773 844 838 foedum
867 797 904 838 ac
927 785 1019 862 turpe
1042 797 1116 863 pro-

61 858 193 945 digium
208 858 333 924 dicere:
357 871 516 924 extorrem
589 882 609 924 o
625 859 782 938 Romano,
797 860 909 948 procul
924 872 1024 925 terrae
1039 883 1116 926 con-

62 955 167 1022 tactu,
182 945 247 1010 alto
263 945 481 1033 mergendum
560 969 646 1012 rrum
667 947 701 1010 in
722 969 826 1012 arcam
845 946 1027 1025 condidere,
1042 969 1116 1035 pro-

61 1043 260 1118 vectumque
285 1032 319 1096 in
345 1053 432 1098 mare
456 1033 666 1120 proiecerunt.
724 1033 905 1098 Decrevere
931 1032 1009 1097 item
1033 1055 1115 1120 pon·

61 1117 181 1196 tifices,
195 1130 232 1183 ut
248 1118 280 1182 ri
319 1119 388 1182 'nes
407 1130 457 1183 ter
475 1141 627 1196 novenae,
642 1140 700 1206 per
719 1119 830 1184 urbem
850 1131 971 1198 euntes,
987 1141 1115 1184 carmen

61 1215 230 1269 canerent.
275 1202 293 1269 I
329 1226 430 1292 quum
450 1205 485 1269 in
499 1203 583 1270 Iovis
600 1204 732 1271 Statoris
751 1207 830 1271 aede
850 1205 1017 1283 discerent,
1039 1227 1115 1271 con-

37 1290 173 1356 tditum
199 1291 238 1356 ab
261 1290 355 1356 Livio
380 1303 484 1378 poeta,
511 1313 648 1369 carmen,
672 1303 755 1357 tacta
778 1293 820 1357 de
845 1292 935 1357 coelo
960 1292 1054 1357 aedes
1079 1293 1114 1357 in

61 1375 232 1442 Aventino
247 1375 381 1442 Iunonis
396 1377 560 1464 Reginae:
584 1377 829 1465 prodigiumque
849 1379 884 1442 id
901 1379 942 1444 ad
957 1391 1114 1444 matronas

61 1463 239 1550 pertinere,
253 1463 435 1551 harraspices
472 1485 550 1528 uum
571 1464 816 1552 respondissent,
835 1464 900 1530 don
944 1488 984 1530 ue
1007 1464 1113 1530 divam

61 1547 255 1636 placandam
276 1571 365 1627 esse3
388 1573 424 1615 ae
449 1549 539 1614 ''um
560 1550 719 1616 curulium
739 1550 845 1617 edicto
864 1487 1113 1638 inodapitolium

62 1647 267 1714 convocatae,
283 1637 399 1724 quibus
412 1636 447 1700 in
462 1637 540 1702 urbe
557 1636 712 1715 Romane,
728 1637 874 1725 intraque
890 1637 1050 1702 decimum
1068 1638 1113 1702 la-

62 1721 176 1808 pidem
191 1722 231 1787 ab
247 1723 333 1801 urbe,
348 1721 510 1788 domicilia
523 1735 637 1803 emant,
653 1724 738 1811 ipsae
759 1725 843 1790 inter
862 1747 895 1790 se
916 1725 1059 1814 quinque
1080 1737 1113 1790 et

63 1807 182 1894 viginti
201 1807 398 1896 delegerunt,
419 1807 460 1873 ad
479 1831 558 1896 quas
577 1830 618 1874 ex
638 1810 766 1875 dotibus
787 1811 902 1896 stipem
922 1810 1111 1875 conferrent.

62 1892 149 1960 Inde
164 1893 285 1960 donum
297 1894 399 1983 pelvis
416 1917 511 1996 aurea
524 1896 615 1996 facta,
631 1895 758 1983 lataque
778 1895 814 1961 in
829 1895 1038 1996 Aventinum,
1053 1917 1113 1996 pu·

62 1993 511 2133 ffittttttbttl
523 1980 1273 2145 &iiiiii-affluit?ildiiiliil

62 2153 146 2217 orso
171 2153 241 2218 tua
261 2154 332 2220 aa
378 2153 432 2218 Ab
458 2154 537 2219 aeae
560 2152 718 2240 Aponus
743 2155 839 2218 boves
860 2153 996 2218 reminas
1022 2151 1111 2218 aaa
1119 2132 1236 2250 {m

61 2239 150 2304 duae
174 2251 268 2326 porta
292 2239 488 2306 Carmentali
513 2240 547 2303 in
574 2239 685 2304 urbem
710 2239 844 2304 ductae:
872 2253 944 2326 post
969 2261 1021 2304 eas
1047 2239 1112 2304 duo

60 2326 155 2413 signa
168 2347 335 2412 cupressea
348 2326 482 2392 Iunonis
498 2325 641 2413 Reginae
656 2326 880 2413 portabantur:
905 2337 974 2390 tum
988 2339 1111 2413 septem

60 2425 97 2477 et
125 2411 240 2498 viginti
268 2411 432 2500 virgineas
445 2411 574 2498 longam
602 2411 732 2477 indutae
762 2425 892 2491 vestem,
919 2433 1048 2478 carmen
1076 2413 1112 2477 in

61 2497 223 2562 Iunonem
239 2498 290 2562 Re
313 2499 397 2564 inam
412 2511 563 2563 canentes
577 2498 687 2576 ibant;
710 2498 765 2563 illa
780 2503 966 2586 tempestate
980 2499 1111 2564 forsitan

60 2582 222 2650 laudabile
240 2606 278 2648 ru
302 2585 371 2650 ‘bus
388 2583 534 2672 ingeniis,
550 2606 636 2649 nunc
656 2585 828 2650 abhorrens
848 2603 881 2650 et
899 2585 1109 2664 inconditum,

60 2671 89 2734 si
114 2670 276 2736 referatur.
332 2669 503 2759 Virginum
529 2669 673 2735 ordinem
700 2672 914 2759 sequebantur
939 2671 1110 2738 decemviri

60 2757 206 2821 coronati
227 2755 344 2834 laurea,
368 2756 632 2844 praetextatique.
678 2757 711 2821 A
725 2771 818 2844 porta
837 2756 964 2845 Iugario
983 2760 1054 2824 vico
1075 2758 1108 2823 in

37 2842 166 2907 ssorum
179 2865 314 2907 venere:
329 2844 365 2907 in
378 2843 446 2908 foro
460 2864 578 2930 pompa
591 2843 753 2921 constitit3
773 2857 816 2921 et,
828 2866 886 2931 per
899 2865 1012 2908 manus
1025 2856 1109 2908 reste

59 2929 145 3006 data,
162 2928 300 3016 virgines
314 2951 428 2995 sonum
443 2929 528 2994 vocis
570 2928 641 2994 ulau
659 2929 780 3016 pedum
794 2929 993 2994 modulantes
1007 2929 1109 2993 inces-

60 3027 181 3080 serunt
228 3013 310 3082 Inde
324 3017 395 3081 vico
409 3016 517 3080 Tusco
528 2952 740 3102 llblnbroque,
756 3037 814 3101 per
828 3013 979 3078 Boarium
993 3015 1107 3092 sorum,

59 3102 94 3166 in
110 3101 231 3166 clivum
246 3099 427 3167 Publicium
449 3114 545 3188 atque
568 3100 680 3165 aedem
694 3100 828 3165 Iunonis
843 3100 893 3164 Re
917 3099 987 3164 ‘nae
1002 3121 1109 3187 perre-

58 3199 158 3253 ctum.
204 3187 255 3252 Ibi
276 3187 357 3254 duae
379 3188 499 3253 hostiae
522 3189 562 3252 ab
583 3187 771 3251 decemviris
792 3186 982 3264 immoatae,
1007 3199 1040 3250 et
1066 3187 1108 3252 si·

59 3275 201 3340 mulacra
215 3296 382 3362 cupressea
395 3274 429 3338 in
444 3273 555 3340 aedem
570 3273 664 3338 illata.

101 3361 179 3425 Diis
192 3360 252 3425 rite
267 3359 407 3448 placatis,
422 3359 582 3425 delectum
597 3358 742 3424 consules
761 3359 922 3424 habebant
941 3359 1043 3424 acrius
1057 3359 1109 3422 in·
1164 3364 1215 3424 38.

60 3449 254 3534 trutinaque,
270 3469 366 3534 quam
382 3445 536 3533 prioribus
554 3446 645 3510 annis
660 3446 828 3532 quisquam
846 3445 1034 3511 meminerat
1050 3444 1265 3560 Ῑια-ξὲἳξεὲἒῦν

1116 3574 1202 3625 lectus.

91 3644 151 3704 5In
159 3641 568 3703 Amumtr01nmt1aaaaa,aiva
633 3639 827 3700 catantiarum]
852 3639 983 3688 Haecvox
999 3640 1024 3688 in
1041 3645 1108 3690 recto

58 3708 248 3755 Armilroetrium
267 3705 319 3754 dies
337 3705 413 3754 iectus
434 3705 481 3754 fuit
501 3705 568 3768 apud
601 3721 658 3755 casu
672 3711 717 3765 est,
728 3711 753 3754 et
769 3720 826 3752 cunr
841 3705 913 3753 verbo
930 3706 1038 3754 tardauit
1053 3705 1107 3754 iuu-

58 3770 196 3829 Ronranoa,
207 3769 249 3830 qui
263 3769 289 3817 iu
302 3769 456 3818 Kalendario
471 3774 570 3818 notatur
600 3770 671 3832 gitur.
688 3770 768 3819 Gaas.

58 3849 79 3884 a.
90 3834 115 3882 d.
128 3847 185 3884 xtv.
198 3833 327 3882 Kalendas
343 3834 503 3883 Novembres.
537 3831 568 3880 In
638 3835 738 3896 7Liot'o
755 3833 839 3896 posto]
870 3831 941 3881 Livio
959 3833 1108 3894 Andronico,

58 3913 97 3957 eo,
106 3897 213 3947 tambac
224 3897 336 3946 Varrone
347 3903 372 3947 et
383 3897 466 3957 Festo,
481 3895 569 3944 armati
600 3897 638 3947 M.
653 3896 717 3946 Livii
733 3896 876 3947 Salinatoris
891 3896 987 3958 liberto,
1001 3897 1042 3960 qui
1059 3898 1107 3959 pri-

58 3976 127 4010 sacra
144 3960 276 4011 faciebant
309 3959 425 4011 Oetemm
444 3961 569 4010 stlocum
601 3975 657 4010 mm
677 3961 774 4010 Romae
798 3961 907 4010 fabulam
929 3961 1046 4010 docuerat
1066 3975 1107 4012 au.

59 4025 154 4073 dietum
169 4024 516 4088 emedrmilustram,inquo
533 4021 568 4072 ui·
601 4037 655 4086 51²·
669 4025 703 4074 U.
711 4025 740 4075 O.
774 4024 816 4073 De
829 4025 877 4073 boc
890 4023 942 4075 eius
957 4025 1106 4075 camrinecf.

59 4089 149 4137 minim
168 4103 239 4138 sacra
255 4095 309 4137 tntu
328 4089 428 4148 fiebant,
447 4087 570 4150 colligitur
602 4089 689 4138 Festus
699 4105 722 4138 v.
733 4089 838 4138 Sambos

59 4167 90 4200 ex
100 4153 190 4202 eodem
202 4151 322 4212 Varrone,
333 4153 364 4202 de
375 4151 405 4203 1..
418 4152 447 4202 L.
458 4167 481 4202 v.
494 4165 532 4215 32.
542 4156 568 4200 et
633 4153 648 4200 8
665 4155 737 4202 Reate
749 4153 821 4212 dato]
846 4153 876 4202 cl.
888 4151 944 4202 Ter,
956 4153 1063 4214 Adelph.
1075 4153 1106 4199 ir.

61 4215 90 4265 ri.
102 4231 125 4290 3.
159 4218 244 4278 Atque
254 4217 315 4266 baec
326 4223 409 4266 nostra
420 4216 484 4266 Livii
496 4216 570 4264 verba
604 4225 625 4278 7.
643 4229 681 4277 34.
701 4218 737 4264 Pa
756 4217 821 4264 inter
842 4233 883 4266 ear
904 4219 985 4268 restim
1004 4217 1107 4264 drotum

60 4287 141 4340 potrus
168 4279 289 4342 capienda
314 4281 427 4330 ridentur
449 4282 480 4333 de
507 4280 571 4338 loco,
602 4281 709 4330 rdtatb.

61 4359 132 4404 quam
144 4344 176 4393 de
187 4343 229 4394 die
240 4343 312 4394 testo.
328 4345 410 4396 saar.

102 4427 178 4472 VOla.
197 4427 233 4471 11.
883 4427 901 4468 C
917 4429 934 4468 C
