3002 4798
344 233 363 294 8
725 227 836 295 ΤΙΤΙ
866 227 1002 296 LIVII

182 373 217 425 U.
229 377 258 427 c.
272 392 325 440 534
344 367 376 430 vi
402 365 518 432 maiore
540 365 741 431 obsistebant.
802 365 852 430 Ac
874 363 978 453 primo
999 363 1168 430 missilibus
1187 383 1385 430 summovere

182 441 213 490 A.
230 443 259 491 ⁰·
272 443 326 491 ²¹⁸·
345 451 478 530 hostem,
511 475 571 517 nec
604 452 776 540 quicquam
808 453 883 518 satis
918 465 1023 518 tutum
1057 451 1273 518 munientibus
1307 449 1410 537 patin

346 538 474 604 Deinde
489 539 552 604 iam
563 561 629 604 non
661 560 697 603 ro
707 539 872 604 moenibus
881 538 976 604 modo
990 552 1085 626 atque
1096 539 1176 606 turn
1187 536 1251 603 tels
1258 536 1385 612 micare,

346 625 403 690 sed
417 561 710 714 ademmpendum
730 625 826 691 etiam
844 625 879 690 in
894 626 1044 691 stationes
1066 647 1224 714 operaque
1246 623 1386 688 hostium

346 713 469 778 animus
487 725 570 778 erat:
594 713 709 800 quibus
724 712 934 778 tumultuariis
948 713 1170 778 certaminibus
1187 709 1273 776 haud
1286 709 1385 774 ferme

184 804 311 854 nmmum
345 799 451 900 plures
465 798 631 888 Saguntini
646 799 810 878 cadebant,
823 821 918 887 quam
929 798 1040 864 Poeni.
1079 799 1127 864 Ut
1136 821 1211 863 vero
1223 793 1387 862 Hannibal

183 870 331 920 *²¹¹¹le
345 909 423 973 ipse,
438 884 516 951 dnm
538 909 664 951 murum
684 887 841 952 incautius
854 886 948 964 subit,
963 887 1128 952 adversum
1143 885 1246 950 femur
1263 881 1409 970 tragulas

344 973 482 1060 graviter
495 973 575 1039 ictus
589 974 721 1050 cecidit;
745 986 833 1038 tanta
846 973 930 1038 circa
943 972 1017 1060 fuga
1031 997 1068 1038 ac
1082 971 1251 1061 trepidatio
1264 969 1334 1047 fisis,
1349 983 1387 1034 ut

345 1083 410 1126 non
433 1059 567 1125 multum
590 1061 720 1137 abesset,
743 1060 863 1147 quino
904 1082 939 1126 ra
964 1083 1001 1124 ac
1022 1061 1133 1126 vineae
1154 1059 1411 1131 desererentur*

268 1193 277 1212 .
347 1145 481 1212 Obsidio
502 1147 620 1212 deinde
641 1169 836 1236 perpaucos
874 1147 917 1211 'es
939 1147 1046 1234 magis,
1063 1169 1159 1233 quam
1180 1143 1385 1234 oppugnatio,

344 1233 414 1310 brit,
426 1233 504 1298 dum
515 1233 629 1304 vulnus
642 1233 733 1298 ducis
741 1247 920 1299 curaretur:
944 1257 1001 1322 per
1009 1233 1097 1321 quod
1112 1246 1235 1320 tempus
1250 1244 1287 1296 ut
1295 1231 1386 1317 quies

344 1321 552 1384 certaminum
571 1333 647 1398 erat,
668 1320 713 1384 ita
734 1321 773 1384 ab
793 1335 945 1408 apparatu
964 1343 1095 1408 operum
1113 1343 1149 1384 ac
1171 1319 1385 1383 munitionum

343 1406 425 1471 nihil
458 1420 621 1472 cessatum.
667 1405 780 1494 Itaque
810 1407 912 1471 acrius
941 1407 981 1471 de
1010 1408 1134 1494 integro
1163 1405 1310 1470 obortum
1337 1415 1386 1469 est

343 1493 472 1571 bellum,
487 1493 692 1582 pluribusque
709 1495 859 1582 partibus,
874 1494 929 1558 vix
946 1493 1172 1581 accipientibus
1195 1489 1385 1579 quibusdam

344 1603 440 1668 opera
452 1579 539 1658 locis,
555 1581 664 1644 vineae
680 1593 810 1680 coeptae
867 1581 886 1658 ',
898 1579 1120 1666 admoverique
1136 1579 1223 1644 aries.
1270 1577 1386 1644 Abun-

344 1667 439 1732 dabat
450 1666 652 1731 multitudine
661 1603 983 1743 hommumaibenun
1005 1665 1281 1731 adcentumenim
1291 1664 1386 1766 quin-

343 1754 496 1842 quaginta
509 1753 608 1818 millia
622 1753 766 1818 habuisse
781 1754 816 1818 in
830 1753 924 1817 armis
938 1753 1013 1818 satis
1027 1752 1175 1818 creditur.
1222 1750 1410 1851 Oppidanis

343 1840 385 1904 ad
400 1840 507 1906 omnia
515 1839 635 1905 tuenda
648 1853 743 1926 atque
754 1840 902 1905 obeunda
915 1839 1117 1904 multifariam
1125 1837 1268 1904 distimn
1280 1838 1408 1924 coeptis

343 1939 434 1992 sunt:
462 1938 495 1991 et
509 1949 574 1991 non
588 1925 793 1992 sufficiebant.
839 1926 908 1991 Iam
927 1927 1014 1992 enim
1028 1926 1220 1991 feriebantur
1235 1897 1410 2026 arietibus?

343 2014 435 2091 mani,
446 2027 671 2100 quassataeque
680 2013 798 2078 multae
807 2025 912 2101 partes
920 2026 1018 2078 erant
1066 2013 1141 2077 Una
1149 2011 1409 2078 continentibusa

341 2099 442 2166 ruinis
456 2099 631 2165 nudaverat
644 2099 774 2165 urbem:
799 2114 861 2166 tres
875 2099 1026 2187 deinceps
1040 2113 1150 2176 turres,
1166 2111 1382 2186 quantumque

342 2186 493 2252 intereas
508 2186 590 2252 muri
613 2198 690 2265 erat,
704 2210 778 2252 cum
791 2187 913 2274 fragore
927 2186 1050 2275 ingenti
1069 2185 1286 2274 prociderant:
1310 2207 1383 2272 cep-

342 2286 474 2362 tumque
490 2273 643 2360 oppidum
657 2296 696 2338 ea
708 2273 801 2338 ruina
814 2273 1015 2338 crediderant
1028 2273 1131 2338 Poeni
1142 2297 1151 2349 ;
1175 2295 1247 2373 qua,
1256 2271 1344 2336 velut
1357 2272 1382 2336 si

341 2361 459 2447 pariter
479 2375 629 2446 utrosque
653 2381 761 2424 murus
783 2361 921 2437 texisset,
937 2360 982 2424 ita
1004 2360 1163 2446 utrimque
1188 2383 1223 2423 ιιι
1242 2381 1383 2508 pugnam
1427 2401 1431 2406 ·

341 2468 526 2532 procursum
551 2459 607 2510 est.
657 2445 749 2510 Nihil
778 2445 999 2511 tumultuariae
1025 2469 1151 2533 pugnae
1180 2446 1282 2510 simle
1307 2457 1382 2522 eret,

364 2531 451 2616 uales
476 2531 511 2596 iu
532 2532 819 2619 oppugnationibus
840 2532 967 2596 urbium
988 2555 1047 2620 per
1068 2533 1264 2598 occasionem
1287 2531 1383 2618 pertis

342 2555 470 2684 iterius
481 2619 603 2684 conseri
612 2619 730 2683 solent:
754 2619 921 2684 sediustae
931 2619 1331 2706 aciesvelutpatenticam

341 2705 545 2770 interminas
559 2705 641 2769 muri
656 2717 802 2792 tectaque
817 2706 903 2771 urbis
917 2706 1043 2771 modico
1057 2705 1206 2771 distantia
1219 2705 1323 2770 interr
1363 2728 1383 2770 o

342 2793 556 2858 constiterant.
603 2791 690 2857 Hinc
819 2793 894 2857 hinc
918 2792 1096 2880 desperatio
1117 2793 1238 2857 animos
1263 2792 1380 2857 irritat:

343 2814 1031 3031 Poenocepisseiamseuibbbnsipuullulum
1043 2879 1381 2958 annitatur,credente;

344 2964 526 3052 Sagrmtims
563 2987 598 3030 ro
612 2964 731 3030 nudata
752 2966 859 3030 moeni

342 3052 411 3129 bus,
426 3075 487 3118 nec
509 2989 574 3116 ullb
594 3051 709 3139 pedem
730 3051 895 3130 referente,
911 3075 952 3118 ne
975 3073 1008 3116 ιιι
1030 3053 1210 3118 relictuma
1230 3075 1264 3116 se
1278 3051 1383 3118 locum

342 3137 465 3204 hostem
488 3138 681 3204 immitteret
726 3137 840 3225 Itaque
864 3163 929 3231 quo
949 3139 1051 3205 acrius
1072 3152 1106 3204 et
1128 3139 1262 3206 conferti
1284 3138 1383 3226 magis

880 2987 918 3030 ue
932 2966 1032 3065 patria
1050 2989 1182 3054 corpora
1195 2965 1384 3052 opponenti·
1495 2961 1496 2998 l

374 3353 458 3400 eNec
473 3351 602 3414 ᾳυίσᾳιιαιιι
620 3351 680 3398 satu
698 3355 777 3398 tutum
794 3365 845 3398 mm
878 3351 977 3400 modam
997 3349 1112 3398 adhibere
1131 3353 1218 3408 artem,
1236 3351 1265 3397 ut
1285 3353 1383 3411 possent

341 3415 475 3475 milas]
502 3415 557 3463 Nec
574 3413 705 3476 quicquam
725 3412 772 3462 loci
790 3427 845 3461 con·
878 3429 930 3462 sese
946 3413 1082 3476 peroraris
1093 3413 1383 3475 queetuendaasseutet
1495 3417 1496 3420 ’

342 3480 428 3528 cedere
446 3478 615 3538 munitoribus,
633 3478 675 3528 ubi
692 3477 730 3527 illi
747 3493 763 3526 a
779 3477 846 3526 iactu
878 3479 1000 3537 obeunda,
1015 3476 1149 3540 dispertire.
1167 3479 1247 3528 Cnsv.
1274 3479 1382 3541 cisupr.
1495 3479 1496 3500 ¹

342 3545 446 3593 telorum
457 3542 572 3593 satietati
584 3547 670 3591 essent.
688 3541 771 3590 Dona.
879 3541 910 3590 iv.
923 3553 960 3606 59.
972 3546 1000 3589 ut
1009 3543 1153 3592 distinerent
1164 3543 1275 3592 Volscos.

376 3608 532 3672 3rta9ula]
561 3607 668 3668 'lingula
686 3605 777 3653 missile
795 3609 848 3653 erat
911 3603 977 3654 6Et
992 3621 1042 3654 non
1056 3608 1221 3667 affluebant]
1241 3621 1274 3654 sc.
1287 3605 1382 3654 Labori.
1495 3647 1496 3654 t

342 3672 472 3732 telum‚s1'c
482 3671 585 3729 dictum,
596 3669 616 3718 sl
626 3668 747 3718 credimus
757 3668 846 3716 Van-o·
880 3668 910 3718 cf.
919 3668 976 3726 ¹intr.
987 3669 1070 3718 xxxvi.
1082 3685 1120 3732 45.
1131 3673 1212 3735 quoad
1223 3673 1334 3732 auffioera
1346 3687 1383 3720 re-

342 3736 378 3796 ni,
386 3737 417 3785 de
428 3735 523 3798 Lingua
532 3733 586 3783 Lat.
595 3749 617 3782 v.
625 3747 663 3794 24.
672 3749 688 3780 n
696 3734 846 3782 minemo.
878 3735 953 3794 tuipse
960 3739 1103 3795 potuerunt.

343 3800 432 3850 Festus
452 3803 535 3848 autem
553 3797 674 3859 tragulam
693 3796 728 3846 its
747 3795 848 3856 dicum,
913 3799 998 3858 qlam
1016 3800 1081 3848 arsin
1095 3800 1266 3860 feriebantur]
1295 3803 1384 3864 Itaque

343 3864 408 3925 qnod
425 3867 494 3912 scuto
504 3861 581 3910 infixa
591 3860 708 3910 uebatur.
742 3859 847 3910 Validis·
878 3861 1196 3924 iamsmsbnnturecodd.
1204 3864 1383 3916 Flosewant.

343 3927 406 3977 sima
426 3926 507 3986 trine,
525 3931 551 3976 et
571 3925 650 3974 forma
667 3925 848 3988 quodammodo
879 3924 1011 3974 intextum
1022 3927 1384 3989 recepitBskker.atnonrqf-

343 3996 455 4042 tmmata.
873 3989 1073 4053 fidebcm‚(iam
1083 3993 1385 4054 manserisbnntnrnrie-

374 4057 472 4118 4Satt's
481 4056 600 4116 creditur]
619 4054 688 4104 Illud
698 4055 758 4104 sctis
768 4053 793 4102 in
805 4054 845 4102 de-
878 4051 954 4120 tidas)
965 4058 1039 4114 marl,
1050 4056 1072 4105 1.
1085 4056 1125 4104 Fr.
1137 4055 1245 4106 Gronov.
1495 4073 1496 4076 ¹

342 4119 405 4171 liciis
422 4119 493 4170 Livio
510 4119 593 4180 fiune,
608 4133 714 4180 eumque
731 4118 756 4168 id
775 4117 847 4167 variis
910 4119 1207 4180 annumeratum]
1235 4121 1267 4170 In
1286 4121 1383 4183 quibus·

341 4184 505 4234 locutionibus
536 4183 641 4235 iunxisse
675 4181 846 4234 animadvertit
878 4183 935 4232 dam
951 4184 1021 4232 codd.
1035 4183 1132 4246 legitur,
1145 4187 1180 4234 Et
1194 4201 1247 4236 usta
1259 4187 1384 4238 unum

331 4249 420 4300 Drsk.
443 4249 474 4298 cl'.
491 4247 544 4298 infr.
562 4246 600 4299 26.
623 4247 706 4298 xxviii
722 4259 761 4309 35.
778 4245 845 4296 xxix.
878 4249 942 4298 abac
953 4249 1033 4297 nana
1043 4249 1296 4302 aeramentorum
1318 4249 1383 4300 Con·
1495 4271 1496 4274 ¹

343 4325 381 4382 37.
878 4310 1019 4370 tinentibus,
1033 4311 1057 4360 h.
1072 4327 1093 4362 e.
1110 4313 1240 4374 coutinuis,
1255 4315 1331 4364 alters
1347 4315 1383 4362 al-

374 4378 575 4440 5Multr'surr'am
602 4373 725 4436 distineri]
759 4375 844 4426 Multi·
878 4381 954 4424 teram
966 4375 1104 4438 excipiente
1115 4377 1192 4426 ruina.
1495 4395 1496 4404 ι
