2888 4768
344 223 440 289 LIB.
465 223 594 290 XXIV.
629 224 740 292 CAP.
764 230 815 290 32.
877 267 880 274 -
1042 229 1107 291 209

52 365 160 419 arent:
185 355 382 444 expertique,
398 381 495 444 quam
509 383 591 424 vana
608 374 664 426 aut
681 357 743 426 levi
763 383 841 426 aura
860 360 975 425 mobile
991 359 1104 448 vulgus
1117 373 1148 425 U.
1160 375 1190 424 e.
1206 375 1261 437 ⁵38·

25 452 144 516 fimet,
157 440 291 507 militem
307 445 393 509 nacti
402 468 444 510 ex
458 469 497 512 eo
511 469 655 525 numero,
671 448 728 535 qui
742 447 776 512 in
786 447 954 512 Leontinis
968 448 1103 513 circum-
1112 439 1142 489 A.
1160 440 1189 489 ⁰·
1206 455 1261 499 ²¹4·

51 526 128 589 sessi
143 540 243 606 erant,
258 531 441 610 subornant,
458 550 494 597 ut
511 532 533 598 S
556 557 680 598 recusas
694 534 847 622 perferret
860 535 1010 598 nuntium
1025 558 1101 600 con·

50 612 234 678 venientem
256 616 304 693 iis,
321 640 402 703 quae
418 618 459 682 ad
474 558 599 707 Mylam
614 620 692 686 falso
706 622 852 686 nuntiata
861 635 969 698 erant3
994 635 1102 687 aucto-

49 720 183 786 remque
199 723 232 766 sc
246 703 439 782 exhibendo,
455 729 491 770 ae
505 706 594 770 velut
607 707 682 784 visa,
721 731 780 773 uae
802 708 899 772 dubia
912 720 1012 785 erant,
1029 731 1101 772 nar-

49 785 162 863 rando,
178 789 350 854 concitaret
371 791 433 856 iras
454 791 631 858 hominum.
677 731 766 858 lrlhic
780 817 847 858 non
869 794 955 881 apud
968 794 1100 882 vulgum
1156 801 1209 861 32.

50 871 148 938 modo
162 873 241 939 fides
255 875 325 954 tuit,
341 878 399 942 sed
412 891 557 944 senatum
573 903 701 967 quoque
717 881 751 944 in
767 881 885 944 curiam
900 881 1100 946 introductus

26 960 160 1024 tmovit.
207 960 306 1026 Haud
320 963 393 1028 vani
408 965 539 1051 quidam
555 965 700 1031 homines
714 967 818 1054 palam
832 967 922 1044 ferre,
941 969 1099 1055 ‘perbene
1108 979 1255 1054 §ymnum

51 1044 230 1112 ‘detectam
246 1049 280 1113 in
303 1049 471 1116 Leontinis
486 1075 553 1117 esse
569 1053 731 1118 avaritiam
749 1067 783 1118 et
797 1053 1016 1118 crudelitatem
1032 1045 1237 1119 lto-¹⁰1³0mr·

50 1141 248 1199 ‘manorum
296 1135 429 1215 Eadem,
447 1139 472 1204 si
495 1139 665 1204 intrassent
687 1139 866 1228 Syracusae,
884 1155 940 1206 aut
959 1123 1247 1222 foediorassssssffiffl'

49 1220 180 1298 ‘etiam
204 1245 268 1308 quo
291 1224 391 1288 maius
412 1225 457 1289 ibi
479 1225 628 1291 avaritiae
650 1227 826 1314 praemium
849 1241 940 1305 esset,
963 1227 1100 1292 facturos

49 1305 189 1372 ‘fuisse’
231 1308 344 1396 Itaque
360 1310 553 1376 claudendas
567 1314 675 1378 cuncti
686 1329 801 1400 portas,
812 1327 845 1379 et
858 1313 1099 1379 custodiendam

47 1393 163 1457 urbem
189 1417 326 1462 censere.
375 1397 440 1462 Sed
465 1421 531 1465 non
557 1399 596 1464 ab
620 1400 733 1466 iisdem
759 1422 869 1465 omnes
893 1401 1015 1478 timere,
1039 1423 1099 1465 nec

20 1479 307 1548 aeosdemodisse:
330 1484 370 1549 ad
386 1485 520 1550 militare
557 1509 636 1552 enus
648 1509 742 1552 omne
755 1501 941 1574 partemque
952 1509 1099 1574 magnam

48 1566 153 1653 plebis
167 1567 304 1634 invisum
323 1593 391 1636 esse
406 1595 525 1638 nomen
579 1595 738 1638 omanum.
784 1573 950 1639 Praetores
966 1575 1100 1662 optima-

49 1653 322 1806 tiumquepauci,
345 1681 528 1746 quanquam
550 1659 736 1726 inflammati
758 1683 839 1725 vano
862 1661 976 1725 nuntio
998 1675 1098 1738 erant,

18 1753 204 1810 otamena
274 1744 381 1831 ropius
409 1746 669 1833 praesentiusque
696 1747 814 1812 malum
840 1748 994 1812 cautiores
1019 1770 1097 1812 esse.

49 1825 174 1892 Etiam
189 1829 229 1894 ad
281 1853 363 1918 exap
384 1832 452 1896 lum
470 1845 561 1897 erant
576 1831 787 1920 Hippocrates
807 1846 838 1898 at
864 1857 902 1898 ue
919 1833 1096 1922 Epicydes:
1107 1843 1221 1893 Sedittosi

47 1916 299 2015 serebanturque
315 1855 473 2006 colloquia
486 1941 545 2006 per
558 1920 753 2019 propinquos
766 1943 832 2007 pop
867 1921 978 1998 arium,
993 1921 1049 2007 qui
1064 1921 1098 1984 in
1106 1909 1243 2036 {ffiffi

47 2014 195 2066 exercitu
209 2016 308 2080 erant,
324 2018 361 2069 ut
371 2021 477 2092 portas
492 2018 661 2093 aperirent,
677 2007 880 2092 sinerentque
896 2028 1097 2072 communem
1107 2043 1154 2086 tur.

23 2118 34 2152 1
92 2088 185 2154 triam
196 2088 325 2155 defendi
341 2093 380 2156 ah
395 2093 518 2179 impetu
531 2092 757 2158 Romanorum.
804 2091 882 2169 Iam,
895 2093 967 2156 unis
981 2093 1101 2158 foribus

47 2112 216 2264 ilexapyli
230 2178 355 2264 apertis,
366 2179 472 2266 coepti
486 2191 576 2242 erant
591 2179 701 2279 recipi,
713 2201 813 2265 quum
828 2192 987 2265 praetores
1002 2179 1100 2243 inter·

20 2296 36 2329 2
47 2277 216 2328 venerunt.
263 2263 306 2328 Et
320 2265 423 2352 primo
437 2265 571 2352 imperio
586 2264 754 2353 mimsque,
771 2264 887 2329 deinde
903 2265 1098 2343 auctoritate,

47 2349 252 2427 deterrendo,
263 2365 433 2438 postremo,
447 2366 482 2416 ut
493 2351 601 2416 omnia
611 2374 693 2416 vana
707 2365 807 2429 erant,
817 2351 907 2417 obliti
918 2352 1098 2430 maiestatis,

46 2436 198 2587 precibus
215 2439 359 2524 agebant,
375 2461 416 2503 ne
431 2437 604 2526 proderent
625 2439 758 2526 patriam
775 2438 900 2527 tyranni
916 2451 990 2503 ante
1005 2439 1099 2504 satel-

63 2524 169 2601 'tibus,
195 2536 228 2588 et
252 2536 320 2588 tum
350 2525 585 2612 corruptoribus
610 2525 777 2591 exercitus.
825 2525 889 2590 Sed
918 2525 1031 2590 surdae
1058 2525 1099 2590 ad

46 2610 130 2676 haec
145 2611 251 2675 omnia
265 2633 356 2676 aures
370 2613 544 2676 concitatae
560 2612 771 2680 multitudinis
786 2625 885 2689 erant,
901 2635 961 2677 nec
976 2612 1098 2677 minore

46 2697 139 2762 intus
164 2697 205 2775 vi,
231 2720 328 2784 quam
353 2699 438 2777 foris,
464 2713 573 2786 portae
599 2699 863 2786 effringebantur:
899 2699 1098 2787 effractisque

19 2785 208 2862 3omnibus,
220 2799 321 2850 totum
337 2784 508 2873 Hexapylo
523 2809 638 2873 agmen
652 2800 816 2875 receptum
831 2799 887 2851 est.
934 2785 1099 2850 Praetores

46 2872 84 2936 in
116 2870 333 2936 Achradinam
362 2895 436 2937 cum
465 2872 630 2938 iuventute
660 2873 859 2960 popularium
889 2871 1097 2959 confugiunt:

47 2958 237 3023 mercenarii
252 2957 368 3024 milites
387 2959 611 3047 perfugaeque,
627 2973 660 3024 et
674 2959 828 3046 quicquid
843 2958 1001 3046 regiorum
1016 2957 1099 3021 mili·

47 3059 121 3110 tum
136 3043 297 3132 Syracusis
312 3059 387 3122 crat,
400 3069 514 3132 agmen
529 3046 669 3110 hostium
680 3057 806 3132 augent.
852 3044 904 3109 Ita
915 3043 1099 3108 Achradina

47 3154 182 3219 quoque
197 3131 299 3218 primo
314 3131 434 3218 impetu
451 3132 582 3219 capitur,
598 3145 853 3219 praetorumque,
869 3131 930 3194 nisi
944 3129 1001 3216 qui
1017 3130 1099 3195 inter

48 3217 225 3283 tumultum
240 3218 287 3283 eff
326 3231 430 3295 erunt,
445 3240 555 3282 omnes
569 3219 811 3282 interficiuntur.
858 3215 935 3281 Nox
949 3216 1099 3280 caedibus

17 3326 38 3368 4
48 3305 151 3370 finem
166 3305 248 3371 fecit.
284 3241 426 3370 ¹Sortem
441 3305 493 3368 die
509 3304 590 3368 servi
610 3305 651 3369 ad
665 3305 785 3405 pileum
800 3304 912 3380 vocati,
927 3315 960 3368 et
975 3325 1098 3368 carcere

46 3392 151 3457 vincti
166 3391 289 3457 emissi:
314 3390 507 3478 confusaque
522 3391 600 3455 haec
615 3413 718 3456 omma
734 3390 905 3454 multitudo
921 3388 1100 3476 Hippocra-

86 3538 228 3588 6Mi1item
246 3540 325 3598 nacti]
351 3538 444 3585 Noacti
460 3541 559 3584 auctore
592 3535 724 3594 nomen,si
741 3535 790 3583 vim
806 3535 873 3584 verbi
889 3535 1099 3594 attendamuain·

48 3605 163 3655 Gronov.
183 3609 327 3665 receperunt
342 3601 434 3652 Stroth.
453 3605 478 3648 et
494 3600 559 3648 Bek-
592 3600 670 3648 ditum
691 3615 721 3647 ex
741 3615 770 3648 eo
787 3599 842 3655 luit,
858 3601 923 3660 quod
940 3615 982 3648 sex
999 3599 1100 3648 haberet

48 3670 104 3718 lrer.
592 3669 681 3727 portus.
699 3665 780 3713 Cast.
816 3663 934 3712 Similiter
943 3666 1053 3726 Dipylon
1067 3665 1099 3712 A·

86 3743 101 3794 7
117 3734 198 3782 Haud
210 3733 283 3791 aava]
312 3731 390 3780 Haud
406 3731 472 3779 leves
487 3733 561 3790 atque
594 3727 674 3776 thenis
690 3727 771 3787 fuisse,
782 3728 838 3776 infr.
850 3727 916 3776 xxxi.
929 3743 967 3788 24.
979 3733 1004 3777 et
1018 3731 1099 3776 Tetro-

49 3795 157 3855 creduli,
168 3798 210 3846 scd
222 3795 395 3858 prudentiores
414 3795 497 3844 Dosa.
592 3793 667 3854 pylon
678 3793 812 3841 Caesareae
827 3791 852 3840 in
865 3791 1013 3852 Palaestina,
1025 3793 1100 3842 Vale-

86 3863 102 3910 8
118 3863 162 3910 Ad
177 3863 283 3910 militare
295 3861 386 3922 ymas]
408 3859 483 3920 Apud
499 3856 561 3905 mili·
594 3856 644 3904 sina
654 3862 744 3906 monet.

50 3923 374 3988 tescrduacuaquegeneris.
397 3923 563 3984 Atproopud
631 3936 644 3969 a
664 3923 829 3981 sectoriae]
859 3921 973 3972 Consiliis
992 3922 1101 3972 monitis-

49 3990 155 4052 saepius
165 3995 302 4052 usurpatur.
322 3990 352 4038 cl.
363 4003 427 4049 supr.
439 3985 480 4034 vii.
493 3997 527 4046 7.=
595 4001 649 4047 que.
666 3986 747 4035 Cara.

90 4071 107 4120 9
126 4057 334 4117 Prooemiueqae
354 4053 457 4110 tadum]
486 4050 562 4105 Quod
627 4065 642 4110 3
661 4052 744 4099 Totum
760 4053 890 4114 Hexapylo
904 4054 1004 4113 cymen]
1026 4051 1100 4113 Vulg.

49 4119 202 4168 imminebat
222 4135 238 4168 a
260 4117 340 4180 pravis
360 4112 520 4178 Hippocratis
538 4118 562 4161 et
595 4121 647 4172 tuto
668 4115 695 4162 in
716 4117 852 4177 Hexapylo.
891 4117 968 4164 Tutus
990 4121 1015 4163 et
1038 4122 1102 4162 totus

50 4183 177 4246 Epicydis
187 4181 300 4231 consiliis.
595 4177 691 4240 saepius
707 4177 732 4225 in
748 4193 799 4226 nas.
815 4179 947 4240 permutari
958 4178 1101 4227 videbimus

89 4263 99 4296 r
123 4249 187 4297 vau
199 4248 298 4308 foribus
314 4244 452 4306 Hexapyli]
474 4242 533 4290 Una
549 4258 563 4290 e
596 4241 691 4290 ceint.
703 4242 787 4291 xxviii.
797 4261 820 4302 4.

47 4327 96 4362 sex
115 4311 200 4373 portis,
214 4326 277 4372 quae
293 4315 362 4358 erant
377 4308 402 4355 in
422 4307 562 4368 Hexapylo.
628 4305 1101 4368 4Adplleumeocott'1Adlibertatem.

49 4375 126 4426 Huic
146 4375 212 4424 enim
231 4374 296 4424 urbia
312 4373 478 4437 Syracusanae
501 4369 562 4432 parti
596 4369 626 4418 cf.
637 4385 702 4430 urpr.
718 4368 753 4419 16.

97 4458 174 4502 VOL.
191 4458 224 4502 ΙΙ.
911 4453 929 4493 Ρ
