2866 4770
312 211 407 279 LIB.
432 211 564 278 XXIX.
597 211 708 278 cAP.
733 217 785 279 35.
1011 217 1074 282 497

77 346 181 433 Scipio
217 346 390 432 praefectos
426 348 624 434 equitesque,
658 361 753 434 prout
788 349 942 436 cuiusque
979 371 1076 435 opera
1086 366 1118 416 U.
1130 367 1160 418 c.
1176 369 1231 430 348.

33 431 140 510 uerat,
155 445 229 498 aute
244 455 354 496 omnes
370 431 580 510 Masinissam,
596 433 771 520 insignibus
786 435 878 500 donis
893 433 1007 500 donat:
1029 447 1072 512 et,
1083 431 1121 505 ¹⁴2
1131 431 1161 502 (³-
1177 445 1232 490 ²⁰⁴·

32 518 120 581 firmo
139 518 297 606 praesidio
314 517 441 583 Salccae
462 519 618 606 imposito,
634 519 701 606 ipsc
719 543 793 584 cum
809 533 916 586 cetero
930 521 1073 586 exercitu
1081 494 1192 620 {3223
1193 509 1217 541 Φ

32 603 274 689 profectusum
290 605 372 689 agris
386 604 491 680 modo,
505 627 695 691 quacunque
710 605 888 683 incedebat,
903 607 1071 694 populatis,
1082 621 1197 672 atnam.

31 689 84 754 sed
99 691 229 758 urbibus
243 689 339 756 etiam
354 689 543 776 quibusdam
558 691 698 778 vicisque
714 693 913 779 expugnatis,
925 693 987 759 late
1002 695 1073 758 fuso

31 789 146 841 terrore
170 776 255 854 belli,
279 775 413 862 septimo
435 776 498 854 die,
523 799 619 863 quam
643 778 801 863 profectus
823 791 900 856 erat,
925 802 956 844 m
998 801 1072 844 nam

29 862 91 926 vim
105 861 272 928 hominum
288 875 321 928 ct
335 863 456 948 pecoris
471 875 504 927 ct
521 863 624 928 omnis
641 864 766 950 generis
783 865 918 949 praedae
1005 887 1071 944 ens,

28 948 61 1012 in
83 963 185 1013 castra
205 948 308 1024 redit3
330 971 504 1036 gravesque
526 949 642 1012 itemm
662 949 828 1014 hostilibus
848 951 955 1037 spoliis
977 973 1072 1016 naves

27 1035 167 1100 dimittit.
213 1034 304 1112 Inde,
321 1035 442 1098 omissis
462 1057 502 1098 ex
544 1034 718 1100 ditionibus
737 1035 841 1122 parvis
859 1037 1073 1136 populationi-

27 1121 159 1221 busque,
178 1121 219 1184 ad
243 1120 490 1209 oppugnandam
503 1057 639 1185 lincam
664 1143 774 1186 omnes
795 1122 870 1187 belh
893 1123 974 1188 vires
996 1146 1073 1189 con·

25 1221 135 1273 vertat:
154 1229 224 1272 eam
234 1206 362 1283 deinde,
375 1208 400 1272 si
415 1206 559 1294 cepisset,
571 1205 680 1271 sedern
695 1207 737 1270 ad
751 1221 857 1272 cetera
867 1209 1073 1296 exsequenda

11 1293 198 1358 thabiturus
246 1291 347 1358 Simul
371 1307 404 1358 et
425 1316 444 1357 a
466 1292 561 1358 classe
583 1293 710 1358 navales
729 1293 815 1372 socii,
835 1318 899 1382 qua
918 1318 958 1360 cx
980 1307 1070 1383 parte
1081 1305 1182 1356 Uticam

25 1380 98 1444 urbs
121 1380 199 1444 mari
221 1379 360 1455 alluitur,
381 1378 475 1443 simul
497 1392 530 1444 et
552 1379 706 1444 terrestris
727 1381 886 1446 exercitus
907 1383 947 1448 ab
966 1376 1214 1446 immi-⁰¹³Putmb

25 1479 121 1531 nente
147 1489 246 1556 prope
273 1465 349 1551 ipsis
374 1465 540 1530 moenibus
566 1465 688 1530 tumulo
716 1480 765 1531 est
790 1467 943 1532 admotus
989 1468 1071 1532 Tor·

24 1566 134 1618 menta
148 1552 373 1638 machinasque
389 1565 422 1616 ct
435 1551 607 1616 advexerat
620 1574 737 1630 secum,
750 1565 783 1618 et
797 1576 838 1618 ex
856 1552 963 1618 Sicilia
977 1554 1073 1620 missa

24 1661 97 1702 cum
112 1638 341 1704 commeatibus
355 1649 463 1702 crant:
488 1651 521 1702 et
540 1660 622 1702 nova
641 1638 676 1703 in
696 1640 947 1718 armamentario,
963 1639 1071 1706 multis

24 1723 136 1788 talium
165 1747 298 1811 operum
324 1723 496 1789 artificibus
521 1724 561 1788 de
591 1723 748 1789 industria
775 1726 913 1804 inclusis,
940 1727 1068 1791 fiebant

24 1809 232 1876 Uticensibus
255 1823 343 1874 tanta
365 1809 508 1897 undique
532 1809 614 1874 mole
639 1811 850 1876 circumsessis
875 1812 910 1876 in
935 1811 1072 1876 Cartha·

11 1897 162 1984 =giniensi
180 1895 309 1981 populo,
327 1895 641 1980 Carthaginiensibus
660 1896 696 1959 in
712 1895 913 1962 Hasdrubale
927 1897 983 1974 ita,
998 1899 1024 1961 si
1044 1898 1072 1962 is

20 1982 174 2046 movisset
195 1979 383 2067 Syphacem,
403 2003 474 2066 spes
495 1981 598 2044 omnis
619 1993 705 2046 crat:
730 1981 787 2046 sed
808 1981 965 2047 desiderio
987 1983 1072 2048 indi-

19 2067 170 2168 gentium
196 2066 305 2131 ausilii
331 2065 450 2130 tardius
475 2077 591 2130 cuncta
615 2068 832 2132 movebantur.
879 2066 1071 2145 Hasdrubal,
1081 2081 1222 2130 Hasdruba

20 2154 235 2220 rntentissima
245 2152 476 2240 conquisitione
488 2173 587 2238 quum
602 2152 643 2217 ad
659 2153 789 2240 triginta
802 2153 902 2218 milha
915 2154 1069 2241 peditum,
1080 2145 1110 2194 ¹¹⁸
1120 2146 1200 2222 step-

21 2241 83 2305 tria
109 2241 256 2327 equitum
278 2238 472 2316 confecisset,
495 2261 561 2302 non
584 2251 690 2304 tamen
713 2254 786 2306 ante
813 2240 984 2305 adveutum
1011 2239 1071 2328 Sy·
1079 2209 1212 2334 {mig

20 2326 133 2414 phacis
155 2339 255 2390 castra
276 2325 405 2412 propius
427 2324 551 2390 hostem
573 2347 700 2390 movere
721 2339 769 2392 est
789 2349 890 2392 ausus
939 2326 1070 2414 Syphax
1080 2337 1142 2398 piae.

20 2435 96 2478 cum
119 2413 353 2501 quinquaginta
373 2411 513 2476 millibus
533 2410 690 2497 pediturn,
704 2412 825 2477 'decem
847 2412 991 2500 equitum
1015 2413 1072 2477 ad·

20 2500 131 2564 venit:
167 2497 396 2583 confestimque
427 2497 520 2562 motis
549 2497 589 2560 ab
618 2496 811 2586 Carthagine
840 2499 957 2575 castris,
983 2498 1072 2564 haud

19 2585 136 2672 procul
149 2584 246 2650 Utica
260 2583 551 2670 munitionibusque
565 2583 720 2648 Romanis
734 2585 885 2650 consedit.
923 2586 1070 2661 Quorum
1080 2591 1163 2667 Scipio
1173 2607 1208 2642 ro

17 2672 179 2738 advenum
193 2670 254 2735 hoc
266 2683 373 2734 tamma
384 2669 536 2746 momenti
548 2669 632 2746 lecit,
645 2683 681 2734 ut
694 2669 810 2759 Scipio,
823 2694 923 2757 quum
935 2673 1071 2760 quadra·
1080 2658 1144 2774 ffl‘
1154 2657 1187 2706 ἰ’

41 2759 111 2824 'nta
134 2756 233 2822 ferme
256 2756 324 2821 dies
345 2756 557 2856 nequicquam
580 2757 688 2821 omnia
710 2759 877 2844 experiens
898 2759 1071 2826 obsedisset
1128 2737 1164 2771 ω’

55 2845 166 2920 ticam,
192 2842 374 2908 abscederet
404 2842 478 2907 rude
508 2843 598 2907 irrito
627 2843 763 2928 incepto.
810 2843 854 2907 Et
879 2843 957 2929 (iam
983 2845 1070 2908 euim

17 2929 127 2994 hiems
141 2928 292 3014 instabat)
306 2940 406 2994 castra
424 2927 559 2993 hiberna
578 2928 613 2992 in
632 2928 858 3014 promontorio,
874 2928 962 3024 quod
980 2928 1071 2992 tenui

18 3016 97 3103 iugo
126 3014 302 3079 continenti
327 3014 502 3079 adhaerens
527 3013 562 3076 in
591 3012 788 3097 aliquantum
814 3032 909 3075 marre
934 3012 1070 3097 spatium

18 3100 218 3178 extenditur,
233 3100 428 3165 communit:
452 3121 518 3162 uno
538 3096 620 3162 vallo
634 3110 668 3162 et
683 3097 805 3161 navalia
819 3109 919 3160 castra
932 3097 1071 3183 amplec-

20 3189 108 3252 titur.
157 3186 237 3273 Iugo
252 3185 358 3252 medio
373 3183 535 3270 legionum
551 3183 659 3247 castris
674 3183 838 3269 impositis,
854 3181 929 3246 litus
943 3182 985 3246 ad
999 3205 1071 3268 sep-

18 3273 216 3339 tentrionem
252 3293 377 3336 versum
413 3269 588 3334 subductae
630 3291 725 3334 naves
766 3266 956 3353 navalesque
993 3268 1068 3332 socii

55 3463 65 3496 r
85 3448 197 3496 Navata
217 3447 288 3506 socii]
313 3444 408 3494 Milites
429 3443 530 3494 classici.
565 3443 724 3492 borebionon
735 3444 885 3492 aduerunte.

19 3513 132 3573 cisnpr.
145 3509 210 3559 xxvi.
223 3511 260 3558 28.
598 3509 699 3570 5Litus
724 3507 758 3554 ad
775 3509 961 3569 septentrionem
1039 3509 1073 3556 od

53 3591 67 3623 a
86 3578 138 3634 Ita,
149 3577 170 3622 si
181 3575 215 3634 is]
231 3574 308 3622 Modo
316 3579 399 3621 tamen
408 3573 429 3620 is
437 3571 531 3634 Sypha·
564 3573 669 3619 alterum
683 3572 754 3630 litus]
773 3571 866 3632 Magna
882 3571 993 3618 codicum
1009 3571 1071 3618 Gro-

19 3655 76 3686 cem
88 3637 228 3699 impulisset
238 3638 270 3686 ad
280 3638 381 3686 bellurn.
564 3633 722 3682 norianorum
747 3649 842 3692 manus,
866 3635 1072 3683 consentientibus

52 3715 68 3762 3
88 3703 161 3760 Quod
185 3704 254 3752 tenui
281 3703 350 3764 lupo]
389 3701 532 3750 Adhaersns
564 3698 658 3756 nostris,
670 3713 714 3758 pro
731 3713 790 3744 roos
807 3699 867 3746 litus
883 3697 1012 3759 utrobique
1030 3714 1071 3746 sx-

18 3763 169 3824 continenti,
196 3765 246 3814 slve
273 3771 361 3824 terrae,
388 3780 432 3826 per
457 3769 532 3811 tanus
564 3762 1078 3822 hibetlatus:quodlortassecomnrodius,

18 3831 108 3893 iugum
133 3828 209 3877 instar
230 3828 313 3876 isthmi
335 3827 438 3890 angusti.
481 3825 532 3878 Hic
567 3825 693 3875 videbitur.
728 3826 861 3874 Possumus
879 3831 962 3874 tumen
981 3825 1070 3875 intelli-

17 3896 94 3944 locns
111 3899 197 3955 postea
211 3891 362 3954 a'Scipionis
376 3890 483 3938 hibsmis
497 3889 532 3938 di·
564 3905 620 3952 gere
633 3889 716 3952 iugum
734 3889 796 3937 illud
813 3889 849 3938 ita
865 3895 1002 3952 porrectum
1020 3907 1072 3940 esse

18 3965 78 4006 ctus
90 3961 127 4005 est
138 3957 287 4006 donatiana
298 3955 471 4018 sive-cornelia
482 3969 531 4002 aas·
565 3953 590 4002 in
599 3955 687 4012 altum,
696 3959 724 4001 ut
734 3953 795 4002 mari
807 3959 860 4002 tum
872 3969 887 4004 a
897 3953 1072 4016 septentrione,

17 4029 71 4078 tra,
84 4035 134 4081 quo
148 4036 204 4068 eum
221 4019 320 4068 nominc
331 4018 460 4080 appellant
472 4018 532 4067 Cae·
565 4024 618 4066 tum
629 4033 645 4065 a
655 4017 756 4066 meridie
771 4017 921 4080 cingeretur:
939 4019 1022 4080 sicque
1037 4019 1071 4066 ni-

16 4101 60 4134 sar
77 4085 110 4132 de
123 4085 196 4132 Bello
210 4083 285 4134 Civili
300 4083 325 4132 ii.
344 4081 440 4130 Plinius
452 4081 486 4130 H.
499 4080 532 4130 N.
567 4081 601 4129 hil
615 4081 660 4130 erit
675 4083 811 4131 mutatione
827 4097 896 4144 opus
929 4084 1018 4133 Cetera
1028 4082 1072 4128 hu·

18 4165 42 4198 r.
57 4167 83 4210 4.
568 4145 605 4194 ius
615 4145 662 4194 loci
680 4151 745 4194 recte
760 4161 786 4194 se
801 4145 901 4204 babent,
911 4147 969 4194 licet
982 4145 1073 4192 varient

54 4228 71 4271 4
93 4212 148 4261 Uno
159 4213 257 4262 oanct
272 4211 372 4260 navalia
387 4210 481 4268 castra]
500 4209 535 4256 Et
567 4209 657 4270 scripti.
675 4210 755 4258 cnnv.
800 4209 952 4258 Gronovium
974 4211 1073 4253 secutus

16 4277 128 4324 navalia
155 4283 179 4325 ct
206 4281 286 4325 castra
312 4289 343 4322 cx
365 4271 535 4321 emendations
567 4279 603 4322 est
617 4272 721 4321 Bekker.

17 4342 135 4388 Gronov.
156 4339 248 4401 recepit
267 4337 403 4396 Belrlrerus,
423 4335 534 4384 Draken-

68 4420 146 4464 von.
164 4421 199 4464 11.
840 4393 900 4455 sk
