2888 4768
366 220 428 280 204
746 211 857 278 ΤΙΤΙ
884 209 1018 276 LIVII

211 371 245 420 U.
257 371 286 420 c,
303 371 356 432 53⁸·
366 348 623 414 interficerentur.
658 347 710 414 Ira
723 348 840 414 deinde
855 370 896 412 ex
910 344 1121 412 misericordia
1134 358 1209 424 orta,
1244 343 1304 409 uod
1317 343 1382 408 adeo
1417 389 1418 426 3

210 436 240 484 A·
258 435 287 484 0·
303 449 356 494 ²14-
365 435 545 500 festinatum
567 434 608 500 ad
629 435 827 536 supplicium,
842 457 948 584 nepe
968 432 1055 498 locus
1073 367 1266 518 poenitendi,
1280 445 1329 494 aut
1343 453 1382 493 re·
1417 441 1418 524 ἐ

364 543 487 622 gressus
502 522 541 586 ab
556 522 603 585 ira
616 522 743 586 relictus
762 535 851 586 esset
916 533 1010 606 taque
1024 519 1155 584 fremere
1175 516 1344 592 multitudo,
1356 530 1382 579 et
1417 533 1418 594 ξ

365 606 525 672 inlocum
542 606 763 674 Andranodori
787 629 823 672 ac
844 607 1001 671 Themisti
1020 605 1109 694 (nam
1131 605 1224 669 ambo
1245 617 1382 690 praetores
1417 675 1418 684 χ

365 693 504 780 fuerant)
527 695 655 760 comitia
675 717 823 781 poscere:
856 717 937 780 quae
960 713 1161 779 nequaquam
1183 712 1226 755 ex
1249 689 1383 754 senentio
1417 755 1418 774 ,

366 794 547 867 praetorum
560 782 666 846 futura
680 793 791 845 essent

257 865 309 930 27.
411 866 553 933 Statutus
567 881 615 932 est
628 867 762 932 comitiis
776 866 862 932 dies:
883 888 956 952 quo,
972 864 1235 952 necopinantibus
1248 863 1381 937 omnibus,

210 951 343 1078 {piiffi
366 977 449 1103 ppus
462 976 503 1018 ex
518 951 629 1019 ultima
643 955 736 1104 tgrbp
749 951 1126 1102 Epicygemdnommavit
1142 964 1210 1015 tum
1231 949 1303 1015 inde
1315 949 1382 1100 plump

595 1088 603 1104 .
1246 1059 1298 1100 um
1349 1059 1366 1099 u

210 1084 357 1193 mpp-
367 1051 611 1191 ddhiirocgbenhh
629 1061 838 1190 mulliniiiiiiiss
860 1061 934 1189 aecii.
949 1062 966 1103 e
981 1049 1264 1189 {ieeidied’ohiiria
1283 1125 1380 1198 concio,
1417 1185 1418 1208 ζ

366 1235 431 1278 non
451 1213 594 1300 populari
616 1212 720 1289 modo,
741 1211 797 1276 sed
817 1211 943 1276 militari
962 1233 1089 1298 quoque
1109 1211 1211 1288 turba,
1232 1232 1338 1297 magna
1352 1230 1381 1272 er
1417 1215 1418 1282 l

365 1311 453 1386 parte
480 1299 574 1364 etiarn
601 1298 748 1386 perfugis,
775 1298 830 1385 qui
856 1297 962 1362 omnia
986 1319 1101 1362 novare
1127 1298 1305 1384 cupiebant,
1327 1319 1380 1382 per·
1417 1357 1418 1382 ἒ

366 1385 480 1450 mixtis.
526 1385 690 1450 Praetores
704 1383 898 1450 dissimulare
913 1384 1024 1484 primo,
1040 1396 1074 1448 et
1092 1383 1249 1451 trahenda
1267 1407 1299 1448 re
1312 1395 1395 1447 essett
1417 1391 1418 1456 ζ

364 1487 523 1559 postremo
537 1471 613 1536 victi
627 1493 791 1547 consensu,
807 1485 839 1535 et
856 1471 1042 1535 seditionem
1061 1484 1251 1548 metuentes,
1266 1491 1380 1557 pronm·
1417 1471 1418 1530 ξ

366 1558 446 1623 tiant
465 1580 518 1622 eos
539 1565 706 1644 praetores.
752 1558 823 1623 Nec
842 1556 889 1621 illi
907 1557 1010 1644 primo
1029 1557 1134 1622 statim
1156 1558 1256 1623 creati
1275 1555 1380 1628 nudare,
1417 1553 1418 1600 l

210 1655 337 1732 negarier
388 1643 444 1708 uid
469 1642 606 1708 vellent:
639 1666 819 1731 quanquam
850 1663 951 1731 aegre
966 1643 1118 1720 ferebant,
1145 1657 1178 1707 et
1203 1644 1247 1708 de
1276 1641 1381 1707 indutiis
1417 1641 1418 1712 ᾗ

209 1723 318 1794 ΑΡΡΨΤῙι
366 1667 489 1794 dierum
504 1729 614 1794 decern
629 1730 658 1795 le
680 1745 746 1795 atos
765 1730 825 1794 isse
840 1730 881 1793 ad
896 1729 959 1816 Ap.
974 1728 1155 1806 Claudium,
1171 1742 1216 1806 et,
1232 1727 1381 1818 impetratis
1417 1713 1418 1786 l

210 1799 283 1833 mrsu.
365 1816 412 1892 iis,
428 1815 582 1902 alios,qui
597 1816 637 1882 de
652 1753 777 1882 dedere
792 1817 923 1903 antiquo
937 1815 1117 1880 renovando
1132 1816 1379 1902 agerentmissos
1417 1807 1418 1892 l

366 1901 420 1966 Ad
444 1901 658 1990 Murgantiam
685 1916 751 1967 tum
777 1903 907 1968 classem
931 1903 1058 1968 navium
1084 1917 1215 1967 centurn
1243 1903 1418 1980 Romanula}

365 1989 510 2067 habebat,
526 2011 664 2076 quonam
678 1989 848 2055 evaderent
862 2001 966 2054 motus
980 2011 1020 2053 ex
1035 1989 1183 2054 caedibus
1197 2002 1380 2091 tyrannorum
1417 2019 1418 2070 i

365 2076 425 2140 orti
442 2073 612 2176 Syracusis,
625 2099 727 2164 quove
739 2099 792 2140 eos
862 2089 910 2142 ret
923 2098 1037 2140 novae
1072 2098 1113 2140 ue
1128 2075 1257 2141 insolrta
1270 2076 1379 2145 libens
1417 2111 1418 2116 ¹

365 2184 539 2249 opperiens
585 2162 648 2227 Per
668 2161 795 2227 eosdem
842 2162 886 2226 'es
908 2184 1007 2247 quum
1095 2161 1294 2239 Marcellum,
1314 2158 1380 2224 veni·
1417 2193 1418 2212 ι

365 2263 472 2313 entem
487 2249 521 2313 in
539 2248 687 2325 Siciliam,
702 2247 798 2334 legati
815 2247 1001 2336 Syracusani
1015 2249 1100 2312 missi
1114 2249 1154 2313 ab
1165 2248 1277 2336 Appio
1290 2256 1379 2316 esent,

366 2334 480 2399 auditis
494 2335 727 2401 conditionibus
763 2333 835 2412 acis,
852 2333 1031 2411 Marcellus,
1046 2357 1135 2421 posse
1150 2357 1220 2398 rem
1238 2333 1379 2400 convenire

366 2433 460 2497 ratus,
476 2433 508 2484 et
522 2421 589 2506 ipse
604 2420 633 2486 le
656 2434 722 2486 atos
738 2357 914 2508 dyracusas,
929 2421 986 2506 qui
1003 2442 1107 2486 coram
1122 2443 1195 2484 cum
1209 2419 1379 2508 praetoribus

366 2505 406 2569 de
428 2506 609 2570 renovando
630 2444 756 2588 lbedere
778 2520 917 2594 agerent,
936 2507 1027 2572 misit
1073 2507 1198 2572 Etiam
1219 2508 1265 2573 ibi
1285 2529 1321 2570 ne
1341 2525 1380 2566 ua·

211 2599 461 2678 Turbatam-quam
485 2591 595 2656 eadem
619 2593 709 2680 quies
732 2606 765 2657 et
790 2592 997 2680 tranquillitas
1022 2606 1096 2658 erat
1142 2593 1314 2681 Postquam
1355 2611 1380 2651 11·

209 2679 306 2714 nemra
365 2677 468 2742 nicam
491 2676 619 2742 classem
643 2679 806 2744 accessisse
830 2679 1016 2768 Pachynum
1040 2679 1167 2745 allatum
1191 2695 1251 2758 est,
1275 2680 1379 2761 dempto

365 2763 477 2828 timore
502 2762 711 2850 Hippocrates
734 2780 767 2830 et
790 2764 818 2829 E
841 2766 957 2853 icydes‚
979 2789 1065 2831 nunc
1088 2766 1173 2853 apud
1196 2763 1379 2832 mercenarios
1417 2733 1418 2818 l

359 2849 490 2934 milites,
514 2873 599 2915 nunc
624 2851 710 2938 apud
733 2789 914 2939 translapsa,
938 2852 1030 2939 prodi
1054 2853 1199 2917 Romano
1226 2853 1378 2942 Syracusas

365 2937 618 3002 criminabantur.
665 2937 711 3002 Ut
730 2961 806 3003 vero
821 2939 946 3026 Appius
968 2961 1063 3004 naves
1085 2939 1127 3003 ad
1148 2940 1264 3004 ostium
1285 2949 1378 3025 portua

366 3045 430 3110 quo
454 3023 532 3088 aliae
555 3025 652 3110 partis
674 3024 853 3090 hominibus
876 3025 999 3090 animus
1021 3025 1193 3102 accederet,
1213 3026 1251 3090 in
1270 3022 1390 3090 stationer

365 3108 481 3173 habere
503 3111 617 3197 coepit,
635 3111 747 3196 ingens
769 3111 803 3174 in
826 3113 962 3198 speciem
986 3111 1168 3177 criminibus
1189 3112 1278 3176 vanis
1299 3127 1378 3202 uoces

366 3209 448 3260 serat
465 3195 561 3260 fides:
586 3219 621 3261 ac
643 3197 745 3283 primo
766 3197 861 3261 etiam
884 3197 1074 3262 tumultuose
1096 3197 1277 3263 decurrerat
1296 3193 1377 3260 multi·

367 3281 445 3346 tudo
460 3281 500 3345 ad
515 3279 735 3368 prohibendos,
751 3282 825 3348 siin
841 3296 953 3348 terram
969 3284 1199 3371 egrederentur.
1417 3341 1418 3344 ,

301 3412 310 3430 .
410 3366 449 3432 In
475 3367 534 3434 hac
557 3369 733 3434 turbatione
757 3392 861 3434 rerum
884 3369 918 3434 in
943 3371 1127 3436 concionem
1148 3373 1252 3436 vocari
1274 3365 1389 3458 placuit¹
1417 3365 1418 3450 l

370 3453 434 3519 Ubi
444 3477 543 3542 quum
555 3454 608 3520 alii
622 3455 683 3520 alio
699 3455 875 3533 tenderent,
886 3479 945 3521 nec
960 3457 1069 3545 procul
1083 3457 1237 3523 seditione
1247 3479 1294 3522 rae
1307 3461 1375 3524 esset.
1417 3459 1418 3540 l

399 3707 414 3753 8
433 3707 561 3756 trahenda
571 3722 598 3756 ra
608 3709 670 3767 erre]
692 3708 722 3756 In
734 3722 763 3756 eo
774 3723 834 3765 esse,
844 3708 869 3756 id
903 3713 1012 3768 pocrates
1022 3714 1047 3757 et
1058 3707 1192 3772 Epicydem
1207 3709 1231 3758 h.
1243 3725 1265 3758 e.
1275 3705 1312 3770 qui
1321 3701 1375 3766 pedi!

367 3783 446 3829 agere,
461 3777 490 3818 ut
505 3771 659 3820 extraherent
677 3787 737 3820 rem.
755 3771 869 3822 Gnoson.
903 3771 1029 3820 Romam
1042 3779 1128 3822 ament
1159 3775 1233 3824 Atiae
1248 3771 1374 3832 mrtiqual'ffl

368 3833 483 3880 Ceterum
504 3835 532 3882 ὄπ
553 3835 671 3883 trahendo
692 3851 719 3884 re
740 3836 870 3898 legendum
901 3835 1007 3896 genitivo
1018 3835 1086 3886 elida
1120 3837 1158 3886 Ea
1170 3851 1228 3886 roca
1243 3837 1279 3886 btr
1292 3832 1374 3900 maced

369 3901 452 3943 censet
463 3897 557 3946 Duker.
903 3898 954 3949 Cic.
968 3899 999 3948 da
1012 3899 1105 3950 Diali.
1118 3915 1157 3963 30.
1188 3891 1373 3951 steatomati

404 3960 620 4022 obstrepentium]
649 3961 707 4010 Alia
727 3967 778 4010 erat
798 3962 870 4012 huius
901 3965 995 4013 conatii
1005 3979 1044 4026 ap.
1056 3964 1154 4014 Terent
1174 3966 1252 4014 Gerr.

369 4021 473 4071 nominis
489 4025 545 4071 urbs
561 4025 586 4072 in
603 4025 711 4084 Samnio,
720 4025 790 4073 cuiue
802 4041 869 4076 men·
934 4043 948 4076 a
966 4029 1123 4090 Turbatione]
1140 4029 1239 4077 Praeter
1249 4021 1372 4078 urinum

369 4087 403 4135 tio
415 4087 443 4135 lit
453 4101 517 4149 supr.
529 4103 553 4136 x.
567 4100 603 4150 17.
637 4089 694 4144 Hoc
708 4090 761 4138 loco
772 4089 870 4139 Siciliae
902 4106 961 4140 voce
973 4092 1094 4141 neminem
1110 4093 1272 4155 antiquiorum
1281 4102 1340 4139 nsum
1347 4083 1372 4130 fu·

369 4151 487 4213 oppidum
506 4151 690 4214 intelligendum
709 4169 768 4212 esse,
785 4168 829 4215 per
845 4169 870 4202 se
901 4154 948 4203 iseo
961 4163 1044 4204 monet
1060 4157 1137 4207 Diali.
1151 4157 1210 4206 licet
1225 4156 1330 4220 quaedem
1343 4161 1371 4194 ‘¹‘

370 4219 444 4276 patet
462 4215 568 4264 Sraorrr.
902 4220 984 4280 empla
1000 4236 1040 4283 ap.
1056 4221 1200 4271 recentiores
1217 4221 1331 4284 scriptores
1343 4225 1371 4259 εἰ·

406 4293 414 4325 r
433 4280 507 4328 Attae
521 4280 601 4340 partic
616 4279 762 4339 bominibus]
784 4279 870 4342 Iisqui
902 4287 972 4332 stent.

370 4339 419 4388 alla
434 4342 550 4392 sentirent
566 4347 591 4392 et
606 4343 704 4404 vellent,
719 4358 792 4405 quam
807 4343 870 4406 Hip·
