2888 4768
306 223 403 291 LIB.
431 222 542 290 XXV.
581 225 691 292 CAP.
717 233 769 293 30.
995 231 1060 296 267

26 359 170 426 ‘obsideri
191 374 314 449 pergat,
333 337 429 450 quam
451 347 538 451 spem
562 387 629 429 esse
653 377 736 429 tarra
757 365 899 451 marique
920 363 1148 428 clausol'U.c.
1164 388 1219 439 540·

26 445 126 546 Motus
140 447 189 512 his
205 447 357 550 Mericus,
374 473 473 537 quum
488 450 608 551 legatos
618 451 664 552 od
679 451 868 516 Marcellum
889 451 973 550 mitti
995 441 1102 601 pilo-³u
1119 443 1149 492 ⁰·
1165 455 1219 490 ²¹²·

26 547 137 612 cutsset,
149 534 278 600 fratrem
293 549 377 601 mter
390 560 444 602 eos
459 550 572 602 mittrt:
597 561 653 624 qur
709 538 878 602 reundem
893 537 984 602 illum
1037 561 1063 601 ι-

15 635 319 797 Ἒῗιῗιῖωιιίἰῗιιῗῖ,
338 621 1062 861 ἱῖᾧῗὲιίιῖιιᾊῗὲ“ἰὲἶῒιέἒάῗὲωέιιῗέἒὲῗ

424 820 445 861 ιι

24 792 232 860 Achradinam
254 795 346 861 redit
446 821 478 862 m
499 797 650 875 Mericus,
665 812 702 862 ut
724 798 764 862 ab
786 797 965 897 suspicione
988 819 1062 884 pro-

23 877 142 944 ditionis
163 895 322 947 averteret
343 884 487 948 omnium
509 885 639 962 animos,
660 897 757 971 negat
772 884 851 948 ‘sibi
887 883 999 960 lacere,
1015 883 1062 947 le-

24 971 120 1050 ‘gatos
134 990 312 1034 commeare
328 969 411 1034 ultro
425 971 579 1057 citroque,
595 994 700 1071 neque
716 907 933 1059 recipientium
950 992 1061 1057 quem-

24 1058 138 1138 ‘quam,
154 1075 263 1142 neque
278 1055 486 1122 mittendum:
513 1068 555 1134 et,
572 1080 636 1144 quo
651 1059 804 1123 intentius
819 1057 980 1122 custodiae
995 1078 1061 1121 ser-

15 1143 154 1218 t‘ventor,
170 1156 351 1230 opportuna
372 1142 441 1208 loca
460 1142 633 1208 dividenda
652 1145 820 1232 praesectis
840 1167 917 1222 esse,
933 1157 970 1208 ut
985 1167 1059 1208 suae

24 1225 166 1314 ‘quisque
191 1229 291 1330 partis
316 1229 466 1294 notandae
492 1253 565 1295 reus
589 1231 650 1294 sit'
696 1231 818 1296 Omnes
844 1231 959 1295 assensi
985 1242 1210 1296 sttnttchndino

22 1313 151 1396 partibus
171 1315 373 1380 dividundis:
402 1317 461 1404 ipsi
485 1318 572 1404 regio
598 1318 704 1382 evenit
725 1318 765 1382 ab
787 1317 950 1382 Arethusa
971 1317 1058 1381 fonte
1068 1310 1179 1384 1⁸⁰de

21 1417 113 1497 usque
136 1401 177 1465 ad
204 1401 320 1467 ostium
346 1404 451 1490 magni
477 1418 594 1490 portos
641 1403 682 1469 Id
707 1417 744 1470 ut
769 1405 887 1469 scirent
910 1403 1058 1482 Romani,
1069 1375 1214 1488 {timisa

21 1481 96 1549 secrt
129 1485 245 1575 ltaque
257 1488 430 1555 Marcellus
444 1503 537 1555 nocte
552 1514 666 1556 navem
681 1491 855 1556 onerariam
870 1513 943 1555 cum
958 1513 1060 1555 arma·
1070 1503 1192 1566 Hispano.

22 1569 57 1633 tis
70 1574 208 1640 remulco
224 1575 433 1663 quadriremis
454 1576 536 1642 uehi
555 1577 597 1642 ad
611 1577 828 1643 Achradinam
846 1577 946 1655 iussit,
962 1601 1002 1642 ex

21 1656 110 1743 nique
133 1661 251 1727 milites
272 1663 401 1750 regione
423 1677 541 1751 portae,
558 1687 639 1750 quae
661 1687 761 1753 prope
782 1665 903 1730 fontem
919 1666 1001 1731 Aret
1024 1689 1062 1729 u·

22 1761 155 1812 sancet
203 1748 278 1814 Hoc
296 1773 396 1835 quum
419 1763 531 1837 quarta
551 1751 660 1838 vigilia
681 1751 798 1816 factum
821 1764 912 1830 esset,
936 1752 1061 1852 exposi-

23 1839 124 1919 tosque
150 1835 269 1901 milites
297 1849 397 1923 porta,
421 1850 458 1901 ut
483 1851 683 1916 convenerat,
706 1839 876 1924 recepisset
900 1837 1060 1916 Mencus;

22 1911 85 1982 luce
107 1921 208 2008 prima
231 1921 403 1987 Marcellus
425 1923 572 1988 omnihus
593 1925 692 2011 copiis
713 1925 840 1989 moenia
857 1924 1061 1989 Achradinae

22 2007 211 2090 aggreditur:
236 2010 281 2076 ita
302 2021 426 2075 utnon
448 2033 502 2074 eos
524 2009 636 2088 solum,
655 2010 711 2096 qui
732 2009 948 2076 Achradinam
972 2022 1062 2075 tenc·

22 2087 99 2169 bant,
115 2094 148 2159 in
163 2118 197 2161 se
214 2109 422 2174 converteret,
438 2095 494 2160 sed
508 2096 547 2160 ab
564 2095 652 2161 Naso
667 2096 763 2160 etiam
854 2097 908 2160 ina
926 2109 1062 2161 armato·

21 2195 85 2241 rum
106 2197 340 2260 concurrerent,
356 2183 474 2247 relictis
488 2183 676 2247 stationibus
691 2183 763 2259 suis,
780 2119 899 2246 ffim
915 2196 948 2248 et
962 2182 1061 2284 impe-

23 2271 83 2327 tum
109 2266 329 2334 Romanorum
355 2268 536 2334 arcendum.
586 2268 626 2333 In
652 2268 713 2334 hoc
739 2267 879 2334 tumultu
903 2281 1061 2334 actuanae

21 2369 117 2429 nares,
132 2354 304 2420 instructae
326 2357 390 2420 iam
410 2369 484 2421 ante
499 2357 801 2443 circumvectaeque,
817 2355 857 2422 ad
873 2354 996 2420 Nasum
1011 2379 1061 2420 ar-

22 2449 114 2503 matos
128 2459 304 2530 exponunt,
323 2443 388 2530 qui,
405 2443 574 2531 improviso
589 2443 691 2508 adorti
706 2442 895 2530 semiplenas
909 2443 1061 2507 nationes

23 2533 51 2584 et
64 2524 121 2589 ada
160 2543 225 2594 rtas
238 2529 321 2594 fores
341 2543 461 2617 portae,
477 2553 542 2617 qua
585 2531 669 2595 aullo
691 2541 764 2595 ante
787 2542 991 2595 excurrerant
1012 2552 1062 2594 ar·

23 2611 102 2688 mati,
158 2615 204 2680 ud
224 2639 340 2703 magno
355 2618 526 2682 certamine
578 2640 667 2682 asum
685 2641 734 2704 ce
762 2640 808 2695 re,
824 2617 979 2682 desertam
1000 2629 1062 2682 tre·

22 2694 176 2778 pidatione
191 2716 226 2768 et
239 2703 315 2791 fuga
328 2704 504 2769 custodum.
551 2703 668 2791 Neque
691 2705 725 2769 ul
737 2705 763 2768 is
785 2705 890 2769 minus
910 2703 1060 2803 praesidii

23 2795 72 2845 aut
86 2789 276 2872 pertinaciae
292 2790 332 2854 ad
348 2791 551 2868 manendum,
568 2814 664 2879 quam
679 2791 858 2878 transfugis,
872 2791 951 2854 furt:
974 2791 1060 2876 quia,

23 2887 60 2931 ne
74 2873 135 2938 suis
150 2877 282 2963 quidem
303 2877 378 2941 eatis
392 2878 558 2942 credentes
572 2901 615 2955 se,
632 2877 738 2941 medio
753 2876 925 2941 certamine
941 2877 1062 2962 effuge·
1160 2929 1164 2938 .

24 2971 98 3023 tunt
144 2962 317 3028 Marcellus
335 2977 372 3028 ut
390 2979 515 3051 captam
530 2985 596 3027 esse
613 2963 736 3026 Nasum
751 2961 872 3038 didicit,
889 2975 922 3026 et
936 2960 1062 3026 Achra·

25 3039 110 3111 dinae
131 3050 295 3138 regionem
316 3071 414 3114 unam
436 3049 547 3125 teneri,
565 3047 789 3135 Mericumque
809 3070 882 3112 cum
904 3047 1062 3134 praesidio

55 3278 194 3337 8Secretoa
213 3289 243 3336 ab
262 3289 331 3348 aliis]
358 3288 473 3336 Seorett’m
492 3299 522 3334 ex
554 3286 623 3337 mille
639 3287 700 3337 aliia
734 3287 769 3336 Et
780 3301 836 3336 vero
850 3285 958 3335 Mericus
973 3285 1064 3334 dicitur

26 3343 147 3400 autenm,
160 3352 268 3400 Gronov.
280 3351 387 3414 reposuit
400 3351 505 3400 Bekker.
555 3351 610 3401 infr.
623 3352 690 3401 xxvi.
704 3366 741 3401 21.
756 3368 805 3400 uon
817 3351 992 3410 Achradinam,
1003 3366 1061 3412 quo-

53 3412 222 3475 torporem
232 3417 296 3476 loeo]
310 3414 473 3466 Consentiunt
482 3414 523 3462 hic
555 3417 629 3464 modo
645 3416 685 3464 hic
701 3425 820 3474 narratio,
830 3416 872 3462 sed
889 3415 995 3473 Nasum,
1011 3415 1063 3463 sive

25 3481 115 3588 tlt}
130 3480 214 3592 itti
231 3480 522 3594 ltilllndlllllc'
555 3479 1064 3606 lutttlatfflltttthtlttsstlt

26 3599 85 3648 nude
95 3605 141 3654 dici
153 3608 235 3670 possit.
266 3561 522 3657 Nobifflufim
554 3610 635 3658 madv.
648 3609 713 3657 Hist.
728 3609 751 3656 8.
768 3615 885 3670 tanquam
902 3622 988 3668 parum
1005 3623 1062 3655 oon-

25 3669 70 3710 nat.
86 3667 165 3721 Cart.
199 3672 304 3722 Bekker.
319 3679 401 3722 tomen
416 3675 467 3722 loca
482 3674 522 3721 de-
555 3678 660 3722 stantem
679 3672 731 3722 eibi.
764 3673 813 3721 Sed
828 3686 947 3730 veremur,
963 3686 995 3719 ne
1011 3687 1061 3718 ma-

26 3721 64 3775 102·
555 3737 611 3785 ioris
620 3739 708 3800 culpae
718 3737 762 3785 ille
772 3737 820 3784 hoc
831 3737 886 3784 loco
894 3751 949 3784 rens
957 3734 996 3798 egi
1007 3751 1062 3798 pos·

57 3795 158 3864 {Rene}
170 3802 237 3850 Rem
247 3801 359 3850 hocloco
369 3799 523 3864 intelligitur,
555 3802 594 3862 eit,
611 3807 636 3851 et
652 3807 729 3850 totam
748 3801 813 3849 hanc
830 3801 861 3848 de
879 3799 964 3848 Merioi
983 3800 1062 3862 prodi·

26 3865 63 3910 ‘111¹
74 3859 218 3924 obligatione
232 3871 349 3916 teneatur.
371 3867 401 3914 ct
412 3881 478 3929 supr.
488 3865 521 3914 ix.
555 3867 623 3915 tione
643 3865 807 3914 narrationem
830 3866 901 3914 valde
922 3864 1062 3914 turbaverit.

25 3928 47 3975 9·
557 3931 588 3979 ln
605 3930 695 3979 talibus
712 3929 772 3979 locis
790 3931 896 3978 multum
913 3929 984 3978 nobis
1001 3944 1062 3992 opus

58 3991 126 4058 tati
146 3994 271 4044 Arethusa
291 3997 363 4055 sonte
389 4011 465 4058 neptae
492 3997 525 4044 od
556 3993 870 4058 oesetPolybioincolomi.
887 3994 968 4043 Cast.

26 4051 107 4124 “huto
126 4061 208 4120 mapnt'
228 4061 327 4122 portua]
358 4058 409 4106 Hic
429 4059 524 4108 videon
588 4061 733 4120 3Ratnolco
745 4060 919 4123 prodr-irenis]
947 4059 1063 4108 Remrdco

27 4105 160 4169 ‘immissae
182 4121 273 4172 Livius.
315 4123 437 4170 Arethusa
458 4122 524 4171 euim
557 4122 659 4170 trahitur
675 4123 752 4178 navis,
765 4123 860 4185 quoties
875 4121 946 4171 alteri
962 4121 1063 4184 alligata

28 4170 76 4222 lons
93 4181 152 4233 nihil
168 4187 200 4234 ad
217 4186 382 4235 Achradinam
399 4185 524 4248 pertinuit,
556 4201 605 4234 non
623 4187 672 4234 suis
687 4187 761 4234 remis
779 4187 865 4249 agitur.
899 4186 985 4240 Quum
1006 4199 1062 4232 raro

26 4237 66 4286 ”d
79 4250 114 4291 est
130 4247 154 4296 in
171 4255 281 4298 extremo
297 4251 392 4309 Insula,
405 4255 467 4298 teste
484 4250 524 4300 Ci-
557 4250 681 4298 onerariae
699 4250 760 4298 velis
780 4251 860 4301 solum
882 4249 1021 4306 utebantur,
1042 4247 1063 4293 ei

26 4311 106 4371 ὓῗῐῠηε
122 4309 146 4358 in
162 4313 231 4363 Vorr.
245 4314 277 4363 iv.
294 4316 345 4362 118.
363 4319 388 4362 et
404 4314 523 4363 Strabone
555 4314 652 4389 quando
669 4313 736 4362 renti
752 4329 810 4361 usus
830 4327 880 4360 non
899 4315 960 4368 arat,
976 4308 1011 4356 ita
1026 4310 1061 4356 al-

27 4375 55 4412 vt.
71 4383 94 4429 r·
109 4385 161 4436 270.
172 4384 198 4426 et
209 4377 296 4440 virgil.
308 4379 369 4427 Aen.
383 4377 417 4426 iii.
430 4376 486 4441 696.
497 4383 523 4427 et
555 4379 645 4441 ugone
654 4377 820 4425 ιιιιιιιιιιιιιιιι.
