2866 4770
363 231 428 294 500
746 217 860 285 ΤΙΤΙ
886 217 1024 284 LIVII

208 377 243 429 U.
254 377 284 429 0.
300 362 481 440 548.deiude
496 359 701 434 coloniarum,
716 356 821 445 (quod
835 379 999 443 nunquam
1019 369 1117 421 antea
1130 357 1254 422 factum
1268 356 1345 440 erat)
1355 357 1392 420 de

207 445 239 494 A.
256 443 286 494 ⁰·
301 449 539 516 ²⁰⁴¹ferentibus
563 446 701 534 ipsarum
728 443 923 508 coloniarum
948 444 1145 520 censoribus,
1170 466 1305 508 censum
1327 465 1392 506 acce

364 547 500 624 perunte
524 546 570 609 ut,
594 545 750 620 quantum
772 551 904 594 numero
927 529 1076 607 militurn,
1100 545 1265 616 quantum
1285 531 1392 617 pecuuis

365 622 515 696 valerent,
532 621 565 684 in
585 617 721 705 publicis
741 615 856 681 tabulis
876 627 1083 680 monumenta
1097 629 1275 680 exstarent.
1318 615 1391 702 Equi

366 719 436 772 tum
449 705 567 771 deinde
583 725 696 769 census
709 703 761 788 agi
775 714 907 788 coeptus
921 714 987 765 est:
1012 713 1046 764 et
1064 701 1162 766 ambo
1177 702 1262 766 forte
1277 723 1391 766 censores

208 803 342 854 Certamen
365 815 485 881 equum
515 789 679 879 publicum
707 788 876 852 habebant.
924 787 1035 862 Quum
1063 787 1105 851 ad
1136 788 1263 852 tribum
1287 788 1391 852 Pollian

208 873 323 916 notarum

207 929 272 978 iuter
283 945 338 980 oen·

208 1007 280 1046 0010!-

366 893 497 946 ventum
518 889 575 953 est,
591 877 625 940 in
646 897 711 961 qua
730 873 779 938 M.
796 873 881 937 Livii
900 894 1018 937 nomeu
1037 885 1115 950 erat,
1131 887 1168 938 et
1188 897 1306 960 praeco
1322 897 1391 937 cunc-

368 978 488 1032 taretur
510 964 606 1028 citare
628 962 733 1048 ipsum
753 981 936 1035 censorem3
960 957 1079 1034 ‘Cina’
1093 959 1205 1045 inquit
1226 959 1323 1036 Nero,
1345 959 1391 1022 ‘ll

369 1061 380 1091 ‘
391 1049 554 1117 Livium:’
585 1059 627 1124 et,
653 1047 719 1112 sive
744 1069 786 1110 ex
811 1044 938 1110 residua
961 1056 994 1109 et
1019 1058 1126 1110 vetere
1155 1045 1328 1122 simultate,
1348 1047 1391 1108 sire

368 1136 590 1238 intempestiva
603 1133 772 1198 iactatione
787 1130 959 1196 severitatis
973 1131 1110 1207 inflatus,
1127 1129 1181 1195 M
1192 1132 1332 1208 Livium,
1341 1131 1392 1217 quia

411 1223 479 1311 puh
494 1221 612 1287 iudicio
627 1232 709 1284 esset
723 1219 900 1294 damnatus,
912 1239 1030 1316 equum
1043 1217 1187 1282 vendere
1203 1219 1304 1283 iumit
1335 1218 1405 1281 lter·-

409 1357 417 1374 .
431 1309 552 1385 Livius,
568 1328 667 1394 quum
683 1305 724 1368 ad
739 1305 856 1368 tribum
872 1306 1062 1368 Am1ensem
1081 1317 1116 1367 et
1136 1327 1265 1370 nomen
1283 1305 1393 1389 collegat

367 1409 500 1462 ventum
523 1406 580 1470 est,
602 1391 741 1458 vendere
764 1411 882 1478 equum
909 1390 947 1454 C.
962 1387 1136 1453 Claudium
1162 1390 1269 1468 iussit,
1289 1391 1393 1454 duum

367 1503 474 1546 rerum
491 1501 604 1544 causa:
628 1479 733 1554 unius,
773 1476 838 1540 uod
851 1475 963 1540 falsum
983 1475 1132 1540 adversm
1150 1499 1186 1540 se
1203 1477 1393 1542 testimouium

367 1566 518 1642 dixisset3
542 1565 679 1641 alterius,
718 1587 740 1628 n
800 1584 867 1626 non
884 1561 1006 1626 sincera
1019 1561 1084 1626 fide
1099 1585 1213 1626 secum
1236 1565 1272 1627 in
1290 1563 1394 1651 gratim

367 1653 508 1717 redisset.
555 1650 669 1738 Itaque
691 1587 736 1714 ili
755 1649 884 1713 foedum
906 1660 1065 1712 certamen
1088 1649 1288 1734 inquinandi
1306 1650 1407 1713 sensus

367 1738 506 1815 alterius,
521 1759 595 1802 cum
617 1759 693 1801 snae
712 1736 813 1800 famae
834 1734 1176 1812 numennumen
1227 1735 1327 1800 Exitu
1343 1756 1395 1798 een

368 1847 458 1890 surae
476 1845 576 1925 quum
599 1823 633 1886 in
655 1823 741 1909 leges
762 1822 895 1886 iurasset
916 1819 955 1885 Ο.
971 1820 1136 1896 Claudius,
1154 1833 1190 1886 et
1209 1821 1247 1884 in
1268 1823 1405 1886 aerarius·

368 1910 570 1986 escendisset,
586 1908 671 1974 inter
684 1908 815 1972 nomina
828 1929 948 1984 comm,
961 1929 1041 1993 qnos
1055 1907 1194 1971 aer-arim
1209 1907 1406 1994 relinquebas

368 1996 459 2062 dedit
488 1996 626 2082 collegae
655 2016 783 2059 nomen.
829 1992 958 2057 Deinde
988 1991 1037 2059 M.
1054 1992 1169 2058 livius
1198 1995 1237 2057 in
1267 1995 1394 2058 nemrim

367 2083 466 2161 venit,
486 2095 529 2160 et,
547 2093 673 2169 praeter
693 2079 852 2144 Maeciam
877 2078 1004 2156 tribum,
1020 2101 1103 2166 quae
1125 2101 1161 2143 se
1184 2101 1250 2144 nec
1272 2079 1395 2145 condens

368 2181 482 2246 nasset,
507 2190 612 2255 neque
637 2166 885 2232 condemnatum
909 2177 964 2229 aut
986 2164 1151 2230 consulem
1176 2179 1235 2230 aut
1259 2185 1395 2231 ceum

368 2255 501 2331 fecisset,
521 2253 677 2342 populum
697 2253 879 2318 Romanum
902 2273 1040 2327 omnem,
1059 2263 1214 2338 quattuor
1237 2266 1273 2316 et
1292 2252 1395 2328 triginta

368 2342 477 2419 tribus,
493 2340 628 2405 aerarios
649 2339 797 2427 reliquit:
820 2337 909 2425 quod
930 2350 964 2402 et
985 2337 1191 2402 innocentem
1212 2361 1250 2402 se
1270 2321 1396 2403 condes

367 2441 505 2504 nascent,
521 2439 553 2491 et
571 2425 818 2490 condemnatum
835 2424 999 2489 consulem
1016 2436 1049 2487 et
1066 2445 1236 2488 censorem
1251 2425 1394 2489 feciment:

366 2535 472 2600 neque
493 2512 623 2576 infitiari
642 2524 780 2598 possent,
796 2521 852 2575 ant
871 2509 991 2574 iudicio
1012 2509 1120 2586 semel,
1135 2527 1194 2574 aut
1214 2511 1349 2576 comitiis
1363 2509 1395 2570 b}

366 2600 454 2664 absc
473 2611 640 2684 peccatum
659 2620 737 2661 esse.
781 2595 871 2660 Inter
888 2607 1038 2682 quattuor
1056 2607 1090 2659 et
1112 2595 1250 2682 triginta
1269 2597 1394 2661 cibun

368 2683 407 2748 C.
425 2683 597 2748 Claudium
618 2683 772 2748 aerarium
790 2681 865 2746 fore.
914 2680 1013 2756 Quod
1031 2682 1058 2745 si
1077 2681 1269 2769 exemplum
1289 2683 1394 2746 habeut

366 2770 415 2834 bis
430 2767 568 2834 eundem
584 2769 739 2833 aemrium
754 2767 966 2855 relinquendi,
984 2768 1022 2832 C.
1037 2765 1213 2832 Claudium
1230 2767 1393 2834 nominatis

365 2878 399 2920 se
414 2857 498 2920 iuter
514 2855 649 2920 cernuos
665 2855 760 2918 fuisse
778 2852 971 2918 relicturum.
1017 2853 1156 2918 vaum
1177 2869 1339 2920 certamen
1355 2867 1406 2914 ms·

366 2955 469 3007 tarum
489 2942 573 3006 inter
587 2961 752 3004 censores:
776 2939 939 3024 castigatio
959 2939 1190 3004 inconstantiae
1211 2941 1323 3028 populi
1340 2959 1394 3002 cerr
1426 2961 1427 2994 ι

366 3029 458 3104 soria,
484 3039 518 3092 et
540 3027 693 3114 gravitate
720 3039 896 3111 temporum
924 3023 1050 3090 illorum
1075 3025 1184 3112 digna.
1233 3025 1277 3091 In
1301 3023 1392 3090 inridit

365 3135 512 3180 censores
534 3134 634 3198 quum
660 3123 774 3186 essent,
798 3111 961 3176 crescendi
986 3133 1027 3175 ex
1050 3110 1100 3176 his
1122 3125 1213 3176 ratus
1238 3134 1308 3178 eme
1328 3131 1392 3176 on*
1426 3157 1427 3162 κ

366 3199 488 3264 sionem
520 3197 582 3263 Cn.
599 3197 738 3262 Baebius
767 3196 913 3260 tribunus
941 3195 1042 3282 plebis
1071 3197 1158 3261 diem
1190 3197 1235 3263 ad
1265 3197 1393 3286 populun
1426 3220 1427 3240 ι

365 3285 492 3371 utrique
514 3283 605 3350 dixit.
652 3281 701 3347 Ea
724 3305 774 3347 res
796 3304 949 3347 consensu
974 3282 1106 3346 Petrum
1129 3281 1279 3349 discum
1299 3301 1351 3359 eea,
1367 3301 1394 3343 us

364 3383 474 3456 postea
488 3369 627 3434 obnoxia
641 3367 786 3456 populari
801 3391 895 3433 aurae
911 3389 1044 3432 censius
1058 3381 1148 3432 esset.
1401 3381 1407 3392 '

397 3521 655 3584 nequamneuam]
674 3518 775 3580 Equum
791 3519 870 3580 publi·
903 3520 936 3569 ad
957 3518 1110 3568 Traianum:
1139 3521 1272 3571 Abdum
1292 3522 1398 3571 muln

364 3585 551 3646 oum‚udquem
564 3583 695 3632 emendum
706 3583 872 3645 alendumque
904 3585 992 3632 iurasti
1012 3591 1036 3633 te
1051 3584 1117 3632 nihil
1133 3591 1223 3633 contro
1243 3587 1398 3648 hyoseris!-

364 3647 470 3710 pecnnis
490 3663 505 3696 e
526 3647 626 3710 publico
647 3648 817 3709 praebebanu.
840 3647 871 3694 ct'.
905 3646 967 3695 Ideo
977 3647 1122 3696 dleebsutur
1130 3650 1223 3698 {mss
1234 3652 1267 3698 in
1277 3653 1345 3712 tenu

364 3727 429 3774 supr.
441 3711 457 3760 i.
469 3727 492 3776 9.
508 3711 611 3760 Niebbr.
623 3709 639 3758 i.
651 3727 675 3759 u.
690 3709 759 3759 1016.
936 3713 1033 3772 thsos
1053 3713 1163 3762 marios
1186 3714 1357 3778 relinquid]
1380 3709 1398 3755 u*

398 3789 412 3836 3
428 3777 517 3838 Itaque
527 3777 575 3836 lbi]
592 3777 677 3838 Aequas
689 3789 721 3822 ex
732 3773 872 3822 coniectura
903 3773 975 3886 διιεῖ.
986 3775 1018 3823 iv.
1030 3789 1069 3836 ²4·

364 3837 473 3887 Gronov.
484 3839 593 3900 reposuit
604 3838 711 3887 Beklrer.
967 3840 1079 3888 Promis·
1097 3847 1226 3890 cerm
1246 3849 1360 3890 m
1378 3843 1396 3884 is

395 3919 412 3961 4
429 3903 510 3960 ριιιιηι
527 3905 555 3950 in
570 3905 633 3965 loces
648 3903 766 3961 iurasset]
793 3901 871 3962 Magi-
903 3907 941 3950 ter
961 3905 1082 3962 comoros]
1106 3903 1221 3953 Pratum
1239 3905 1330 3954 iuberi
1347 3905 1402 3952 aeto

363 3969 467 4013 sustuna
475 3966 655 4027 deponentibus
661 3965 741 4014 iurare
749 3979 802 4012 mos
810 3970 869 4014 eret.
902 3971 1026 4014 conamen
1040 3965 1102 4014 illnd
1113 3981 1247 4016 censorum
1264 3985 1320 4018 sese
1333 3979 1399 4017 mnes

364 4027 515 4090 Exemplum
533 4029 627 4092 insigne
643 4030 720 4078 hebes
734 4029 802 4091 apud
816 4029 869 4079 Cic.
902 4029 1048 4078 nutantium.
1080 4031 1115 4077 nt
1131 4031 1267 4094 castigatio
1281 4034 1402 4082 iusum·

365 4091 454 4155 Eplad
463 4091 558 4140 Divers
568 4109 590 4143 v.
603 4107 624 4141 r.
646 4092 778 4155 Colligitur
787 4097 870 4140 sutem
902 4091 952 4141 tiae
963 4092 1049 4156 populi
1060 4107 1186 4142 nemnem
1199 4097 1319 4148 decem
1333 4099 1392 4146 Csn

363 4171 395 4203 ex
407 4155 483 4203 Plinii
495 4155 646 4217 Panegyrico
660 4156 724 4204 hano
737 4156 812 4204 titisse
826 4156 870 4204 hu·
937 4167 950 4218 7
966 4159 1088 4220 Popnlsri
1105 4161 1202 4219 mss]
1228 4160 1342 4209 leviari
1358 4155 1403 4206 ms·

362 4217 402 4266 ius
412 4217 565 4266 iurisiurandi
575 4217 716 4278 formulam,
726 4225 754 4267 ut
763 4220 871 4268 iurarent
902 4219 1023 4280 titudinis,
1033 4235 1096 4282 quse
1108 4236 1159 4269 non
1173 4223 1264 4274 mium
1273 4225 1404 4272 mohlr'ses

364 4279 391 4337 ii,
409 4279 451 4339 qni
472 4279 572 4328 ebibunt
593 4279 744 4341 magistratu,
760 4297 787 4330 se
807 4281 869 4330 nihil
902 4297 1054 4344 quamcum-
1070 4283 1152 4334 (lm.

365 4347 449 4388 contre
470 4342 536 4402 leges
554 4342 646 4391 fecisse.
680 4343 721 4392 Sic
740 4344 805 4392 enim
827 4345 870 4393 ille
