2878 4772
303 214 400 280 LIB.
425 213 591 280 XXVIII.
624 214 735 282 CAP.
759 221 812 283 42.
1017 218 1081 282 447

15 367 19 408 t
32 351 153 438 ‘igitur
166 349 209 417 sd
223 351 284 415 hoc
304 352 487 439 accingeris,
503 375 564 417 nec
578 373 636 440 per
650 353 726 418 istos
744 352 904 428 circuitus,
920 364 965 429 ut,
981 374 1080 438 quum
1093 362 1127 412 U.
1139 361 1169 412 c.
1185 375 1241 424 ⁵⁴7·

31 439 91 502 ‘in
116 437 259 502 Africam
290 437 458 517 traieceris,
484 451 667 504 secuturum
698 452 730 504 te
759 439 835 503 illuc
866 437 1081 504 Hannibalem
1091 427 1123 476 Δ·
1140 427 1170 477 ⁰·
1186 441 1241 489 ²⁰⁵·

31 533 171 611 ‘speres
187 524 303 611 potius,
318 547 413 611 quam
434 537 522 590 recto
541 525 617 590 hinc
632 525 756 603 itinere,
773 526 828 590 ubi
845 524 1008 590 Hannibal
1023 537 1081 601 est,

31 618 97 676 ‘eo
119 609 239 676 bellum
260 611 422 675 intendis?
468 611 637 698 Egregium
660 613 752 677 istam
773 611 911 699 palmam
926 611 1001 676 belli
1017 610 1085 676 Pu·

30 697 120 762 ‘nici
135 696 248 784 patrati
263 697 367 797 petis?
401 696 476 762 Hoc
490 710 524 762 et
538 711 651 763 natura
664 698 753 785 prius
767 711 825 775 est,
842 711 896 762 tua
910 720 1010 784 quum
1025 697 1083 762 de·

30 781 203 859 ‘tenderis
230 782 335 848 aliena
362 783 409 848 ire
438 797 666 872 oppugnatum.
711 785 782 850 Pax
810 797 884 849 ante
913 784 948 847 in
978 782 1081 860 Italia,

30 877 151 956 ‘quam
167 868 286 933 bellum
301 869 336 933 in
351 869 460 934 Africa
474 871 532 935 sit:
556 884 590 935 et
611 871 703 936 nobis
723 871 810 958 prius
827 869 963 936 decedat
977 870 1081 946 timor,

29 965 153 1056 ‘quam
168 955 251 1020 ultro
266 954 335 1020 aliis
349 955 509 1021 inferatur.
557 956 592 1022 si
607 969 778 1044 utrumque
791 968 846 1020 tuo
862 955 963 1020 ductu
977 956 1082 1042 ampi-

30 1049 170 1129 ‘croque
181 1041 250 1106 fieri
260 1053 379 1193 potest,
396 1041 578 1107 Hannibale
592 1041 646 1107 hic
661 1043 756 1120 victo,
771 1041 836 1106 illic
854 1041 1082 1130 Carthaginem

15 1137 40 1192 ›‘
52 1150 120 1215 exp
186 1151 212 1194 a.
284 1128 295 1192 i
314 1127 413 1194 altera
432 1141 503 1194 utra
516 1129 649 1193 victoria
670 1131 760 1194 novis
782 1128 964 1194 consulibus
986 1127 1083 1192 relin-

30 1224 142 1302 ‘quen
166 1237 185 1280 a
209 1227 275 1292 est3
301 1215 388 1301 prior
416 1237 518 1301 quum
547 1215 648 1281 maior
676 1215 863 1301 clariorque,
890 1227 959 1280 tum
989 1237 1083 1280 causa

30 1302 152 1366 ‘etiam
177 1301 374 1388 insequentis
400 1301 504 1366 fiterit
551 1300 638 1366 Nam
664 1323 751 1367 nunc
776 1301 917 1387 quidem,
941 1315 1083 1388 praeter-

31 1396 152 1475 ‘quam
167 1387 256 1474 quod
270 1400 303 1452 et
316 1388 351 1452 in
366 1386 460 1452 Italia
479 1399 513 1452 ct
533 1388 568 1453 in
584 1388 694 1453 Adice
712 1387 793 1452 duos
807 1387 947 1454 diversos
961 1389 1083 1453 exerci-

30 1483 108 1538 ‘tus
126 1473 208 1539 alere
229 1474 384 1538 aerarium
405 1496 470 1538 non
491 1487 614 1561 potest3
638 1486 859 1574 praeterquam
902 1473 976 1551 uod,
996 1473 1082 1540 unde

30 1559 169 1625 ‘clames
194 1573 348 1638 tueamur,
372 1559 458 1625 unde
484 1561 712 1626 commeatibus
735 1563 874 1661 praeben
900 1561 925 1624 's
948 1561 1082 1624 sufficia-

31 1655 41 1685 ‘
53 1669 136 1724 mus,
160 1645 241 1711 nihil
264 1646 379 1733 reliqui
402 1659 468 1723 est3
514 1647 594 1712 uid?
614 1645 748 1734 periculi
770 1646 901 1712 tandem
926 1659 1082 1733 quantum

30 1732 197 1810 ‘adeatur,
223 1755 320 1819 quem
344 1732 448 1798 fallit?
491 1670 528 1797 I.
550 1733 695 1798 Licinius
720 1734 755 1798 in
781 1732 883 1811 Italia,
910 1732 947 1797 P.
975 1731 1083 1820 Scipio

15 1819 172 1884 .‘bellum
187 1819 222 1883 in
236 1818 347 1886 Afiica
360 1833 458 1906 geret.
507 1819 619 1895 Quid?
641 1820 668 1884 si
682 1819 785 1906 (quod
800 1841 912 1884 omncs
926 1819 972 1884 dii
987 1843 1082 1884 omen

31 1915 208 1984 ‘avertant
233 1918 267 1969 et
287 1904 394 1970 dicere
416 1906 511 1970 etiam
534 1905 717 1972 reformidat
738 1906 881 1982 animus3
909 1904 976 1982 sed,
999 1927 1082 1990 quae

32 1990 251 2068 ‘acciderunt
273 1991 416 2056 accidere
483 2004 572 2056 scunt
609 2004 643 2056 et
663 1992 765 2056 victor
787 1989 951 2056 Hannibal
973 1991 1018 2054 ire
1041 1991 1092 2056 ad·

31 2079 164 2142 ‘urbem
179 2091 309 2164 pergat3
332 2090 402 2142 tum
445 2101 553 2142 emum
572 2091 602 2142 te
623 2077 786 2142 consulem
804 2099 846 2141 ex
867 2077 985 2153 Africa,
1001 2077 1092 2141 sicut·

31 2163 98 2239 ‘Q
113 2163 259 2230 Fulvium
274 2188 293 2229 a
309 2163 432 2251 Capua,
447 2164 661 2228 arcessemus?
687 2162 799 2238 Quid?
821 2163 909 2250 quod
924 2163 958 2226 in
974 2163 1083 2228 Atiica

31 2260 184 2338 ‘quoque
202 2249 290 2315 Mars
304 2249 482 2315 communis
496 2249 571 2314 belli
586 2249 671 2314 erit?
694 2249 819 2314 Domus
839 2250 898 2314 tibi
912 2263 978 2327 tua,
1016 2263 1084 2314 ater

30 2347 41 2375 ⁶
53 2349 259 2437 patruusque,
275 2337 359 2402 intra
369 2336 500 2424 triginta
513 2335 582 2401 dies
593 2358 667 2400 cum
678 2335 869 2400 exercitibus
880 2335 972 2412 caesi,
984 2273 1084 2401 docu-

31 2433 163 2488 ‘mento
180 2436 262 2500 sint:
286 2424 341 2488 ubi
364 2445 422 2509 per
443 2422 565 2522 aliquot
586 2444 696 2500 annos,
717 2422 864 2487 maximis
883 2423 978 2486 rebus
1000 2434 1084 2487 terra

87 2510 133 2574 ari
155 2533 195 2575 ue
206 2509 363 2598 gerendis,
374 2509 601 2597 amplissimum
612 2531 730 2574 nomen
742 2507 827 2596 apud
839 2521 962 2574 exteras
970 2523 1083 2596 gentes

54 2596 163 2746 popu’
190 2596 329 2661 Romani
354 2609 540 2683 vestraeque
569 2595 706 2660 familiae
729 2597 878 2661 fecerant
925 2596 1005 2661 Dies
1030 2618 1082 2660 mc

32 2683 95 2748 ‘de
119 2683 191 2761 ciat,
204 2683 230 2746 si
245 2705 335 2770 reges
353 2683 541 2769 imperatore
581 2705 631 2760 ue,
648 2695 767 2748 temere
782 2683 816 2746 in
831 2683 971 2748 hostiurn
986 2695 1083 2748 terrae

31 2779 261 2856 ‘transgressos
270 2793 343 2834 cum
352 2769 525 2834 maximisc
580 2770 651 2834 ibus
662 2769 727 2835 suis
738 2770 1001 2857 exercituumque
1010 2792 1084 2834 suo-

32 2865 135 2932 ‘rum,
145 2877 312 2921 numerare
323 2855 428 2920 velim.
467 2855 693 2933 Athenienses,
705 2855 951 2956 prudentiima
962 2856 1082 2932 civitas,

16 2951 42 3003 :-‘
51 2941 138 3007 bello
154 2941 241 3008 domi
255 2941 375 3020 relicto,
388 2955 515 3008 auctore
525 2965 627 3029 aeque
642 2945 778 3028 impigro
793 2964 830 3005 ac
842 2940 941 3005 nobili
955 2942 1082 3016 iuvene,

32 3038 42 3068 ‘
54 3051 172 3115 magna
194 3027 291 3094 classe
317 3029 353 3092 in
379 3028 519 3094 Siciliam
542 3028 733 3103 transmissa,
760 3049 825 3090 una
846 3026 951 3090 navali
975 3047 1084 3112 pugna

31 3115 223 3180 ‘florentem
249 3114 476 3201 rempublicam
502 3135 592 3178 suam
616 3113 652 3176 in
677 3123 868 3198 perpetuum
892 3111 1081 3175 afflixerunt.

32 3200 199 3266 ‘Externa
220 3213 253 3266 et
272 3201 369 3266 nimis
390 3201 522 3300 antiqua
540 3211 659 3286 repeto.
706 3197 817 3261 Africa
835 3197 948 3262 eadem
970 3197 1030 3261 ista
1051 3209 1084 3260 et
1179 3238 1185 3252 ·

17 3285 104 3352 t‘M.
118 3287 246 3366 Atilius,
266 3287 391 3374 insigne
418 3300 584 3371 utriusque
609 3284 754 3349 fortunae
776 3282 970 3370 exemplum,
993 3283 1084 3348 nobis

32 3373 247 3439 ‘documento
275 3373 348 3438 sint
395 3371 466 3438 Nae
497 3371 564 3449 tibi,
594 3370 632 3435 P.
651 3369 792 3447 Comeli,
842 3391 921 3434 uum
949 3393 991 3436 ex
1019 3369 1084 3434 alto

32 3459 199 3524 ‘Africam
214 3459 425 3547 conspexeris,
441 3459 535 3523 ludus
550 3469 583 3522 et
602 3457 690 3522 iocus
704 3457 800 3522 firisse
820 3393 996 3544 IIispaniae
1011 3469 1087 3521 tuae

32 3556 42 3587 ‘
54 3545 258 3612 videbuntur.
316 3545 407 3621 Quid
435 3545 521 3611 enim
551 3543 679 3608 simile?
709 3555 822 3631 pacato
851 3543 931 3607 mari
959 3555 1086 3630 praeter

30 2520 86 2574 ‘m

31 2605 42 2636 ί

66 3725 83 3772 8
100 3725 152 3774 Per
160 3723 217 3774 ictor
224 3723 355 3783 drcaitra]
370 3721 544 3780 Consiliorum,
576 3736 627 3768 uno
638 3735 652 3769 e
663 3719 713 3768 onis
725 3718 857 3768 Haarnius.
875 3719 957 3770 cmv.

32 3788 74 3838 rel
86 3785 187 3836 rationis
197 3786 232 3836 rei
242 3788 369 3850 gerendae.
609 3784 888 3834 captonnacum
899 3784 999 3843 tuom]
1019 3783 1085 3832 Alci-

66 3865 83 3914 9
100 3852 187 3900 Altera
198 3853 269 3910 utra]
283 3850 331 3898 Pro
341 3851 405 3913 vulg.
414 3853 543 3900 alterutra.
576 3847 674 3898 bindem
689 3853 772 3896 noster
786 3847 908 3910 intelligit.
926 3847 955 3896 cf.
970 3847 1084 3912 Thucyd.

31 3918 110 3966 Certe
121 3915 156 3964 sic
166 3915 290 3964 interdum
300 3919 416 3962 amarunt
425 3914 494 3988 logui
504 3929 543 3962 ve·
577 3912 608 3961 vi.
622 3925 659 3975 15.
692 3913 809 3963 Ceterum
826 3927 878 3960 aaa
897 3912 982 3960 moult
997 3929 1087 3976 pagna

31 3987 107 4028 terea
135 3979 165 4027 ct.
185 3979 271 4027 Varro.
290 3979 322 4026 de
340 3977 369 4026 L.
389 3976 419 4026 t.
437 3977 486 4025 rm'.
506 3991 544 4026 21.
577 3977 694 4026 oratorice
712 3977 810 4032 dicitur,
826 3992 875 4038 quo
892 3976 969 4039 magis
984 3977 1085 4026 audien·

32 4059 86 4092 non
105 4044 151 4090 cito
173 4044 315 4092 lnamtetur
333 4043 396 4105 quta
417 4043 445 4089 tn
464 4043 544 4090 altera
577 4041 642 4089 tibus
653 4040 790 4103 periculum
802 4041 953 4102 praesentius
963 4039 1002 4090 sit.

32 4107 271 4156 utrareclaadtcrt.
609 4117 624 4165 3
645 4107 779 4168 Utrimque
793 4105 928 4164 fortunae]
955 4103 1008 4160 Qui
1030 4109 1086 4164 post

45 4214 49 4222 .
71 4183 81 4216 r
101 4170 184 4228 Quid?
197 4171 219 4218 rt
277 4169 541 4227 ammantat]
575 4183 614 4217 res
629 4169 736 4243 primum
753 4167 869 4216 adversus
885 4167 982 4216 Poenos
995 4171 1086 4214 eventu

32 4236 79 4290 Et,
90 4232 116 4280 id
127 4233 271 4290 metium
288 4232 335 4281 nisi
344 4233 407 4281 sorte
418 4232 480 4281 hsec
491 4246 544 4292 per-
577 4233 711 4281 laetuslmo
721 4238 811 4294 gentas,
822 4247 880 4279 mox
896 4246 911 4278 n
927 4227 1086 4290 Xanthippo,

33 4297 113 4347 ticulc
126 4295 258 4345 recidenda
271 4302 316 4345 est.
349 4297 384 4346 Et
394 4297 479 4348 abccae
490 4310 544 4344 eam
577 4297 640 4344 duce
650 4293 945 4353 meermannianam
959 4297 984 4340 et
999 4297 1087 4353 captim

33 4363 67 4410 ab
85 4375 129 4408 suo
144 4359 229 4410 codice
240 4360 376 4410 Rhenanus
392 4365 503 4420 testatur,
513 4359 545 4407 ab
577 4365 621 4409 eat.
