2888 4768
324 197 387 259 244
708 186 819 254 ΤΙΤΙ
849 186 986 254 LIVII

173 337 207 390 U·
218 338 249 389 0·
264 328 390 400 sa‘ad
408 350 494 393 mare
512 327 691 394 transmissa
710 339 767 406 est,
781 326 927 415 plaustris
947 326 1143 392 transveham
1165 347 1262 391 naves
1282 323 1369 390 baud

172 403 203 452 A.
220 403 250 452 ⁰·
266 415 465 516 2¹²·‘magna
489 414 581 480 mole.
628 413 672 479 Et
696 437 781 478 mare
806 427 949 479 nostrum
975 413 1045 491 erit,
1069 437 1132 501 quo
1156 435 1243 478 nunc
1265 412 1372 476 hostes

171 467 535 590 ,lillffistpotrunturz
570 514 604 567 et
631 500 718 566 illino
737 501 836 578 mari,
866 500 940 564 hinc
970 513 1052 565 terre
1079 499 1372 564 circumsidebimus

174 595 318 644 anmtain
332 599 465 654 ‘arcem
510 587 580 654 lmo
606 587 703 665 brevi,
730 602 784 652 aut
808 587 949 652 relictam
974 588 1014 652 ab
1039 587 1192 665 hostibus,
1219 599 1276 650 aut
1301 607 1372 649 cum

174 673 248 710 mne.
332 676 363 740 ‘i
386 677 426 740 sis
447 675 590 740 hostibus
615 674 795 761 capiemus!
838 673 929 739 Haec
955 673 1053 738 oratio
1078 696 1143 739 non
1165 695 1257 761 spem
1279 671 1372 736 modo

330 699 470 840 allectus,
499 760 555 827 sed
584 761 748 848 ingentem
776 761 871 825 etiam
900 760 991 826 ducis
1018 759 1261 826 admirationem
1291 758 1372 823 lecit

333 849 504 916 Contracta
525 845 685 935 extemplo
708 845 786 912 undi
810 869 849 912 ue
871 846 1018 935 plaustra,
1034 847 1206 933 iunctaque
1221 847 1373 912 interae:

330 949 364 1002 et
383 936 546 1002 machinae
567 934 609 1000 ad
627 871 846 1000 subducendas
866 956 961 1000 naves
979 934 1133 1010 admotae,
1150 933 1375 1018 munitumque

331 1023 400 1100 iter,
413 1045 478 1109 quo
491 1021 631 1087 faciliora
666 1019 783 1086 laustra
796 1021 962 1106 minorque
977 1021 1075 1085 moles
1090 1021 1124 1084 in
1136 1020 1274 1084 transitu
1285 1033 1374 1084 emet.

331 1108 479 1174 Iumenta
497 1109 572 1174 inde
593 1121 626 1173 et
644 1044 789 1172 beminen
809 1107 971 1186 contracti,
990 1120 1024 1174 et
1046 1129 1125 1195 opus
1148 1106 1288 1194 impigre
1309 1129 1378 1170 coe·

331 1209 441 1283 ptum:
465 1217 644 1296 paucosque
662 1208 734 1282 post
754 1194 822 1260 dies
843 1193 947 1258 classis
967 1195 1120 1258 instructa
1136 1216 1174 1259 ac
1190 1205 1306 1280 parata
1322 1193 1379 1258 cir-

331 1282 530 1347 cumvehitur
549 1303 662 1358 arcem,
677 1293 711 1346 et
732 1293 805 1345 ante
828 1303 863 1345 os
884 1281 894 1344 i
934 1303 988 1344 unt
1011 1293 1121 1368 portus
1140 1302 1274 1344 ancoras
1297 1281 1378 1344 iacit.

332 1368 431 1434 Hune
454 1381 570 1434 statum
593 1390 699 1432 rerum
719 1365 881 1432 Hannibal
934 1368 1035 1432 arenti
1056 1366 1195 1453 reliquit,
1219 1387 1380 1453 regressus

332 1455 456 1543 ipsein
480 1455 619 1520 hiberna.
666 1452 831 1531 Ceterum,
845 1452 980 1520 defectio
1000 1453 1248 1518 Tarentinorum
1273 1466 1381 1517 utrum

355 1541 435 1606 riore
459 1564 552 1618 auno,
575 1563 615 1605 an
642 1541 712 1617 hoc,
733 1540 816 1604 facta
838 1539 887 1618 sit,
911 1541 945 1604 in
966 1541 1124 1605 disemum
1147 1553 1298 1605 auctores
1322 1553 1381 1604 tra·

332 1565 433 1692 bunt:
468 1626 575 1714 plures
603 1627 828 1714 propioresque
858 1639 958 1692 aetate
985 1627 1154 1692 memoriae
1179 1649 1292 1691 remur
1322 1627 1381 1691 hoc

333 1735 417 1779 anno
432 1713 561 1778 tradunt
574 1713 697 1778 factam.

267 1851 275 1866 .
377 1799 500 1865 Romae
525 1799 670 1866 consules
694 1813 915 1888 praetoresque
941 1822 1041 1887 usque
1067 1812 1140 1865 ante
1166 1798 1255 1864 diem
1287 1800 1383 1887 quin·

333 1900 402 1954 tum
432 1885 594 1952 Kalendas
623 1885 727 1952 Maias
757 1887 890 1952 Latinae
919 1900 1098 1952 tenuerunt
1145 1885 1194 1950 Eo
1224 1885 1280 1952 die
1312 1907 1402 1973 per-t

333 1988 456 2061 patrato
477 1995 564 2038 sacro
584 1973 617 2037 in
638 1987 755 2050 moute,
771 1974 804 2038 in
827 1995 898 2038 suas
935 1974 1047 2061 uisque
1061 1972 1238 2061 provincias
1252 1973 1401 2060 profici-1

333 2074 472 2126 scuntur.
519 2059 646 2147 Religio
666 2060 782 2125 deinde
805 2083 888 2126 nova
907 2084 926 2126 ο
948 2061 1029 2126 lecta
1048 2073 1096 2126 est
1119 2083 1160 2125 ex
1185 2060 1384 2125 carminibus

251 2153 256 2165 '
334 2147 515 2213 Marcianis
561 2146 660 2213 Vates
687 2147 739 2212 hic
766 2147 906 2212 Marcius
931 2147 1060 2212 illustris
1082 2146 1194 2224 litarat,
1220 2161 1254 2212 et
1280 2169 1383 2234 quum

334 2234 523 2322 conquisitio
560 2234 641 2299 riore
657 2256 741 2299 anno
756 2257 798 2298 ex
812 2233 1082 2299 senatusconsulto
1100 2233 1210 2298 talium
1224 2233 1404 2298 librorum

333 2321 433 2399 fieret,
454 2321 489 2384 in
547 2320 663 2385 ‚Atilii
682 2320 834 2407 praetoris
858 2321 980 2397 urbani,
995 2320 1051 2406 qui
1072 2343 1143 2385 eam
1162 2342 1231 2384 rem
1253 2321 1384 2407 agebat,

335 2429 447 2471 manus
460 2420 620 2472 venerant
667 2405 699 2471 Is
713 2406 857 2508 protinus
871 2430 953 2472 novo
962 2408 1099 2507 praetori
1120 2406 1224 2472 Sullae
1240 2407 1387 2472 tradide-

335 2506 391 2558 rat
438 2492 490 2556 Ex
500 2493 595 2558 huius
606 2492 721 2558 Marcii
737 2494 860 2558 duobus
875 2494 1074 2571 carminibus,
1084 2491 1211 2558 alterius
1224 2505 1302 2580 post
1316 2513 1405 2560 rems

337 2591 438 2644 actam
452 2579 530 2644 editi
546 2602 619 2643 cum
633 2591 701 2644 rato
716 2580 882 2645 auctoritas
896 2593 1022 2657 eventu,
1034 2579 1124 2645 alteri
1138 2601 1279 2667 quoque,
1292 2581 1387 2645 cuius

162 2665 481 2733 ¹Ganrtonseunondum
502 2677 626 2752 tempus
644 2681 782 2742 venerat,
799 2667 948 2732 afferebat
961 2667 1066 2732 fidem.
1111 2666 1221 2731 Priore
1240 2668 1386 2732 carmine

181 2747 277 2821 ardep
341 2751 518 2816 Cannensis
532 2750 692 2838 praedicta
706 2752 811 2818 clades
819 2753 853 2818 in
867 2754 947 2818 haec
954 2754 1053 2819 ferme
1061 2755 1158 2819 verba
1167 2765 1251 2818 erat:
1278 2757 1406 2823 ‘Am-s

181 2811 291 2925 paedor-
339 2847 349 2877 ‘
358 2861 431 2902 nem
448 2837 630 2924 Troiugena
643 2836 788 2904 Cannam
805 2840 950 2904 Romane
963 2839 1056 2927 fuge:
1079 2862 1121 2905 ne
1137 2853 1168 2904 te
1182 2839 1386 2928 alienigenae

338 2934 349 2964 ‘
357 2937 472 3012 cogant
485 2924 520 2987 in
535 2947 646 3025 campo
661 2925 829 2991 Diomedis
844 2949 1006 2991 conserere
1026 2949 1147 2992 manua
1194 2925 1261 2992 Sed
1274 2949 1405 3016 nequas

338 3011 468 3077 ‘credes
483 3022 518 3076 tu
540 3011 627 3089 uulu,
643 3011 745 3077 donec
760 3011 927 3101 compleris
940 3013 1092 3100 sanguine
1110 3035 1277 3101 eampum3
1305 3015 1388 3080 mul·

337 3201 388 3249 lrer.
421 3197 512 3262 Sigonii
523 3199 718 3249 emendationem
729 3206 843 3262 asporta
875 3199 963 3260 cuique
981 3199 1035 3248 urbi
1052 3198 1171 3248 Etrum
1187 3205 1259 3248 errat
1275 3199 1338 3250 uhi
1354 3204 1386 3251 ta

339 3265 425 3328 probat
443 3263 549 3313 Crevier.
583 3265 614 3313 Id
633 3263 698 3313 enim
719 3263 843 3338 agebatur,
875 3264 945 3321 tales,
961 3263 1167 3326 quemadmodum
1183 3263 1263 3323 Veiis,
1279 3280 1351 3329 anpr.
1366 3282 1387 3314 r.

340 3332 367 3376 ut
377 3342 452 3376 nares
460 3326 726 3390 Tarentinorum‚quae
735 3342 761 3375 tn
772 3333 844 3389 portu
879 3339 915 3388 15.
933 3327 963 3376 cf.
976 3325 1077 3378 Niebhr.
1089 3327 1105 3376 i.
1117 3343 1141 3375 n.
1155 3341 1224 3389 1125.

340 3395 453 3452 areatat
464 3405 520 3440 eum
531 3391 612 3454 egredi
627 3391 768 3454 nequibant,
778 3391 844 3453 quod
908 3405 922 3453 3
940 3392 1051 3441 ductim
1063 3398 1119 3454 port
1133 3407 1184 3440 rem
1200 3395 1297 3455 matr]
1320 3396 1386 3444 Alte

339 3455 844 3517 onmnapouushostishsberasxeo
876 3455 926 3504 rius
944 3455 1057 3504 carminis
1075 3460 1200 3518 postrem
1221 3463 1309 3508 soum
1329 3460 1386 3508 aditi

340 3518 365 3569 in
389 3525 501 3581 apertum
528 3533 595 3568 mare
619 3521 844 3568 transmitterentur.
876 3519 1017 3580 aucwntas,
1037 3535 1110 3582 qnam
1135 3509 1213 3568 r'atam
1241 3522 1339 3572 tenuat
1363 3530 1385 3571 et

342 3584 376 3633 Et
387 3584 423 3632 ita
437 3583 511 3632 babet
523 3582 649 3648 Polybius,
660 3583 687 3630 lx
699 3583 742 3631 τοῦ
752 3579 845 3644 λιμένος
877 3585 1045 3646 comprobarat
1053 3589 1161 3633 eventus.
1182 3585 1245 3633 Oura
1253 3595 1386 3638 mmm

341 3646 375 3697 ab
384 3645 619 3708 elrttettlamw.
877 3654 914 3706 ta,
924 3653 1136 3706 esteumeventn
1151 3657 1313 3712 commu,
1325 3668 1386 3700 reret

374 3729 390 3777 9
405 3713 522 3772 tana]
551 3711 646 3772 Farina,
663 3711 797 3774 dequibus
814 3711 844 3760 of.
877 3712 958 3762 Cast.

342 3791 441 3889 'altri'
454 3787 546 3900 linas]
567 3839 767 3900 asianensi
781 3838 847 3890 lovis
878 3777 1386 3906 sddllbmtilalffllqfflsil

344 3903 449 3952 Latmus
458 3903 530 3951 aedes
541 3907 599 3952 erat.
878 3903 995 3953 Aufidum
1011 3904 1091 3968 ipsum
1108 3919 1159 3954 esse
1170 3906 1274 3966 volunt,
1288 3909 1334 3958 alii
1344 3911 1385 3957 ali—

376 3982 390 4015 r
409 3966 505 4015 Tatium
522 3969 651 4028 libratam]
674 3983 706 4016 ac.
722 3967 846 4018 vaticino
878 3982 951 4030 quem
964 3968 973 4016 i
1007 3969 1096 4018 abilam
1106 3969 1221 4030 rivulum,
1231 3973 1276 4033 qui
1288 3975 1386 4024 Gaura

344 4045 407 4090 ram,
427 4028 519 4091 quippe
541 4030 567 4078 in
590 4030 729 4093 Capitolino
753 4034 846 4095 templo
878 4047 937 4094 prae
993 4039 1042 4083 nat.
1062 4034 1142 4084 cerv.

345 4101 430 4158 postea
444 4095 628 4142 mservabantur
660 4095 724 4143 lares
741 4096 796 4144 libri
812 4097 846 4145 fa-
911 4100 969 4160 51a
978 4113 1062 4160 neapo
1072 4099 1208 4160 Diomedia]
1228 4102 1247 4126 “
1257 4100 1386 4150 Diomedis

344 4160 414 4217 tales,
421 4174 455 4208 ac.
464 4155 572 4218 Sibyllae
581 4157 643 4220 Eryt
748 4159 846 4208 utdioe·
879 4160 961 4235 campi
975 4161 1002 4209 iu
1016 4161 1108 4224 Apulia
1120 4163 1291 4225 appellantur,
1304 4165 1384 4228 qnid

344 4222 424 4282 hatur,
448 4223 546 4284 Bygoes
571 4222 695 4284 nymphae
722 4221 848 4283 Etruscae,
879 4223 905 4271 in
919 4225 1037 4274 bunone
1052 4225 1384 4288 regniqnameumDanus

346 4287 473 4336 Albuneae
488 4285 596 4347 Sibyllae
610 4285 762 4344 Tiburtinae,
774 4293 847 4348 atque
879 4287 946 4346 iecit,
965 4293 1111 4338 reuersa&
1129 4289 1232 4340 qua.
1275 4293 1329 4342 Hie
1346 4294 1384 4342 te

346 4348 418 4400 huius
428 4348 516 4399 Marcii
528 4348 589 4400 ratis
600 4349 714 4400 Romani.
747 4351 795 4400 Sed
809 4350 847 4399 rui
879 4350 1004 4412 signantur
1013 4353 1154 4404 Cannenses
1164 4355 1257 4418 campi.
1273 4357 1354 4408 carr.
