2878 4772
388 221 453 282 402
772 213 885 280 ΤΙΤΙ
915 213 1052 282 LIVll

239 367 272 418 U.
285 369 314 418 ο.
330 379 384 430 545·
394 349 527 426 occulta,
542 348 705 414 considere
719 347 864 427 militem,
876 361 909 414 et
923 350 1029 415 cibum
1044 372 1083 415 ca
1122 371 1155 415 re
1168 349 1252 415 iubet
1278 345 1361 412 bun

236 433 267 482 *Δ
285 433 315 482 ⁰·
331 443 409 500 ὈΜ
450 435 614 511 culatores,
651 449 720 499 tran
792 457 882 498 arum
918 434 1004 501 dicta
1139 450 1229 512 autes,
1255 445 1361 498 venenat

395 459 491 599 lirim,
507 520 636 586 sarcinis
653 521 688 584 in
708 541 758 584 me
784 521 849 585 'um
866 521 1028 599 coniectis,
1043 545 1131 586 arma
1145 521 1266 587 Romani
1276 518 1362 604 capim

394 608 525 694 acieque
542 607 625 672 iusta
645 606 678 669 in
697 627 838 692 pugnam
853 605 982 672 vadunt.
1028 607 1120 673 Mille
1135 629 1265 696 pastuum
1277 606 1361 674 ebena

396 716 495 780 quum
515 694 555 756 ab
572 692 663 760 hoste
683 692 845 778 conspecti
864 702 948 768 suut,
973 693 1185 780 trepidarique
1208 703 1310 779 repente
1324 709 1362 752 cre

395 791 496 866 ptum.
527 778 570 842 Et
581 776 681 864 Mago
692 800 732 841 ex
745 777 853 842 castris
864 777 959 842 citato
970 779 1245 866 equoadprirnum
1255 777 1362 868 clencan

396 877 429 930 et
443 863 615 928 tumultum
630 862 805 927 advehitur.
841 862 943 927 Erant
956 877 1062 928 autem
1073 865 1108 928 in
1122 863 1269 930 Celtibero
1277 872 1362 924 eursu

396 963 546 1037 quattuor
560 948 659 1013 millia
672 959 867 1013 scutatorum
880 961 914 1012 et
924 949 1054 1014 ducenti
1068 951 1209 1038 equites;
1221 949 1288 1012 hanc
1298 946 1363 1008 ino

395 1035 553 1122 legionem
575 1036 624 1120 (et
646 1034 680 1097 id
701 1033 800 1098 ferme
823 1034 943 1099 roboris
964 1047 1032 1099 erat
1067 1035 1102 1099 in
1124 1036 1223 1122 prima
1240 1033 1292 1097 acie
1306 1030 1362 1093 lou:

396 1134 526 1197 ceteros,
541 1120 644 1185 levem
664 1132 864 1197 armaturam,
879 1119 913 1182 in
935 1120 1020 1185 subsi
1044 1121 1063 1135 '⁸
1100 1121 1212 1208 posuit.
1252 1113 1364 1192 Quuuit

396 1207 564 1271 instructos
585 1205 735 1270 educeret
757 1205 874 1282 castris,
893 1205 1025 1270 vixdum
1048 1207 1084 1270 in
1105 1228 1240 1293 egressos
1257 1198 1364 1297 calolo

397 1293 483 1356 mani
497 1290 562 1378 pila
575 1290 788 1355 coniecerunt
826 1290 1001 1356 Subsidunt
1013 1289 1153 1378 Hispani
1166 1291 1292 1356 adrerurs
1302 1303 1365 1350 eura

397 1377 460 1442 tela
471 1380 510 1443 ab
521 1377 621 1455 hoste,
634 1375 762 1440 indeed
777 1376 932 1440 mittenda
945 1377 1006 1464 ipsi
1017 1389 1226 1478 consurgunt3
1241 1390 1365 1462 qraequrffi

397 1462 536 1528 Romani
551 1462 694 1538 conferti,
711 1477 747 1525 ut
761 1460 873 1539 solent,
885 1461 1023 1526 densatis
1038 1475 1232 1550 exceprssent
1244 1459 1321 1533 acub
1331 1471 1366 1517 rn

396 1571 453 1634 pes
466 1571 539 1613 curn
555 1547 636 1634 pede
651 1546 793 1625 collatus,
809 1560 843 1612 et
860 1547 973 1635 gladiis
991 1547 1058 1634 geri
1078 1571 1128 1613 res
1147 1561 1251 1635 coepta
1262 1559 1303 1610 eu
1333 1539 1366 1632 Cf·

398 1647 500 1698 terum
526 1633 676 1720 asperitas
699 1633 842 1698 locorum
868 1647 901 1698 et
925 1631 1103 1711 Celtiberis,
1153 1635 1238 1700 uibus
1255 1623 1366 1716 inpab

396 1741 581 1784 concursare
597 1742 664 1784 mos
679 1732 736 1796 est,
752 1719 950 1784 velocitatem
967 1719 1109 1784 inutilem
1176 1721 1269 1794 iebat;
1286 1729 1309 1779 et
1320 1707 1366 1804 hul

395 1805 506 1892 iniqua
528 1803 639 1870 eadem
663 1819 730 1870 erat
754 1803 907 1869 Romanis
930 1805 1033 1871 stabili
1056 1827 1183 1906 pugnae
1205 1802 1321 1874 assuefiat
1335 1795 1366 1858 Uli

397 1893 483 1992 quod
498 1892 660 1992 angustiae
677 1904 711 1955 et
728 1891 885 1955 internata
898 1891 1033 1978 virgulta
1050 1891 1179 1957 ordrnes
1192 1889 1367 1956 turnebus

396 1977 513 2065 singuli
526 1977 670 2063 binique,
682 1976 770 2041 velut
780 1999 854 2040 cum
868 1978 1005 2064 paribus,
1017 1999 1183 2042 conserere
1197 1987 1367 2064 pugnabat·

240 2069 351 2146 vincunt
397 2064 521 2128 bantur.
569 2063 667 2138 Quod
682 2061 723 2126 ad
737 2062 843 2149 fugam
859 2062 1087 2150 impedimento
1101 2061 1242 2129 hostibus
1253 2046 1367 2134 emtilsl

239 2134 355 2184 Romam.
397 2149 527 2214 caedem
546 2171 609 2226 eoa,
626 2147 714 2212 velut
730 2149 861 2226 vinctos,
879 2149 1056 2236 praebebat.
1103 2148 1148 2214 Et
1168 2151 1237 2226 iarn,
1250 2147 1322 2211 ferne
1333 2158 1367 2201 οῦ

396 2235 489 2301 nibus
510 2235 640 2300 scutatis
664 2231 897 2299 Celtiberorum
922 2235 1103 2312 interfectis,
1128 2235 1207 2300 levis
1230 2237 1367 2298 murat

398 2320 687 2422 Carthaginienses,
711 2319 768 2406 qui
793 2342 834 2384 ex
858 2319 963 2387 alteris
986 2321 1093 2386 castris
1115 2321 1252 2387 subsidio
1270 2321 1366 2382 venera

394 2408 531 2494 perculsr
552 2405 772 2472 caedebantur.
819 2405 896 2470 Duo
916 2406 1004 2471 haud
1025 2407 1162 2494 amplius
1181 2406 1269 2470 millia
1284 2397 1367 2488 pediu

397 2503 430 2556 et
450 2493 611 2579 equitatus
630 2491 742 2569 omnis,
758 2491 812 2556 vix
832 2492 913 2557 inito
932 2492 1061 2580 proelio,
1077 2515 1152 2557 cunr
1168 2493 1292 2579 Magone
1303 2484 1367 2582 ebus·

396 2591 480 2642 runt
527 2577 656 2654 Hanno,
672 2576 751 2641 alter
773 2577 952 2664 imperator,
968 2601 1040 2644 curn
1063 2578 1111 2656 iis,
1126 2580 1184 2666 qui
1203 2582 1367 2665 postrtffilrffll

420 2662 562 2748 rofligato
587 2663 717 2750 proelio,
744 2663 947 2742 advenerant,
973 2665 1061 2730 vivus
1090 2666 1222 2752 eapitur.
1262 2659 1368 2751 Magne

418 2833 423 2840 „
431 2747 571 2834 gientem
586 2749 745 2898 eguitatus
759 2749 857 2814 ferme
873 2749 985 2828 omnis,
997 2763 1030 2815 et
1041 2750 1128 2837 quod
1139 2765 1273 2816 veterum
1285 2741 1368 2832 padue

396 2847 475 2911 erat,
490 2834 600 2911 secuti,
639 2835 740 2898 ecimo
754 2834 807 2899 die
827 2835 861 2898 in
878 2834 1071 2901 Gaditanam
1089 2836 1276 2923 provinciam
1289 2821 1370 2894 adria

396 2919 561 2986 drubalem
576 2932 797 3008 pervenerunt
834 2919 998 3000 Celtiberi,
1010 2911 1110 2987 novus
1125 2923 1226 3002 miles,
1236 2921 1266 2985 in
1275 2911 1369 3004 pmilffi

396 3005 510 3093 dilapsi
524 3006 625 3084 silvas,
641 3005 716 3072 inde
732 3006 842 3071 domos
856 3007 1060 3095 diffugerunt

440 3091 682 3180 Peropportune
692 3093 825 3156 victoria
839 3114 1039 3193 nequaquam
1055 3105 1180 3158 tanturn
1195 3095 1254 3158 iarn
1264 3085 1369 3176 malda!

396 3177 525 3256 bellurn,
540 3190 659 3265 quanta
673 3177 772 3241 futuri
787 3191 919 3243 materia
931 3179 1006 3244 belli
1022 3178 1063 3267 (si
1080 3180 1221 3245 licuisset
1232 3179 1275 3254 iis,
1288 3165 1378 3238 eunt-r

396 3285 503 3327 rorum
522 3277 618 3350 gente
641 3263 753 3340 excita,
776 3275 810 3328 et
831 3264 908 3330 alios
929 3265 970 3329 ed
994 3287 1080 3330 arma
1102 3264 1265 3332 sollicitare
1283 3249 1370 3360 populi»

241 3361 273 3410 In
285 3362 367 3412 Baeti-
397 3371 545 3436 oppressa
569 3363 645 3414 erat.
690 3348 804 3434 Itaque
828 3349 1004 3415 collaudato
1024 3351 1164 3438 benigne
1189 3350 1294 3419 Silano,
1314 3349 1371 3419 ΜΨ

239 3440 295 3551 {pgr
307 3427 328 3475 ir
338 3426 388 3478 sei-
396 3456 485 3585 spegn
497 3433 687 3585 deffillapdi‚
699 3434 726 3499 si
729 3433 828 3584 <libii
836 3457 906 3500 earn
921 3437 1184 3586 ipgguciunctando
1198 3431 1372 3587 ffigutuuptffl}

396 3541 517 3598 necue,
599 3544 642 3597 r,
687 3544 728 3584 uo
770 3542 804 3584 re
852 3543 929 3586 uum
1046 3545 1100 3587 era
1141 3545 1177 3586 ιιι
1254 3542 1281 3583 rn

396 3607 523 3692 paniam
557 3543 704 3671 adversiis
735 3543 970 3672 Hudiubalem
1000 3535 1122 3695 pergit?
1173 3607 1297 3680 Poenus,
1318 3607 1380 3682 quun

395 3705 497 3757 castra
512 3705 579 3757 turn
594 3693 674 3757 forte
689 3692 730 3756 ed
745 3691 902 3757 sociorum
913 3693 1034 3758 animos
1045 3694 1080 3757 in
1091 3693 1221 3760 Baetica
1231 3675 1372 3758 asaneus·

395 3776 431 3841 in
450 3778 514 3843 fide
534 3778 674 3857 haberet,
688 3778 786 3866 signis
804 3791 935 3866 repente
955 3777 1094 3857 sublatis,
1109 3779 1202 3868 fugae
1221 3775 1312 3864 magis,
1322 3777 1373 3854 <1⁰³²

396 4007 470 4071 eigins
493 4009 642 4069 emendarit,
663 4025 744 4071 neque
764 4008 903 4066 infeliciter.
936 4011 1022 4073 procul
1041 4009 1116 4059 dubio
1134 4012 1226 4061 bellum
1246 4003 1325 4056 aruerit
1338 4006 1374 4044 W

396 4072 489 4134 quippe
508 4072 559 4120 sive
577 4075 653 4121 obsito
672 4073 903 4122 cum·Dralrenbor·
935 4073 1072 4134 enrdssat
1082 4076 1102 4122 si
1112 4075 1220 4124 lieuieet
1230 4073 1277 4123 eir·
1287 4102 1307 4119 ··

393 4135 462 4194 chio,
476 4149 519 4182 seu
532 4135 602 4183 obriti
617 4149 673 4183 curn
688 4135 812 4186 Crevierio
828 4137 903 4198 legas,
968 4149 982 4199 5
999 4139 1107 4197 Paean,
1117 4155 1190 4202 qm
1200 4171 1207 4187 .
1219 4171 1226 4186 .
1237 4131 1316 4198 ..sulti
1327 4125 1371 4198 Ψ

396 4203 467 4246 vetus
472 4197 593 4259 scriptura
598 4199 720 4258 ancient,
728 4213 761 4248 cc.
769 4199 903 4262 regionem,
934 4200 996 4248 forte
1007 4201 1146 4250 Hasdrubal
1158 4207 1235 4250 area
1244 4201 1268 4247 irr
1278 4183 1373 4267 wi]

396 4260 751 4323 locoparamapteconvenit.
934 4261 1365 4315 beraumunmdoeiafidew'·

429 4339 445 4380 4
461 4323 572 4372 Matala
582 4323 651 4382 aaut]
670 4339 702 4372 sc.
712 4324 826 4384 Mutare,
837 4327 903 4375 uude
935 4327 1036 4376 cumea
1053 4328 1135 4378 cm.
