2878 4772
183 604 244 700 T.
290 605 501 702 LIVIl
548 607 944 710 PATAVINI

321 895 581 979 LIBER
630 898 802 982 XXIX.

447 1234 449 1238 ‚
467 1179 663 1220 —4—

36 1396 245 1566 SCIPlO,
259 1412 429 1500 postquam
443 1400 478 1464 in
495 1399 635 1465 Siciliam
650 1400 748 1478 venit,
763 1399 957 1467 voluntarios
971 1401 1089 1467 milites
1102 1417 1133 1468 u.
1145 1417 1176 1470 c.
1191 1427 1248 1481 5⁴⁷·

126 1486 284 1550 ordinavit
298 1487 569 1573 centuriavitque:
593 1508 634 1550 ex
649 1486 687 1551 iis
703 1499 861 1552 trecentos
875 1488 1016 1566 iuvenes,
1031 1489 1089 1554 llo-
1098 1483 1129 1532 A.
1146 1483 1178 1536 ⁰·
1191 1495 1248 1545 ²⁰⁵·

28 1585 145 1636 rentes
166 1585 269 1637 aetate
292 1586 325 1638 ct
344 1572 460 1637 virium
482 1574 605 1650 robore,
623 1572 760 1638 inermes
782 1574 867 1638 circa
885 1597 919 1640 se
941 1575 1088 1654 habebat,

30 1657 230 1744 ignorantes,
243 1682 341 1746 quem
355 1658 397 1724 ad
412 1682 514 1736 usum,
529 1682 635 1746 neque
650 1660 827 1739 centuriati,
843 1683 950 1748 neque
965 1662 1087 1740 armati,

30 1757 246 1810 servarentur.
280 1745 379 1810 Tum
409 1768 451 1810 ex
480 1746 578 1810 totius
611 1745 735 1811 Siciliae
768 1747 928 1812 irmiorum
954 1771 1088 1813 numero
1097 1758 1226 1835 mecentio

30 1831 199 1917 principes
212 1853 329 1918 genere
343 1844 377 1895 et
390 1832 517 1896 fortuma
531 1844 689 1896 trecentos
702 1833 837 1918 equites,
854 1834 910 1920 qui
930 1857 1037 1899 secum
1052 1834 1087 1898 in
1096 1825 1220 1900 equisone

32 1915 183 1980 Africam
199 1916 388 1994 traiicerent,
403 1917 498 2004 legit:
515 1917 665 2003 diemque
680 1918 729 1996 iis,
745 1941 809 2004 qua
822 1919 914 2018 equis
928 1921 1088 2006 armisque
1096 1887 1247 2013 ffiffi'

31 2002 185 2067 instructi
205 2016 302 2090 atquc
320 2004 423 2068 ornati
442 2002 599 2080 adessent,
614 2003 725 2069 edixit
773 2003 887 2068 Gravis
906 2026 945 2069 ea
963 2004 1087 2083 militia,
1095 2015 1230 2090 turnasset

31 2088 151 2174 procul
165 2089 272 2167 domo,
288 2103 371 2154 terra
385 2090 527 2176 merique
542 2089 659 2154 multos
673 2089 806 2167 labores,
818 2112 934 2177 magna
947 2091 1089 2178 pericula
1096 2083 1152 2130 *Μ’

32 2173 172 2240 allatura
186 2175 372 2252 videbatur3
396 2198 502 2262 neque
519 2175 604 2262 ipsos
618 2175 723 2254 modu,
739 2175 796 2240 sed
810 2191 957 2263 parentes
972 2199 1089 2264 cogna-

34 2272 153 2348 tosque
167 2284 277 2327 eorum
297 2285 336 2327 ea
353 2285 428 2327 cura
445 2263 590 2348 angebat.
637 2261 704 2326 Ubi
718 2261 796 2338 dies,
813 2285 895 2349 quac
911 2262 996 2329 dicta
1010 2277 1087 2341 erat,

33 2346 179 2425 advenit,
205 2370 292 2413 arma
313 2371 331 2413 e
356 2371 476 2434 uosque
499 2347 715 2414 ostenderunt.
761 2347 847 2412 Tum
874 2349 991 2436 Scipio,
1018 2357 1089 2414 ‘re-

36 2433 202 2498 ‘nuntiari
227 2435 307 2512 sibi,'
328 2372 421 2512 dixit,
453 2433 628 2520 ‘quosdam
653 2435 778 2521 equites
806 2433 995 2514 Siculorum,
1019 2448 1090 2500 tan-

38 2528 160 2606 ‘quam
174 2543 303 2606 gravem
317 2535 351 2585 et
365 2520 487 2598 duram,
503 2520 630 2586 horrere
645 2543 716 2585 eam
732 2520 886 2586 militiam.
924 2521 958 2587 Si
973 2522 1029 2610 qui
1044 2523 1090 2588 ita

38 2606 195 2671 ‘animati
212 2619 327 2683 essent,
342 2606 437 2670 malle
456 2629 511 2672 eos
529 2607 589 2672 sibi
608 2607 672 2671 iam
690 2621 759 2672 tum
774 2607 875 2687 fateri,
891 2631 987 2696 quam
1061 2613 1101 2674 t-'

38 2691 159 2756 ‘modo
197 2705 352 2770 uerentes,
368 2715 480 2780 segnes
500 2707 596 2780 atque
613 2693 742 2758 inutiles
761 2694 878 2760 milites
896 2632 1089 2783 reipubliisae

38 2787 140 2843 ‘esse
218 2793 432 2866 xpromerent,
448 2779 528 2866 quid
546 2779 719 2846 sentirent:
743 2803 817 2845 cum
839 2783 924 2847 bona
942 2783 1036 2848 venia
1054 2805 1089 2848 se

39 2864 267 2930 ‘auditurum'
312 2865 378 2930 Ubi
392 2887 434 2929 ex
448 2865 498 2930 his
517 2888 601 2930 unus
617 2889 711 2931 ausus
729 2880 777 2931 est
791 2867 906 2946 dicere,
931 2876 984 2933 ‘se
999 2891 1090 2954 pror-

40 2960 126 3028 ‘sus,
148 2951 175 3016 si
201 2951 271 3029 sibi,
293 2963 401 3016 utrum
422 2951 509 3029 velit,
532 2951 667 3016 liberum
693 2963 784 3028 esset,
807 2951 893 3017 nolle
919 2953 1090 3030 militare3’

39 3050 112 3103 tum
129 3035 236 3138 Scipio
249 3037 289 3116 ei,
316 3046 325 3077 ⁶
339 3037 501 3113 Quoniam
520 3037 627 3124 igitur,
643 3036 836 3114 adolescens,
851 3036 931 3122 quid
946 3039 1089 3116 sentires,

40 3133 134 3188 ‘non‘
156 3123 367 3203 dissimulasti,
393 3123 546 3188 vicariurn
572 3122 631 3188 tibi
656 3144 697 3187 ex
740 3121 836 3199 diam,
863 3123 915 3187 cui
941 3136 977 3188 tu
1003 3145 1090 3188 arma

40 3219 247 3309 ‘equumque
262 3223 295 3274 et
310 3223 415 3274 cetera
431 3209 643 3273 instrumenta
659 3230 692 3271 m
718 3208 790 3273 'tiae
806 3208 919 3286 modas,
935 3222 968 3273 et
983 3221 1090 3274 tecum

16 3295 140 3360 ¹‘h1nc
162 3294 323 3383 extemplo
345 3295 476 3360 domum
498 3295 604 3372 duces,
622 3317 779 3372 exerceas,
795 3294 977 3360 docendum
998 3317 1090 3361 cures

41 3392 149 3468 ‘equo
163 3381 339 3469 armisque)
383 3381 486 3446 Laeto
506 3380 723 3446 conditionem
742 3381 808 3446 acci
833 3381 911 3446 ienti
928 3404 1029 3446 unum
1048 3404 1090 3446 ex
1123 3455 1124 3459 η

41 3469 202 3546 trecentis,
228 3491 309 3554 quos
333 3469 471 3534 inermes
494 3467 640 3544 habebat,
665 3467 769 3532 tradit
810 3404 883 3532 lJbi
906 3467 968 3532 hoc
994 3467 1089 3533 modo

17 3566 282 3620 sexauctoratum
301 3555 444 3640 equitem
463 3575 538 3618 cum
556 3553 658 3640 gratia
677 3554 875 3642 imperatoris
889 3553 987 3619 ceteri
1001 3553 1089 3618 vide-

40 3653 128 3718 runt,
146 3663 180 3705 se
200 3641 335 3727 quisque
355 3663 517 3717 excusare,
536 3653 568 3706 et
587 3639 739 3706 vicarium
760 3639 912 3726 accipere.
957 3639 1008 3704 Ita
1027 3652 1090 3704 tre-

42 3727 144 3792 centis
179 3726 293 3792 Siculis
322 3726 462 3792 Romani
498 3727 622 3814 equites
658 3724 828 3802 substituti,
857 3725 927 3790 sine
962 3725 1091 3812 publica

42 3814 87 3878 im
130 3835 194 3878 nsa.
239 3813 468 3879 Docendorum
489 3827 585 3914 atque
600 3812 850 3878 exercendorum
865 3833 974 3878 curam
991 3811 1090 3878 Siculi

42 3900 86 3964 ha
108 3912 241 3964 uemnt:
266 3899 342 3986 quia
364 3898 506 3964 edictum
528 3921 572 3962 rm
615 3899 727 3964 tatoris
749 3911 826 3976 erat,
848 3899 859 3962 i
882 3919 952 3963 sum
975 3899 1091 3964 milita·

44 3999 162 4063 turum,
178 3985 294 4072 quiite
307 4007 373 4050 non
387 3985 519 4050 fecisset.
566 3923 735 4086 {regiam
750 3985 833 4050 hanc
878 4007 930 4050 am
944 3987 1091 4073 equitum

44 4071 177 4137 evasisse
191 4072 308 4149 ferunt,
323 4071 494 4158 multisque
509 4071 637 4160 prochis
651 4071 878 4160 rempublicam
893 4071 1057 4137 adiuvisse.

80 4262 91 4296 r
109 4249 251 4298 Ducendum
261 4263 331 4298 ouras
344 4264 404 4312 equo
415 4249 549 4311 annoque]
619 4263 632 4297 c
649 4250 711 4298 Cum
723 4252 807 4310 matta
822 4249 987 4311 imperatorie]
1006 4247 1048 4297 Ila
1064 4253 1092 4297 ut

46 4311 164 4362 Similiter
172 4313 267 4374 fidibus
279 4314 363 4362 duom
377 4313 505 4374 etfidtbur
516 4314 551 4361 dt-
584 4312 745 4363 nihilominus
762 4313 903 4376 imperatori
921 4317 1005 4375 grou
1020 4317 1091 4366 sset

46 4375 188 4440 mmapud
199 4375 342 4428 Ciceronem
353 4376 479 4426 babemus
584 4377 666 4427 cuv.
