2874 4772
320 232 418 299 LlB.
439 231 587 298 XXVII.
620 231 733 300 CAP.
761 237 810 298 18.
1030 235 1094 298 tta

36 376 133 434 ‘non
149 389 280 446 nomen,
294 369 408 434 faciat’
452 367 573 434 Merita
586 366 663 434 inde
680 389 739 434 sua
756 367 792 434 in
809 366 908 434 daces
925 365 1140 454 Carthagi-tt.
1151 386 1181 437 c.
1197 395 1253 448 543„

11 455 172 522 ruienses
185 455 453 532 commemoravit,
469 454 630 521 avaritiam
645 466 757 520 contra
766 476 887 532 eornm,
899 453 1135 541 superbiam-A·
1150 451 1181 501 ⁰·
1197 465 1253 513 ²0⁹·

36 565 118 628 que,
130 554 164 606 et
174 543 278 607 omnis
291 542 418 629 generis
431 541 562 606 iniurias
576 541 611 606 iu
625 563 659 606 se
674 554 770 627 atque
785 541 962 629 populares.
1010 538 1095 605 ‘Ita-

37 637 51 666 ‘
63 651 131 715 que
145 651 260 715 corpus
274 629 431 694 duntaxat
444 651 537 694 suurn
553 627 594 692 ad
615 627 648 692 id
667 641 792 714 tempus
812 627 896 714 apud
912 649 965 692 eos
979 626 1093 691 husee:

38 714 208 780 ‘animum
223 715 286 779 iarn
302 715 426 802 pridem
444 715 486 779 ibi
505 737 583 790 esse,
599 714 653 778 ubi
670 714 719 778 ius
729 737 766 778 ac
781 713 826 778 fas
841 713 1007 778 crederent
1022 713 1093 777 coli.

37 801 123 866 ‘Ad
138 801 215 866 deos
229 824 358 887 quoque
373 800 544 888 confugere
560 800 726 887 supplices,
743 801 799 888 qui
815 813 977 886 nequeant
991 800 1096 864 homi-

40 897 52 926 ‘
62 910 143 952 num
159 888 223 950 vim
246 901 342 974 atque
363 888 493 952 iniurias
507 888 582 973 pati.
631 885 671 950 Se
688 886 721 952 id
739 887 922 974 Scipionem
942 909 1042 964 orare,
1059 900 1096 950 ut

39 974 208 1039 ‘musitio
222 975 283 1040 sibi
298 996 358 1038 nec
372 974 476 1038 fraudi
496 973 582 1060 apud
597 995 681 1051 eum,
698 996 757 1037 nec
775 973 888 1038 honori
903 973 961 1037 sit:
986 973 1097 1059 quales

40 1069 108 1126 ‘ex
133 1059 194 1125 hac
216 1060 269 1126 die
291 1060 490 1148 experiundo
512 1059 666 1147 cognorit,
689 1060 822 1146 perinde
849 1081 964 1146 operae
986 1082 1097 1124 eorum

41 1147 202 1234 ‘pretium
218 1147 356 1212 faceret’
399 1147 451 1212 Ita
468 1169 595 1235 prorsus
614 1146 786 1234 respondet
799 1145 956 1211 facturum
977 1145 1099 1210 Roma·

40 1257 125 1298 nus:
149 1256 209 1298 nec
231 1256 289 1321 pro
309 1233 478 1320 manshrgis
499 1233 692 1310 habiturum,
713 1233 770 1318 qui
791 1255 858 1298 non
878 1231 1030 1296 duxerint
1046 1254 1098 1296 so·

41 1321 195 1386 cietatem
224 1333 335 1398 ratam,
362 1321 418 1386 ubi
446 1342 507 1385 nec
536 1319 637 1386 divini
666 1319 848 1419 quicquam,
875 1341 935 1384 nec
964 1317 1098 1384 humani

41 1419 193 1472 sanctum
213 1419 303 1472 esset
350 1405 530 1472 Productae
549 1404 667 1471 deinde
684 1429 718 1470 m
739 1419 946 1492 conspectum
964 1405 1004 1469 iis
1021 1427 1098 1470 con·

40 1493 137 1580 iuges
157 1491 313 1594 liberique
335 1493 572 1558 lacrimantibus
592 1491 710 1578 gaudio
732 1492 919 1569 redduntur,
942 1502 1038 1578 atque
1057 1513 1098 1556 eo

42 1579 100 1644 die
112 1579 146 1642 in
154 1578 327 1666 hospitium
337 1579 474 1644 abducti
520 1579 652 1644 Postero
662 1577 714 1643 die
724 1578 851 1644 foedere
863 1590 993 1665 accepta
1003 1577 1081 1642 fides
1085 1601 1095 1654 3

42 1665 232 1752 dimissique
254 1665 294 1730 ad
316 1666 424 1753 copias
444 1665 658 1731 adducendas.
704 1665 822 1730 Iisdem
844 1664 962 1730 deinde
987 1665 1097 1728 castris

43 1751 231 1830 tendebant,
247 1752 351 1818 donec
365 1752 499 1817 ducibus
514 1752 552 1816 iis
566 1750 608 1816 ad
621 1751 744 1818 hostem
759 1764 949 1839 perventum
964 1763 1020 1815 est.

91 1837 261 1903 Proximus
273 1837 586 1924 Carthaginiensium
598 1838 756 1903 exercitus
772 1836 983 1903 Hasdrubalis
997 1858 1096 1924 prope
1156 1837 1205 1898 18.

44 1924 160 1990 urbem
177 1923 351 1990 Baeculam
368 1937 443 1990 erat.
489 1923 554 1990 Pro
574 1924 682 1989 caseis
701 1925 847 2010 equitum
868 1923 1019 1989 stationes
1040 1921 1146 1986 hanld
1158 1921 1223 1970 Has-

12 1993 152 2095 dbelffl·
198 2009 239 2076 In
253 2033 307 2076 eas
321 2010 431 2076 velites
446 2011 718 2096 antesignanique,
733 2024 768 2076 et
781 2011 839 2098 qui
852 2010 947 2097 primi
962 2008 1097 2096 agminis
1105 1985 1233 2097 {lxm

44 2109 149 2174 erant,
164 2096 369 2164 advenientes
388 2119 430 2162 ex
450 2097 575 2173 itinere,
590 2096 774 2182 priusquam
794 2096 903 2161 casuis
921 2095 1028 2160 locum
1045 2117 1097 2159 ca-
1106 2112 1197 2176 Scipio.

43 2197 171 2271 petent,
187 2183 267 2250 adeo
281 2183 490 2271 contemptim
504 2183 660 2270 impetum
674 2182 829 2260 fecenmt,
843 2196 881 2246 nt
894 2181 986 2247 facile
1001 2205 1099 2282 appa·

44 2282 143 2347 reret,
154 2270 233 2358 quid
248 2271 375 2357 utrique
386 2271 469 2358 parti
484 2269 661 2334 animorum
674 2281 765 2334 esset
810 2267 851 2333 In
863 2281 964 2332 casua
974 2267 1100 2354 trepida

46 2355 126 2442 fuga
139 2357 293 2445 compulsi
305 2356 430 2444 equites
444 2368 536 2421 sunt:
560 2354 714 2442 sigrraque
727 2355 874 2419 Romana
884 2355 984 2441 portis
1020 2376 1098 2440 rope

46 2442 126 2530 ipsis
140 2441 234 2510 illata.
280 2443 390 2529 Atque
405 2441 460 2508 illo
469 2441 601 2528 quidem
616 2441 680 2520 die,
695 2441 824 2506 irritatis
837 2453 962 2505 tantum
974 2377 1020 2504 ad
1030 2460 1099 2504 cer·

47 2541 157 2594 tamen
175 2529 298 2607 animis,
313 2542 414 2594 castra
434 2528 573 2594 Romani
593 2539 775 2616 posuerrmt.
822 2526 928 2593 Nocte
953 2525 1099 2591 Hasdru·

45 2613 104 2682 bal
117 2615 151 2680 in
165 2614 323 2682 tumulum
341 2616 447 2702 copias
466 2615 589 2702 recipit,
605 2615 701 2703 plano
719 2636 831 2702 campo
849 2615 884 2677 in
903 2635 1028 2678 summo
1042 2634 1099 2701 pa·

47 2713 189 2768 tentem:
212 2702 327 2768 fluvius
337 2703 377 2768 ab
393 2715 499 2790 terg03
523 2714 597 2767 ante
612 2702 760 2789 circaque
769 2700 858 2766 velut
867 2701 937 2788 ripa
947 2721 1099 2787 praeceps

47 2811 138 2854 oram
163 2788 231 2853 eius
257 2811 384 2854 omnem
411 2788 568 2889 cingebat.
617 2787 752 2854 Suberat
780 2801 814 2853 et
843 2787 941 2852 altera
969 2786 1100 2850 inferior

47 2874 216 2940 summissa
236 2874 362 2962 fastigio
390 2875 554 2962 planrties:
586 2897 656 2939 eam
687 2896 816 2962 quoque
847 2873 945 2938 altera
969 2871 1099 2958 crepido

47 2959 138 3026 haud
157 2960 279 3026 facilior
300 2961 334 3026 in
357 2983 522 3026 mensum
548 2961 695 3026 ambibat.
741 2959 782 3024 ln
807 2959 894 3023 hunc
918 2957 1099 3022 inferiorem

48 3069 199 3134 campum
228 3061 355 3134 postero
381 3046 433 3112 die
464 3045 655 3122 Hasdrubal,
683 3059 851 3132 postquam
879 3055 1016 3108 stantem
1041 3064 1100 3128 pro

48 3133 160 3198 castris
181 3133 319 3200 hostium
341 3134 442 3198 aciem
464 3132 554 3209 vidit,
578 3132 703 3218 equites
726 3129 893 3206 Numidas,
915 3127 1099 3214 leviumque

48 3241 211 3285 armorum
231 3218 381 3296 Baliares,
397 3231 431 3284 et
446 3218 542 3284 Afros
561 3217 690 3281 dimisit.
738 3215 855 3302 Scipio,
871 3215 1100 3278 circumvectus
1109 3227 1204 3278 Milies

49 3305 179 3372 ordines
208 3305 371 3393 signaque,
395 3303 592 3380 ostendebat,
616 3303 769 3379 ‘hostem
793 3301 1019 3388 praedamnata
1043 3292 1227 3400 „peronatus

50 3400 177 3479 ‘aequo
197 3391 370 3457 dimicandi
388 3413 510 3478 campo,
526 3402 708 3476 captantem
726 3386 875 3464 tumulos,
890 3387 952 3450 loci
972 3386 1099 3463 fiducia,

49 3487 138 3545 ‘non
152 3478 277 3544 virtutis
291 3500 448 3544 armorum
473 3500 524 3554 ue,
536 3490 617 3541 stare
632 3475 667 3540 in
682 3489 863 3562 conspectu.
911 3472 976 3538 Sed
990 3473 1101 3538 altiora

50 3565 200 3631 ‘moenia
218 3565 364 3632 habuisse
387 3563 467 3630 Cart
490 3564 627 3651 aginam,
642 3585 725 3650 quae
746 3558 991 3628 transcendisset
1010 3559 1101 3624 miles

50 3651 246 3717 ‘Romanus
293 3650 365 3716 Nec
391 3650 539 3728 tumulos,
564 3671 624 3715 nec
651 3672 765 3726 arcem,
789 3671 831 3713 ne
857 3670 942 3712 marc
969 3645 1101 3733 quidem

18 3765 37 3818 7
51 3737 166 3806 ‘armis
175 3737 331 3804 obstitisse
342 3738 416 3804 suia.
461 3737 518 3804 Ad
528 3736 564 3802 id
573 3736 640 3802 fore
653 3735 846 3812 altitudines,
856 3757 935 3822 quas
944 3733 1102 3820 cepissent

85 3955 457 4018 metamaucensem]
475 3955 560 4004 esee
626 3952 694 4003 one
706 3955 749 4028 qu
760 3937 964 4016 perarmati]
982 3967 1015 4001 re.
1027 3949 1102 4010 socii,

49 4023 104 4086 lyb.
123 4021 185 4071 Exc.
204 4023 236 4070 de
255 4020 319 4070 virt
338 4025 364 4068 et
381 4019 456 4068 vitiis
471 4019 505 4067 ix.
525 4033 560 4068 11.
594 4019 633 4068 vel
647 4018 721 4080 siqui
735 4017 778 4066 alii
793 4033 880 4080 agmen
897 4018 922 4066 in
938 4017 1025 4066 itinere
1039 4015 1102 4064 forte

50 4085 96 4134 ubi
110 4085 262 4145 Hasdrubal,
278 4083 383 4148 pecunia
398 4083 561 4144 nequicquam
594 4083 718 4130 ducerent.

49 4151 85 4200 ab
101 4149 208 4198 Indibile
224 4148 343 4211 flagitata,
355 4161 412 4197 eum
427 4145 491 4195 filias
506 4159 562 4194 suaa
631 4157 644 4207 7
661 4146 703 4193 Ad
722 4145 749 4194 td
763 4145 821 4204 sore
842 4143 996 4202 altitudines]
1029 4140 1102 4214 Nihil

51 4212 150 4262 obsides
160 4213 219 4262 dare
229 4212 316 4276 coegit.
529 4209 533 4218 '
594 4209 662 4258 aliud
680 4210 818 4272 promtum
834 4208 945 4256 hostibus
959 4203 1103 4275 altitudrpee

91 4289 105 4339 5
124 4277 337 4389 A·
284 4279 290 4290 '
339 4277 350 4335 ]
382 4272 509 4326 §chelium
530 4273 563 4321 td
595 4288 655 4336 quas
671 4271 801 4334 cepissent,
812 4271 858 4319 nisi
875 4275 903 4318 ut
917 4271 975 4332 fuga
991 4266 1040 4313 illis
1057 4280 1102 4312 rm-

51 4341 149 4403 Hygin.
161 4356 189 4416 p.
203 4353 271 4403 ¹05²·
336 4337 407 4398 uiue,
423 4339 562 4398 muna
594 4336 700 4399 peditior
707 4336 785 4410 tieret,
792 4349 836 4396 per
845 4331 989 4394 praecipitia
996 4335 1025 4378 et
1033 4343 1102 4391 prae·

50 4423 98 4456 nor
113 4404 184 4454 Lino
200 4419 253 4454 me
268 4403 373 4466 primam
390 4401 469 4465 gravis
483 4415 562 4450 arma-
594 4405 668 4466 rupta
677 4399 827 4449 sabentrbua
844 4397 925 4446 Gaas.

51 4477 124 4520 turae
133 4467 222 4530 aciem,
231 4467 406 4519 animadvertit
416 4465 543 4517 Drakenb-
