2874 4772
354 193 417 254 308
737 186 851 254 TlTl
879 185 1016 254 LIVII

200 334 234 385 U.
246 335 276 386 c.
293 325 458 398 541.viores
479 334 544 389 tem
586 322 802 410 rautioresque
822 347 842 388 a
862 323 1014 411 cupidine
1034 324 1167 411 imperii,
1183 336 1239 388 aut
1258 321 1377 388 multitu·

198 400 230 450 A.
247 399 277 450 ⁰·
293 413 348 450 Μ·
356 409 466 474 dinem
488 432 539 474 ure
553 411 600 474 ’us
625 423 779 474 moratam
804 432 952 476 censeam
973 411 1042 476 fieri
1069 433 1168 498 posse.
1216 407 1376 474 Centuriam

356 519 431 561 vero
445 496 605 562 iuniorum
620 496 758 561 seniores
772 497 936 562 consulere
948 497 1093 574 vulumse,
1109 497 1226 584 quibus
1236 496 1376 583 imperium

356 583 505 669 suffragio
524 582 698 661 mandaret,
712 583 768 647 vis
784 594 822 648 ut
837 583 1003 648 verisimile
1026 584 1076 661 sit,
1091 596 1260 670 parentum
1275 603 1375 667 quoque

356 667 418 732 hoc
432 668 560 733 saeculo
575 669 644 732 vilis
657 668 800 769 levisque
815 669 900 756 apud
916 669 1031 734 liberos
1045 669 1215 734 auctoritas
1229 668 1307 732 fecit.

290 801 298 818 .
399 754 563 819 Praetoria
580 754 656 818 inde
671 755 800 820 comitia
817 755 933 820 habita.
978 755 1015 820 P.
1029 755 1172 820 Manlius
1187 753 1296 830 Vulso,
1309 751 1375 816 etl.

356 839 498 905 Manlius
511 840 677 918 Acidinus,
690 855 723 906 et
740 839 778 906 C.
790 841 967 920 Laetorius,
977 853 1010 906 et
1025 841 1063 906 L.
1076 841 1213 907 Cincius
1225 840 1376 904 Alimentus
1410 855 1411 932 t

355 927 452 992 creati
466 941 549 992 sunt.
595 925 689 992 Forte
704 928 750 992 ita
767 927 888 1005 incidit,
905 942 943 993 ut
961 928 1096 993 comitiis
1110 927 1261 1015 perfectis
1278 925 1376 990 nuntie·

354 1026 452 1091 retur,
469 1013 508 1077 T.
524 1012 706 1091 Otacilium,
739 1037 813 1078 uem
825 1014 864 1078 T.
878 1013 1012 1091 Manlio,
1022 1015 1085 1078 nisi
1098 1012 1314 1101 interpellatus
1320 1010 1376 1074 ordo

354 1100 556 1165 comitiorum
578 1110 670 1177 esset,
689 1035 843 1186 ccillegam
865 1101 1028 1165 absentem
1049 1100 1183 1164 daturus
1203 1099 1295 1164 firisse
1312 1096 1377 1160 ride

198 1186 448 1276 nudisporbatur
461 1185 606 1273 populus,
623 1198 784 1249 mortuum
798 1186 834 1248 in
850 1185 958 1250 Sicilia
977 1208 1053 1252 esse.
1099 1185 1187 1250 Ludi
1205 1185 1377 1272 Apollines

198 1265 387 1340 {remearet
431 1272 513 1337 riore
535 1294 620 1336 anno
644 1271 779 1348 fuerant,
803 1284 845 1349 et,
868 1294 908 1337 eo
931 1295 1015 1337 anno
1041 1285 1078 1337 ut
1099 1273 1227 1349 fierent,
1251 1270 1376 1335 referente
1410 1309 1411 1316 .

197 1343 319 1443 {lffiff
352 1295 532 1445 'Calirmnio
561 1369 716 1444 praetore,
746 1371 875 1422 senatus
903 1357 1053 1434 decrerit,
1083 1371 1120 1422 ut
1149 1359 1186 1422 in
1217 1369 1376 1446 perpetuum

353 1457 552 1509 voverentur.
599 1442 723 1508 Eodem
746 1465 830 1508 anno
851 1443 941 1530 prodi
967 1445 997 1508 'a
1013 1444 1135 1532 aliquot
1156 1445 1227 1509 visa
1247 1443 1377 1508 nuntius-

354 1553 417 1616 que
432 1545 515 1595 sunt.
561 1528 602 1594 In
623 1528 702 1594 aede
725 1528 923 1595 Concordiae
971 1531 1090 1608 istoria,
1106 1553 1192 1618 quae
1216 1531 1250 1594 in
1268 1529 1376 1594 culmine

354 1628 430 1692 erat,
448 1615 581 1680 fulmine
604 1615 668 1680 icta
689 1615 893 1716 decussaque,
913 1616 954 1680 ud
972 1615 1138 1694 Victorias,
1155 1641 1242 1704 quae
1263 1617 1296 1680 in
1313 1627 1390 1678 nutet

353 1701 426 1765 fixis
447 1714 547 1779 erant,
568 1701 678 1779 haesit,
696 1724 801 1788 neque
827 1702 903 1767 inde
929 1703 1074 1790 procidit.
1120 1702 1165 1768 Et
1197 1701 1338 1789 Anagnia
1356 1713 1390 1772 ete

354 1786 505 1888 Fregellis
525 1789 707 1853 nuntiatum
723 1801 781 1866 est,
796 1811 923 1853 murum
941 1802 1111 1876 portasque
1125 1789 1165 1854 de
1181 1790 1274 1855 coelo
1288 1801 1376 1854 utus:

354 1887 387 1938 et
415 1897 450 1937 1n
479 1873 547 1938 foro
578 1873 757 1940 Subertano
785 1875 947 1961 sanguinis
976 1874 1058 1941 rivos
1091 1898 1149 1963 per
1177 1876 1269 1940 diem
1300 1889 1376 1938 tumn

352 1959 491 2038 fluxisse,
526 1973 559 2026 et
596 1960 687 2025 Ereti
723 1960 880 2061 lapidibus
916 1960 1042 2049 pluisse,
1076 1975 1109 2027 et
1143 1962 1251 2028 Reate
1286 1959 1376 2024 mulam

351 2047 519 2134 peperisse.
566 2045 616 2112 Ea
637 2045 782 2134 prodigia
804 2046 914 2112 hostiis
937 2049 1107 2113 maioribus
1128 2063 1206 2114 sunt
1228 2060 1376 2135 procurata,

352 2145 386 2197 et
414 2133 589 2198 obsecratio
617 2133 652 2196 in
681 2155 783 2197 unum
811 2133 897 2198 diem
925 2133 1043 2221 populo
1069 2134 1200 2212 indicta,
1227 2148 1261 2199 et
1284 2153 1377 2198 nouen-

194 2238 338 2288 melotes
352 2218 435 2284 diale
452 2241 585 2284 sacrum.
633 2217 819 2284 Sacerdotes
838 2219 959 2306 publici
973 2220 1014 2284 ali
1037 2234 1094 2285 uot
1112 2243 1151 2286 eo
1170 2243 1260 2285 anno
1279 2219 1377 2284 demor-

195 2302 277 2353 creati.
352 2305 400 2369 tui
422 2319 506 2382 sunt,
521 2305 660 2392 novique
681 2305 823 2370 suffecti:
847 2306 883 2370 in
896 2305 1002 2371 locum
1015 2243 1074 2372 M’.
1092 2306 1226 2372 Aemilii
1243 2303 1376 2371 Numidae

351 2391 523 2457 decemviri
564 2413 724 2456 sacrorum
761 2391 809 2456 M.
827 2391 984 2457 Aemilius
1020 2391 1180 2479 Lepidus:
1227 2395 1262 2457 in
1295 2391 1376 2455 locunt

352 2476 410 2541 Μ’.
421 2477 500 2543 Pom
546 2478 593 2542 nii
608 2477 773 2542 Mathonis
798 2559 799 2562 Ἴ
831 2478 946 2542 ntificis
968 2477 1007 2544 C.
1021 2477 1148 2544 Livius:
1172 2478 1208 2542 in
1225 2479 1325 2545 locum
1338 2475 1375 2562 Sp

354 2561 486 2627 Carvilii
498 2501 635 2628 Maximi
644 2564 771 2650 auguris
823 2563 1002 2630 Servilius.
1048 2564 1087 2630 T.
1100 2565 1259 2631 Otacilius
1271 2563 1376 2630 cusu

350 2647 496 2796 pontifex
511 2650 587 2736 quia
604 2663 716 2715 exacto
731 2673 815 2715 anno
830 2662 973 2716 mortuus
987 2665 1063 2729 erat,
1079 2651 1153 2716 ideo
1175 2649 1375 2716 nominatioiu

363 2756 457 2798 ocum
471 2733 540 2799 eius
550 2757 616 2800 non
631 2748 680 2800 est
693 2735 784 2801 facta.
832 2735 870 2802 C.
887 2736 1043 2803 Claudius
1053 2738 1170 2802 flamen
1186 2737 1300 2816 Dialis,
1311 2730 1387 2822 quodi

350 2833 425 2885 exta
438 2842 479 2907 pe
537 2843 604 2886 ram
619 2821 760 2899 dederat,
775 2823 916 2888 flaminio
931 2824 1017 2888 abiit

284 2963 292 2978 .
394 2906 458 2972 Per
479 2907 490 2970 i
514 2929 565 2972 em
587 2919 713 2994 tempus
735 2907 783 2972 M.
796 2907 943 2974 Valerius
965 2909 1134 2987 Laevinus,
1158 2911 1288 2976 tentatis
1311 2907 1375 2996 prius

349 3015 408 3080 per
428 3006 548 3058 secreta
568 2993 728 3080 colloquia
746 2995 927 3082 principum
946 2996 1069 3074 sninris,
1085 2996 1126 3060 ad
1147 2997 1305 3061 indictum
1321 3005 1374 3057 aute

351 3079 392 3144 ad
413 3078 447 3143 id
468 3079 571 3167 ipsum
599 3079 771 3145 concilium
794 3081 983 3145 Aetolorum
1005 3081 1102 3147 classe
1128 3105 1169 3146 cx
1213 3079 1372 3148 ditarent

351 3165 417 3230 Ubi
433 3187 533 3252 quum
545 3165 713 3254 Syracusas
726 3165 937 3254 Capuamque
946 3181 1080 3255 captam,
1091 3169 1155 3232 infi
1180 3170 1280 3234 emin
1292 3164 1386 3232 Siciliae

194 3263 289 3340 Valerii
349 3248 505 3338 Italiaque
517 3273 623 3316 rerum
632 3252 852 3331 secundarum,
862 3265 1058 3332 ostentasset,
1068 3255 1234 3320 adiecisset
1258 3253 1386 3330 uanus

193 3329 341 3392 omooapuu
350 3345 361 3376 ‘
370 3337 447 3404 inde
462 3361 482 3402 a
496 3337 667 3403 maioribus
681 3338 832 3403 traditum
849 3361 969 3405 morem
979 3339 1134 3406 Romanis
1148 3341 1242 3408 colen
1266 3342 1273 3356 '
1289 3338 1372 3406 socios

191 3394 301 3445 mm
350 3423 537 3512 ‘exquibus
551 3423 628 3489 alios
638 3425 849 3491 inuisitatem
863 3439 960 3516 atque
974 3449 1113 3513 aequum
1127 3449 1237 3493 secum
1247 3427 1296 3492 ius
1308 3443 1372 3489 sorr·

378 3620 457 3670 Md
476 3621 601 3682 Veturius,
616 3637 680 3685 queas
696 3623 724 3670 iu
741 3623 857 3684 antefixis
917 3637 935 3671 a
951 3624 1083 3686 Infitias]
1102 3621 1141 3672 Ut
1156 3623 1231 3671 fidem
1246 3623 1372 3673 farsum

346 3687 432 3745 mm]
460 3685 502 3734 Ad
523 3690 616 3733 statum
637 3685 771 3745 Victoriae,
792 3700 856 3747 quae
888 3687 1006 3736 secrmdss
1017 3683 1372 3741 RomanuinSieiliultuiaqs

347 3752 418 3796 erant
427 3747 491 3796 iuter
501 3749 616 3798 antefixa.
641 3749 856 3811 Amfiru,inquit
888 3765 948 3802 esse.
965 3751 1082 3802 Genitor.
1361 3805 1365 3814 ,

348 3810 445 3870 Festus,
457 3827 521 3876 queas
535 3829 566 3862 ea·
581 3829 653 3876 opere
663 3815 772 3876 ficulino
788 3816 856 3864 tectis
925 3827 939 3875 3
959 3816 1153 3890 Adiectumque]
1191 3812 1321 3878 spedonia
1342 3808 1371 3855 ab

347 3875 484 3936 efficuntur
498 3877 544 3924 aab
558 3877 688 3926 stillicidio.
722 3873 756 3925 st
773 3892 857 3926 conso·
888 3893 963 3939 quarn
975 3877 1105 3928 desiderari
1112 3884 1199 3937 censet
1211 3877 1321 3937 suem.
1338 3869 1371 3919 Sd

348 3942 391 3985 nat
402 3937 464 3986 illud
473 3938 537 3987 Livii
546 3939 628 3988 xxxiv.
633 3957 656 4000 4.
667 3943 785 4002 Antefiru
790 3942 856 4004 fietu·-
889 3941 910 3990 si
920 3941 1144 4003 interpunctionem
1155 3947 1212 4004 pust
1221 3957 1302 3992 maru
1312 3937 1371 3985 toll*

346 4002 383 4050 lr'a
393 4003 492 4051 ὡοηιω
502 4004 675 4052 aaronem
692 4005 774 4055 Gerr.
889 4006 967 4054 oratio
986 4005 1080 4068 optime
1099 4005 1136 4054 ita
1155 4004 1307 4055 cohaerebit:
1326 4003 1371 4062 pa*

378 4064 537 4129 9Anapm'a]
549 4067 765 4128 Ampatuaedidit
772 4069 857 4119 Aldus
890 4084 965 4132 quarn
978 4069 1102 4120 adiecerat
1111 4071 1209 4120 Acrota
1222 4085 1249 4119 eu
1264 4071 1292 4116 iu
1304 4065 1371 4114 aaut

385 4143 395 4176 r
418 4130 567 4202 Quodneata
590 4145 722 4203 mrum
743 4134 855 4194 mar]
888 4133 1091 4194 bonoresatruur
1102 4130 1371 4193 ete.‚uiceeeiusseup·

346 4191 424 4247 uuor
438 4191 464 4240 iu
479 4191 650 4240 mentuenda
663 4193 777 4243 victimae
791 4195 854 4244 extis
886 4202 912 4244 et
926 4196 1100 4259 Dorymachus
1112 4197 1257 4248 auoeoritate
1275 4209 1315 4243 ura
1326 4189 1370 4240 tffit

346 4253 439 4328 aliquid
466 4261 618 4316 peceaverat.
638 4255 720 4307 Gerr.
749 4260 780 4310 cf.
796 4259 853 4310 Val.
886 4265 1024 4321 uraverunt,
1043 4276 1099 4324 spes
1115 4267 1198 4310 taurea
1213 4258 1337 4335 potiundae
1348 4253 1369 4298 l·

346 4316 443 4367 Mam.
458 4331 512 4377 1.4.
885 4324 1016 4374 maniae
1023 4325 1153 4375 monilium
1161 4319 1370 4374 marrrruaururrlttl
