2966 4778
348 206 408 268 132
729 199 843 266 TITI
871 201 1007 268 LIVII

123 345 133 368 ⁸
190 351 226 403 U.
237 351 267 402 c,
284 351 338 416 536'·
347 349 456 428 aperto
470 351 518 404 est
532 336 657 416 ductus,
673 338 954 422 concionabundus
963 339 1105 416 incessit,
1118 337 1160 402 ad
1174 338 1401 404 circumfusam

189 417 221 466 A.
238 418 268 494 ⁰:
284 415 339 530 ’ᾗ
348 425 491 512 undique
521 424 759 490 multitudinem
788 425 982 490 vociferans:
1023 424 1178 490 ‘Habetis
1207 425 1402 502 libertatem,

189 482 324 594 ffiffif,
350 511 540 599 ‘Campani
557 534 653 598 quam
716 510 803 576 tistis
850 511 931 576 Foro
952 512 1068 588 medio,
1084 511 1155 576 luce
1176 509 1272 587 clara,
1289 511 1403 576 viden-

190 615 275 686 casta·
350 599 454 664 ‘tibus
483 599 582 676 vobis,
612 622 634 662 n
683 598 689 612 '
728 596 966 684 Campanorum
1001 598 1170 676 secundus,
1200 599 1333 662 vinctus
1362 598 1403 662 ad

191 673 301 724 Haamb.
349 694 502 752 ‘mortem
518 707 553 749 ra
575 685 630 750 ior.
679 683 769 759 Quid
783 683 952 750 violentius
972 683 1086 771 Capua
1099 699 1192 771 capta
1211 684 1331 748 lieret?
1354 682 1402 748 Ite

350 771 496 838 ‘obviam
561 770 711 849 annibali,
735 783 886 836 exornate
917 772 1039 848 urbem,
1063 771 1214 857 diemque
1244 769 1403 836 adventus

349 859 436 924 ‘eius
458 871 649 935 consecrate,
671 869 707 922 ut
727 857 813 922 hunc
834 857 1030 945 triumphum
1050 857 1091 921 de
1116 858 1183 922 cive
1204 873 1311 921 vestro
1332 880 1404 944 spe·

351 945 482 1011 ‘etatis'
526 943 617 1010 Haec
631 944 825 1021 vociferanti,
842 967 940 1031 quum
963 945 1082 1008 moveri
1096 943 1211 1031 vulgus
1225 943 1403 1020 videretur,

349 1031 535 1098 obvolutum
558 1045 654 1118 caput
678 1043 735 1107 est,
759 1030 910 1118 ociusque
936 1031 1004 1117 rapi
1026 1043 1117 1095 extra
1139 1041 1265 1117 portam
1288 1031 1403 1094 iussus

350 1117 401 1182 Ita
415 1118 449 1182 in
463 1130 565 1182 castra
577 1116 779 1204 perducitur:
803 1116 964 1204 extemplo
988 1140 1028 1180 ue
1047 1117 1089 1184 im
1134 1117 1212 1181 situs
1230 1117 1268 1179 in
1283 1118 1404 1192 navim,
1480 1131 1481 1194 t

350 1215 383 1270 et
399 1202 625 1290 Carthaginem
641 1203 770 1280 missus;
794 1225 846 1281 ne,
862 1216 952 1268 motu
965 1141 1074 1289 diquo
1091 1140 1222 1289 Cipum
1237 1225 1280 1266 ex
1295 1203 1406 1288 indig-

348 1289 449 1356 nitate
464 1290 510 1354 rei
520 1301 600 1366 orto,
614 1301 759 1354 senatum
775 1312 903 1376 quoque
962 1290 1097 1354 eniteret
1112 1288 1213 1354 dediti
1227 1288 1404 1376 principis:
1480 1317 1481 1322 ¹

349 1390 391 1454 et,
412 1375 570 1463 legatione
593 1376 688 1440 missa
708 1376 749 1442 ad
772 1312 983 1463 repetendlom
1004 1398 1089 1454 eum,
1111 1399 1152 1440 ue
1176 1389 1231 1440 aut
1250 1375 1407 1462 negando

349 1485 427 1541 rem,
443 1486 539 1549 quam
578 1463 689 1528 rimam
699 1474 855 1550 peterent,
868 1461 1052 1527 offendendi
1067 1463 1128 1527 sibi
1138 1462 1214 1526 nori
1228 1462 1324 1539 socii;
1349 1475 1407 1527 aut

349 1549 528 1624 tribuendo,
549 1486 714 1614 dabendus
736 1547 866 1636 Capuae
887 1561 970 1614 esset
991 1548 1154 1614 seditionis
1176 1570 1213 1612 ac
1234 1549 1407 1614 turbarum

192 1646 303 1708 cyrenas
350 1649 467 1700 auctor.
514 1633 639 1699 Navem
664 1633 809 1722 Cyrenas
830 1635 946 1700 detulit
966 1647 1144 1721 tempestas,
1167 1656 1249 1720 quae
1274 1647 1348 1698 tum
1371 1637 1428 1710 in,

190 1711 310 1823 333¹]ss
326 1720 471 1825 tlditione
486 1743 598 1807 regum
617 1733 715 1786 erant.
762 1719 812 1786 Ibi
827 1743 927 1809 quum
943 1720 1071 1807 Magius
1085 1722 1127 1788 ad
1141 1733 1277 1786 statuam
1292 1719 1427 1798 Ptole-5

189 1790 325 1887 „ww
351 1807 477 1872 maeire
501 1807 508 1820 '
537 1807 738 1894 confugisset,
750 1807 1155 1894 deportatusaeustodibus
1168 1806 1406 1872 Alexandriam

190 1901 259 1964 regia
349 1893 391 1959 ad
412 1893 475 1960 Pto
487 1915 642 1970 emaeum,
665 1917 765 1981 quum
787 1915 862 1958 eum
879 1893 1048 1971 docuisset,
1071 1894 1246 1958 contraius
1263 1893 1408 1958 foederis

349 1981 493 2047 vinctum
512 2002 546 2046 se
564 1980 604 2045 ab
623 1978 805 2046 Hannibale
826 2003 904 2058 esse,
920 1980 1055 2045 vinculis
1075 1980 1243 2056 liberatur3
1267 1982 1429 2066 permis-6

349 2089 495 2155 sumque,
526 2079 562 2131 ut
595 2065 723 2144 rediret,
753 2088 810 2131 seu
845 2065 982 2131 Romam
1012 2089 1069 2132 seu
1101 2065 1245 2153 Capuam
1281 2067 1404 2132 mallet.

350 2152 459 2220 ‘Nee'
473 2151 603 2241 Magius
615 2162 625 2190 ‘
636 2151 780 2241 Capuam
792 2152 852 2217 sibi
864 2151 980 2218 tutam'
993 2152 1100 2218 dicere
1108 2176 1117 2229 3
1143 2160 1194 2218 ‘et
1207 2151 1352 2218 Romam
1366 2177 1404 2220 eo

352 2248 523 2328 ‘tempora
547 2263 612 2328 quo
635 2239 719 2304 inter
741 2238 905 2303 Romanos
928 2237 1174 2325 Campanosque
1199 2237 1324 2304 bellum
1353 2242 1404 2317 sit,

352 2326 550 2412 ‘transfugae
573 2326 682 2412 magis,
699 2347 795 2411 quam
815 2323 957 2410 hospitis,
972 2324 1040 2390 fore
1060 2325 1266 2390 domicilium.
1316 2325 1406 2390 Nus-

352 2420 468 2497 ‘quam
488 2411 592 2488 malle,
608 2433 704 2497 quam
725 2411 759 2475 in
777 2433 811 2475 re
835 2432 877 2475 no
896 2411 975 2488 eius,
990 2411 1106 2489 vivere,
1123 2433 1219 2498 quem
1240 2411 1406 2478 vindicem

352 2506 403 2562 ‘at
427 2519 468 2561 ue
482 2508 644 2561 auctorem
659 2496 774 2562 babeat
788 2497 811 2560 li
852 2496 961 2562 rtatia’

242 2589 291 2649 11.
430 2605 485 2646 um
500 2582 579 2649 haec
598 2596 762 2669 geruntur,
781 2583 822 2658 Q
834 2583 950 2648 Fabius
964 2581 1074 2648 Pictor
1086 2583 1210 2670 legatus
1224 2607 1244 2648 a
1263 2583 1428 2736 Delphis.-

192 2671 296 2747 Redite
352 2665 491 2734 Romam
514 2668 619 2744 rediit,
643 2691 893 2756 responsumque
917 2691 958 2734 ex
982 2669 1099 2757 scripto
1122 2669 1276 2735 recitavit.
1363 2673 1427 2736 iris

192 2735 341 2862 113ξὲξὲζῇ
351 2777 480 2841 quoque
502 2753 536 2818 in
558 2775 597 2819 eo
619 2769 719 2832 erant,
740 2756 857 2842 quibus
879 2778 1008 2843 quoque
1030 2756 1126 2820 modo
1148 2756 1404 2844 supplicaretur:

192 2879 287 2914 manua
351 2853 429 2918 tum,
446 2839 502 2930 ‘Si
516 2841 561 2906 ita
574 2839 690 2918 faxitis,
707 2840 856 2918 Romani,
871 2853 991 2908 vestrae
1006 2864 1057 2906 res
1071 2842 1217 2908 meliores
1231 2842 1406 2909 faciliores-

352 2936 434 3014 ‘que
455 2941 565 2992 erunt:
590 2928 754 3027 magisque
769 2950 811 2992 ex
826 2928 985 2992 sententia
1003 2928 1180 3016 respublica
1195 2943 1301 2994 vestra
1315 2932 1406 2996 vobis

352 3015 530 3101 ‘procedat
546 3013 740 3101 victonaqne
761 3013 860 3079 duelli
880 3013 990 3102 populi
1012 3013 1152 3080 Romani
1167 3015 1235 3080 erit.
1283 3015 1313 3080 P
1338 3017 1407 3082 tbio
1477 3023 1478 3054 l

354 3100 531 3187 ‘Apollini,
556 3101 719 3188 republica
743 3113 847 3168 vestra
869 3101 951 3166 bene
977 3114 1066 3187 gesta
1087 3113 1285 3202 servataque,
1309 3041 1407 3170 literis

353 3186 494 3252 ‘meritis
513 3187 635 3254 donum
650 3187 812 3264 mittitote,
828 3186 933 3274 deque
953 3187 1082 3273 praeda,
1096 3188 1263 3265 manubiis,
1280 3190 1407 3276 spoliis-

352 3283 434 3359 ‘que
460 3274 615 3340 honorem
640 3273 808 3340 habetote:
841 3273 999 3339 lasciviam
1024 3297 1044 3338 a
1069 3274 1157 3339 vobis
1179 3274 1427 3360 prohibetote.'a
1476 3333 1477 3362 ,

389 3526 404 3572 4
426 3511 495 3569 Quae
524 3515 576 3558 tum
602 3511 630 3557 δη
657 3511 747 3558 ditione
773 3523 858 3572 rapum
891 3506 1007 3569 Appiano
1023 3506 1048 3556 in
1063 3507 1329 3560 belloHannssraliaot
1347 3515 1407 3562 aeni

349 3575 433 3634 vam]
454 3575 541 3630 Quum
559 3573 621 3621 haec
637 3571 751 3621 scaberet
766 3571 859 3630 livida,
888 3579 987 3634 moram
1005 3571 1119 3621 hirtonae
1135 3573 1266 3622 Romanae
1283 3577 1407 3640 ascriptis·

349 3640 462 3701 Cyrenaa
477 3637 571 3687 iamdiu
584 3643 654 3686 erant
670 3636 696 3686 in
712 3635 858 3699 duouapo·
890 3637 974 3695 amar,
994 3641 1022 3684 ut
1041 3637 1113 3685 docet
1132 3637 1225 3697 Livius,
1241 3637 1257 3686 i.
1272 3655 1315 3699 44.
1350 3641 1408 3690 Nec

350 3703 403 3764 puli
416 3701 532 3750 Romani.
549 3701 630 3751 Casu.
891 3700 985 3748 bellum
996 3700 1043 3748 hoc
1051 3700 1316 3758 solummodo,aedrer
1325 3711 1409 3766 gestas

383 3766 634 3826 5Ptolemaeire9ir]
655 3765 785 3826 Regnabat
799 3767 859 3813 tunc
892 3763 978 3825 populi
998 3764 1106 3812 Romani
1128 3764 1253 3814 universas
1274 3767 1409 3816 acfimndo

349 3827 376 3875 in
388 3829 501 3891 Aegypto
514 3829 671 3878 Ptolemaeus
682 3828 859 3890 Philopator,a
891 3827 1035 3888 complexus
1046 3828 1132 3877 luerat
1150 3829 1231 3878 Curru.

350 3891 494 3940 Ptolemaeo
507 3891 746 3954 Lagifilioquartua.
761 3893 842 3941 cmv.
923 3891 1015 3940 8Dt'oi
1031 3907 1126 3966 quoqne
1140 3894 1305 3956 insonant]
1331 3895 1408 3945 Raci-

382 3953 398 4004 6
421 3955 670 4014 Wmalbltlrratur]
695 3955 858 4018 Quippeiam
890 3956 997 4004 dandam
1024 3957 1169 4017 particulam
1196 3973 1297 4021 quaqua
1323 3969 1408 4010 cenaet

349 4015 407 4068 inde
426 4020 458 4067 ab
477 4019 509 4070 U.
521 4019 550 4069 C.
566 4030 622 4082 479.
642 4019 667 4066 in
685 4017 782 4067 foedera
801 4033 858 4068 cum
890 4018 962 4069 Crev.
979 4021 1097 4084 divaeque
1108 4020 1207 4069 coniicit
1219 4021 1331 4074 Beklrer.
1367 4026 1409 4074 Ad

349 4083 494 4134 Ptolemaeo
506 4083 671 4144 Philadelpho
683 4081 790 4131 Romani
801 4097 857 4132 con·
890 4084 1018 4144 aequantia
1028 4089 1166 4146 opportune
1177 4084 1236 4132 citat
1245 4085 1361 4138 Gronov.
1373 4091 1408 4138 lo

349 4147 426 4197 iuneti
437 4155 515 4208 erant,
522 4162 570 4208 quo
578 4146 666 4210 Pyrrhi
676 4145 784 4208 impetus
793 4161 857 4194 oom-
891 4161 947 4196 oum
963 4163 1003 4209 ap.
1015 4147 1068 4196 Cia
1083 4149 1115 4196 ad
1133 4147 1222 4198 Famil.
1236 4150 1267 4198 ri.
1280 4163 1304 4212 5.
1316 4153 1369 4202 Rea
1384 4161 1408 4202 et

351 4211 491 4273 primerent.
514 4211 545 4261 cl.
558 4211 661 4260 Niebhr.
672 4209 706 4258 iii.
717 4227 741 4260 n.
751 4225 806 4275 999.
884 4213 1005 4270 fortunae
1016 4219 1074 4262 rano
1084 4213 1189 4275 meotidis
1199 4215 1334 4274 faciliores
1344 4219 1408 4266 milti

383 4286 396 4335 7
414 4277 542 4333 wactas
550 4277 646 4336 Pictor]
660 4274 858 4336 Isipsaquibo-
890 4277 1032 4326 ornatum
1042 4277 1164 4325 videatur.

349 4337 859 4402 rumtemporumscripsithistoriam‚teate
926 4352 942 4402 9
960 4339 1097 4388 nauum
1116 4357 1132 4388 a
1151 4341 1217 4390 vobis
1234 4343 1405 4405 prohibente]
