2866 4770
370 243 437 305 480
760 233 875 300 ΤΙΤΙ
903 230 1041 299 LIVII

213 387 249 440 tt.
260 388 291 440 c.
307 381 383 453 548!
393 374 512 452 audiat,
527 375 595 460 ipse
610 371 721 438 diluat.
770 369 804 437 Si
819 372 991 460 quicquam
1011 371 1156 450 sceleris,
1173 369 1259 459 quod
1278 369 1391 435 homoir

212 455 244 504 Α*
261 454 292 504 ⁰·
308 461 538 526 eunomium
553 459 657 523 'edere
682 469 797 546 potest,
817 459 851 522 in
875 481 933 524 nos
956 459 1198 546 praetermisit;
1220 480 1283 522 non
1302 478 1391 520 meua

372 555 475 622 ‘mus,
490 546 570 633 quin
585 559 619 610 et
636 567 694 610 nos
714 544 823 609 omnia
841 545 954 610 eadem
974 547 1102 623 iterum,
1120 546 1151 608 si
1172 543 1240 632 pati
1256 564 1389 631 pumma

372 633 560 720 ‘patiamur,
572 643 605 696 et
620 630 674 695 ille
686 631 774 694 omni
787 630 896 696 divino
907 631 1116 717 humanoque
1130 631 1284 696 liberetur
1292 628 1389 692 stelae

263 727 312 788 19.
416 717 508 783 Haec
527 739 628 805 quum
649 716 815 803 ablegatis
833 716 920 782 dicta
937 728 1051 795 essent,
1068 718 1308 804 quaesissetque
1324 711 1389 778 abia

212 808 284 884 Fabri
295 825 348 858 ses
374 805 415 880 Q,
429 804 555 882 Fabius,
570 801 800 868 detulissentne
814 826 868 868 eas
883 801 1025 891 querelas
1039 803 1084 868 ad
1100 804 1140 869 P.
1160 805 1215 868 Sci
1239 804 1342 874 ionem;
1358 821 1388 860 rr·

213 877 321 985 min
372 891 578 979 sponderuut,
603 889 731 953 ‘missos
753 889 874 975 legatos
896 911 973 966 eme,
996 889 1052 954 sed
1077 913 1160 954 eum
1184 827 1260 954 beiti
1280 905 1386 974 sppauu·

213 986 584 1066 Scipionm‘occupatum
606 997 692 1040 esse:
724 988 758 1040 et
778 975 812 1038 in
838 975 980 1040 Africam
1003 988 1060 1040 aut
1085 976 1154 1040 iam
1185 974 1337 1048 traiecise,
1354 987 1386 1033 rut

373 1065 475 1130 ‘intra
496 1085 614 1151 paucos
635 1061 704 1125 dies
726 1062 939 1127 traiecturum.
986 1060 1038 1138 Et,
1062 1060 1169 1150 legati
1191 1061 1290 1148 gratia
1307 1072 1386 1144 qmnta

372 1159 473 1216 ‘esset
492 1149 579 1237 apud
599 1148 831 1234 imperatorem,
847 1159 993 1234 expertos
1012 1170 1102 1212 esse:
1128 1170 1247 1234 quum,
1262 1147 1386 1210 inteream

372 1245 383 1276 ‘
393 1250 428 1302 et
442 1236 584 1302 tribunos
604 1234 733 1320 cognita
751 1256 854 1310 causa,
872 1234 1014 1298 tribunos
1032 1235 1068 1298 in
1084 1234 1224 1298 vincula
1244 1229 1385 1300 coniecerit}

373 1323 421 1388 ‘le
463 1335 530 1388 tum
553 1341 654 1407 aeque
672 1332 806 1396 sontem,
828 1333 883 1384 aut
903 1319 1002 1406 magis
1024 1320 1137 1398 etiam,
1162 1321 1200 1384 in
1219 1342 1257 1384 ea
1276 1331 1386 1405 potestur

372 1418 428 1475 ‘re
441 1408 576 1496 iquerit’
619 1404 716 1470 Iussis
736 1405 891 1470 excedere
905 1427 923 1470 e
944 1406 1065 1492 templo
1085 1406 1220 1494 legatis,
1236 1428 1295 1469 non
1308 1400 1387 1466 Pleni·

372 1495 445 1560 nius
459 1494 564 1571 modo,
576 1491 739 1556 sedetiam
757 1490 874 1578 Scipio,
883 1492 1063 1580 principum
1076 1493 1282 1557 orationibus
1291 1487 1386 1554 larrnd
1416 1483 1417 1546 l

372 1580 461 1645 Ante
476 1601 585 1645 omnes
603 1577 644 1653 Q.
656 1576 781 1654 Fabius,
796 1591 907 1642 natum
927 1600 1001 1642 eum
1015 1577 1057 1642 ad
1077 1577 1339 1678 corrumpendam
1349 1573 1387 1634 dt·-

371 1666 521 1752 ciplinam
551 1663 731 1740 militarem,
757 1686 897 1750 uigorem.
943 1663 1018 1728 ‘Sic
1042 1677 1077 1729 et
1106 1665 1145 1728 in
1180 1657 1386 1752 Hspannfta

372 1759 489 1838 ‘prope
508 1773 566 1838 per
579 1749 769 1814 seditionem
784 1749 931 1826 militum,
947 1773 1043 1837 quam
1062 1749 1166 1828 bello,
1183 1753 1338 1815 amisum:
1354 1766 1386 1806 u·

373 1845 483 1903 ‘terno
512 1851 545 1902 at
574 1835 662 1923 regio
685 1858 773 1900 more
797 1848 831 1900 et
853 1835 1018 1922 indulgere
1043 1836 1204 1901 licentiae
1228 1835 1385 1924 militumrt

373 1924 511 1990 ‘saevire
523 1924 556 1987 in
572 1922 645 1987 eos’
691 1921 889 1986 Sententiam
901 1921 1017 1987 deinde
1033 1945 1138 2009 aeque
1157 1936 1284 1987 trucem
1293 1919 1396 1984 amnon:

371 2010 496 2076 adiecit.
543 2007 756 2073 ‘Pleminium
778 2007 918 2094 legatum
939 2009 1080 2072 vinctum
1105 2007 1256 2074 Romam
1272 2001 1384 2092 deportat¹

372 2105 383 2136 ‘
392 2097 528 2184 placere,
544 2107 578 2160 et
596 2116 638 2159 ex
657 2093 791 2159 vinculis
804 2095 936 2158 'causam
953 2094 1078 2158 dicere:
1103 2117 1156 2172 ac,
1174 2095 1203 2160 si
1222 2117 1294 2160 vera
1310 2092 1384 2156 somn*-

373 2192 474 2271 ‘quae
497 2181 672 2246 Locrenses
717 2193 913 2258 uererentur,
933 2180 968 2244 in
990 2203 1114 2245 carcere
1136 2181 1263 2258 necari,
1282 2181 1385 2258 bonique

373 2271 462 2334 ‘eius
484 2266 646 2355 publicari.
692 2203 729 2330 i.
745 2265 937 2354 Scipionem,
959 2265 1046 2353 quod
1066 2265 1107 2331 de
1127 2267 1298 2353 provincia
1314 2261 1385 2357 droa

372 2356 484 2420 ‘sisset
494 2355 614 2418 iniussu
625 2364 762 2428 senatus,
774 2353 927 2418 revocari:
951 2353 1065 2440 agique
1079 2375 1157 2417 cum
1171 2353 1306 2418 tribunis
1312 2347 1383 2436 plebs

371 2450 427 2507 ‘ut
441 2442 482 2506 de
502 2439 637 2530 imperio
656 2439 726 2504 eius
744 2437 926 2526 abrogando
944 2442 1064 2504 ferrent
1083 2437 1123 2503 ad
1146 2439 1312 2527 populum
1347 2431 1384 2528 111

372 2528 553 2593 ‘crensibus
575 2547 681 2590 coram
703 2537 847 2589 senatum
870 2525 1072 2612 respondere,
1096 2524 1195 2600 Quas
1218 2524 1335 2590 iniurias
1350 2517 1383 2580 ek

372 2613 488 2678 ‘factas
509 2624 728 2699 quererentur,
750 2633 803 2675 eas
828 2633 934 2697 neque
956 2623 1111 2688 senamm,
1134 2633 1253 2700 neque
1274 2603 1384 2698 populffl

370 2698 574 2764 ‘Romanum
589 2697 687 2762 factas
701 2696 791 2761 velle.
837 2695 931 2762 Viros
944 2697 1056 2774 bonos,
1067 2697 1255 2784 sociosque,
1264 2693 1384 2760 etauio}
1415 2733 1416 2740 1

371 2783 623 2885 ‘eosappellari:
645 2783 770 2860 liberos,
782 2782 942 2870 coniuges,
976 2805 1099 2869 uaeque
1110 2781 1179 2847 alia
1190 2797 1299 2870 erepta
1308 2789 1382 2843 esent·

371 2871 530 2936 ‘restitmz
554 2869 733 2958 pecuniam,
746 2882 869 3018 quanta
883 2891 924 2934 ex
981 2869 1097 2934 esauris
1115 2869 1324 2957 Proserpinae
1339 2861 1382 2925 alr
1415 2879 1416 2888 ’

371 2957 453 3022 ‘lata
467 2970 558 3033 esset,
574 2955 730 3041 conquiri,
770 2978 790 3018 u
813 2955 939 3043 lamque
954 2955 1122 3042 pecuniam
1140 2955 1180 3020 in
1197 2957 1382 3020 themurosrr

371 3052 381 3082 ‘
389 3045 484 3131 poni:
508 3056 541 3107 et
556 3065 679 3107 sacrum
699 2978 857 3128 piaculare
872 3041 952 3118 fieri,
969 3041 1015 3106 ita
1030 3055 1067 3106 ut
1085 3041 1179 3128 prius
1195 3042 1240 3106 ad
1258 3035 1382 3125 collegia

370 3129 578 3218 ‘pontificum
603 3127 782 3205 referretur,
806 3127 894 3229 quod
923 3126 1003 3206 sacri
1026 3127 1168 3192 thesauri
1202 3129 1291 3204 moti,
1312 3120 1382 3186 uuo

369 3224 504 3294 ‘essent
548 3237 607 3279 uae
626 3213 759 3301 piacula,
775 3215 891 3300 quibus
904 3213 975 3290 diis,
992 3214 1107 3301 quibus
1125 3212 1255 3290 hostiis,
1270 3205 1383 3293 fieritl·

369 3310 485 3367 ‘caret
572 3301 664 3378 ilites,
676 3299 733 3386 qui
748 3299 859 3364 Locris
870 3312 983 3376 essent,
994 3321 1105 3364 omnes
1115 3298 1150 3362 in
1169 3299 1310 3364 Siciliam
1319 3311 1383 3386 tm?

369 3387 524 3476 ‘portarir
556 3400 706 3472 quattuor
731 3385 876 3450 cohortes
899 3385 1056 3451 sociorum
1085 3384 1199 3450 Latini
1228 3381 1383 3451 nominisn

369 3473 580 3561 ‘praesidium
597 3473 716 3538 Locrm
736 3470 870 3536 adduci!
913 3471 1079 3558 Perrogari
1098 3493 1137 3536 eo
1157 3471 1217 3537 die
1237 3467 1395 3536 sententiar.-²

368 3559 507 3626 accensis
528 3559 642 3625 studiis
662 3578 720 3645 pro
745 3557 894 3645 Scipione
914 3571 948 3622 et
968 3557 1115 3622 adversus
1137 3555 1328 3644 Scipionem,
1342 3567 1384 3613 1111

368 3659 511 3747 potuere.
549 3645 680 3711 Praeter
694 3642 846 3724 Pleminii
860 3643 982 3708 facinus
996 3642 1276 3731 locrensiumque
1287 3637 1384 3707 aladen

369 3733 467 3820 ipsius
482 3731 578 3797 etiam
597 3730 795 3819 imperatoris
809 3751 874 3794 non
897 3729 1062 3794 Romanus
1076 3729 1184 3806 modo,
1200 3730 1262 3796 aed
1282 3751 1320 3792 ne
1332 3720 1385 3787 mili·

369 3819 444 3884 taris
469 3818 600 3905 quidem
624 3817 728 3883 cultus
753 3816 945 3880 iactabatur:
977 3823 1068 3881 ‘cum
1094 3814 1192 3904 pallio
1219 3812 1394 3902 crepidisqu'

403 3989 532 4037 rSasnirs
549 3990 577 4036 in
593 3989 645 4048 eor]
665 3987 788 4037 Invidiore
803 3991 875 4036 notat
939 3985 1119 4048 scimpodio
1130 3979 1297 4047 rrepr'dieqrrt]
1309 3976 1382 4029 Pali*r

367 4050 461 4100 Fabius
478 4051 627 4112 supplicium
647 4058 773 4113 sumptum
791 4066 808 4099 a
823 4051 874 4100 Sci-
907 4055 932 4098 et
954 4048 1068 4111 crepidae
1090 4047 1246 4097 Graecorum
1267 4054 1338 4096 eram
1362 4037 1383 4084 [t-

367 4113 442 4177 pione
453 4115 485 4162 do
498 4115 638 4164 auctoribus
651 4114 775 4165 reditionis
788 4115 875 4164 Sucin-
908 4113 994 4176 pallio,
1007 4117 1094 4162 notum
1104 4117 1150 4160 art.
1183 4111 1305 4172 Grepidra
1313 4123 1326 4156 ι
1335 4105 1382 4152 (⁴¹²⁵

367 4177 457 4226 namu·
472 4176 555 4226 carr.
908 4177 943 4226 cis
958 4175 1065 4226 maxime
1081 4181 1188 4238 gestatas
1201 4189 1257 4224 ene
1270 4173 1346 4222 surdo
1356 4179 1379 4206 1“

405 4254 421 4287 a
445 4241 579 4300 Perroyorr’
604 4257 632 4290 so
658 4243 697 4290 dis
725 4244 873 4302 warentias]
907 4241 1055 4301 itaquae
1077 4253 1145 4288 mere
1167 4237 1382 4286 ammte·

368 4300 521 4349 Deliberatio
536 4303 569 4350 ad
586 4303 659 4351 finam
675 4305 777 4364 perduci
790 4321 821 4354 eo
835 4306 876 4354 die
950 4301 1001 4362 llio,
1022 4303 1073 4350 xiii.
1097 4317 1135 4351 ao.
1157 4307 1183 4350 at
1205 4301 1298 4350 dhane
1318 4299 1383 4346 ΡΝ
1412 4297 1413 4360 l

368 4377 416 4408 11011
429 4363 517 4424 potuil-
533 4365 614 4412 011111.
908 4369 1018 4430 crepidas
1029 4369 1161 4416 (tram
1172 4367 1295 4428 appellat.
1306 4363 1347 4410 &2
1355 4369 1377 4402 11
