2878 4772
331 235 427 302 LIB.
453 233 620 304 XXVIII.
651 236 753 305 CAP.
780 246 830 306 18.
1047 246 1111 309 421

59 369 233 458 tranquillo
245 371 324 436 mari
338 371 511 459 plurimum
526 375 631 452 remis,
641 373 802 440 interdum
814 388 848 441 et
861 375 927 440 leni
941 375 1109 442 adiuvante
1120 388 1155 440 U.
1261 427 1267 442 .

58 470 167 536 vento,
189 457 223 521 in
248 457 391 523 Aiiicam
415 459 546 524 traiecit
593 460 687 526 Forte
709 462 755 526 ita
774 461 898 540 incidit,
921 475 958 527 ut
980 485 1019 528 eo
1040 465 1110 615 ipso
1118 455 1149 505 A.
1260 493 1267 506 ·

1072 573 1109 615 us

58 556 203 630 tempore
230 543 413 610 Hasdrubal
441 545 550 632 pulsus
580 544 747 634 Hispania,
778 561 899 636 septem
929 549 1049 613 triremi

56 642 187 716 portum
210 630 364 707 invectus,
389 633 513 696 ancoris
538 633 648 718 positis
673 646 774 698 terrae
798 634 970 722 applicaret
992 658 1106 713 naves3

57 739 160 802 quum
172 730 359 803 conspectae
374 716 457 782 duae
472 718 719 804 quinqueremes
733 719 819 785 haud
835 721 984 807 cuiquam
998 721 1107 800 dubio,

54 802 139 888 quin
164 801 304 868 hostium
330 817 444 880 essent,
470 804 672 891 opprimique
700 828 719 869 a
743 806 895 892 pluribus,
921 807 1106 894 priusquam

55 902 187 974 portum
207 889 371 962 intrarent,
387 904 525 976 possent,
541 889 623 955 nihil
644 889 739 968 aliud,
756 915 852 979 quam
874 892 1046 958 tumultum
1068 916 1105 959 ac

56 974 302 1062 trepidationem
317 975 412 1040 simul
430 976 565 1040 militum
582 999 618 1040 ac
633 990 810 1057 nautarum,
826 979 1040 1065 nequicquam
1055 1003 1105 1044 ar·

55 1082 174 1146 uiaque
197 1075 230 1126 et
250 1085 346 1126 naves
367 1063 618 1149 expedientium,
642 1062 795 1129 fecerunt.
841 1064 994 1130 Percussa
1017 1066 1105 1130 enim

54 1169 101 1212 ex
115 1147 179 1212 alto
193 1147 264 1212 vela
277 1147 385 1235 paullo
400 1148 511 1214 acriori
526 1163 621 1214 vento
636 1150 724 1236 prius
738 1151 772 1213 in
786 1163 913 1237 portum
928 1151 1105 1217 intulerunt

53 1234 137 1318 quin
162 1256 314 1311 ueremes,
329 1257 425 1321 quam
440 1234 543 1300 Poeni
557 1257 687 1300 ancoras
702 1235 896 1301 molirentur.
935 1236 1007 1302 Nec
1022 1237 1105 1302 ultra

56 1257 230 1384 tumtiltum
246 1321 328 1386 ciere
368 1322 415 1385 uis
440 1343 512 1385 uam
526 1322 559 1385 in
576 1323 664 1408 regio
683 1335 779 1422 portu
799 1323 944 1388 audebat.
990 1323 1103 1410 Itaque

53 1405 143 1493 prior
162 1407 196 1471 in
217 1419 331 1471 terram
344 1345 400 1471 ila
477 1407 539 1486 bal,
555 1430 631 1472 mox
649 1407 756 1495 Scipio
776 1421 810 1474 et
827 1407 956 1473 Laelius
975 1410 1102 1496 egressi,

53 1492 97 1556 ad
120 1515 225 1580 regem
248 1516 288 1580 pe
349 1506 394 1558 nt.
440 1493 716 1581 Magnificumque
736 1494 770 1558 id
793 1493 931 1583 Syphaci
946 1497 1103 1582 (necerat
1161 1495 1210 1556 18.

53 1579 162 1664 aliter)
176 1516 441 1657 visumfdiiorum
455 1579 764 1666 opulentissimorum
784 1604 823 1645 ea
842 1594 1028 1668 tempestate
1042 1581 1102 1646 du·
1111 1576 1254 1653 Hasdrqhar

52 1687 109 1730 ces
120 1665 313 1764 populorum
329 1689 393 1730 uno
408 1666 460 1731 die
476 1689 565 1730 suam
580 1689 691 1766 pacem
706 1667 942 1753 amicitiamque
957 1680 1102 1767 petentes
1110 1641 1260 1755 {ffl'ap

52 1774 186 1816 ventsse.
227 1751 409 1839 Utrumque
424 1753 459 1816 in
473 1752 646 1839 hospitium
661 1753 792 1830 invitat;
816 1766 858 1831 et,
874 1776 1026 1841 quomam
1040 1753 1136 1818 forato
1147 1769 1234 1831 recipi-

52 1860 109 1902 eos
123 1839 182 1903 sub
197 1861 262 1902 uno
277 1852 362 1903 tecto
376 1860 454 1916 esse,
470 1852 565 1925 atque
581 1838 622 1902 ad
636 1839 765 1904 eosdem
780 1852 922 1926 penates,
938 1839 1100 1904 voluisset:
1110 1837 1192 1881 untur.

52 1923 240 1990 contrahere
260 1923 301 1989 ad
316 1923 508 2009 colloquium
524 1924 773 1988 dirimendarum
787 1925 995 1990 simultatium
1009 1947 1104 1990 causa
1127 1953 1128 1956 ¹

52 2026 103 2076 est
128 2024 277 2088 conatus3
303 2009 452 2098 Scipione
478 2011 649 2087 abnuente,
670 2025 724 2074 aut
748 2012 895 2098 privatim
918 2011 978 2074 sibi
1001 2011 1102 2075 ullum

51 2119 128 2162 cum
143 2096 254 2162 Poeno
276 2096 386 2162 odium
408 2119 485 2175 esse,
505 2094 594 2182 quod
615 2095 827 2182 colloquendo
849 2097 964 2174 finiret,
985 2109 1041 2161 aut
1060 2096 1101 2162 de

51 2183 217 2270 republica
239 2207 272 2248 se
300 2205 373 2248 curn
398 2183 489 2248 hoste
516 2205 608 2269 agere
635 2183 807 2270 quicquam
831 2183 952 2247 iniussu
974 2196 1102 2248 senatus

51 2292 154 2357 posse.
201 2269 286 2334 Illud
308 2292 426 2357 magno
448 2293 467 2334 ο
509 2291 542 2333 re
566 2269 717 2333 tendente
737 2292 823 2356 rege,
839 2292 880 2333 ne
896 2268 976 2334 alter
994 2269 1101 2356 hospi·

52 2370 123 2420 tum
139 2356 285 2422 exclusus
300 2379 409 2421 mensa
421 2292 592 2431 vitieietur,
608 2367 645 2420 ut
664 2356 698 2418 in
718 2356 860 2420 animum
879 2355 1045 2420 induceret
1059 2353 1101 2418 ad

51 2442 181 2508 easdem
196 2444 303 2508 venire
324 2442 442 2529 epulas,
464 2442 550 2506 haud
573 2441 691 2506 abnuit
740 2442 984 2528 Coenatumque
1006 2439 1101 2506 simul

50 2529 140 2616 apud
162 2552 270 2616 regem
291 2542 357 2595 cst:
380 2543 414 2594 et
433 2528 546 2594 eodem
567 2528 663 2593 etiarn
682 2528 766 2594 lecto
783 2528 890 2616 Scipio
904 2542 1000 2614 atque
1017 2526 1101 2592 Has·

50 2615 166 2680 drubal
180 2617 272 2702 (quia
290 2617 336 2680 ita
355 2615 444 2680 cordi
464 2628 531 2680 erat
550 2615 633 2701 regi)
648 2616 871 2680 accubuerunt.
917 2613 1024 2680 Tanta
1044 2624 1247 2738 rau-{plipiitqp'uet

51 2717 119 2768 tem
142 2702 244 2766 inerat
263 2701 394 2767 comitas
413 2700 565 2789 Scipioni,
581 2714 677 2788 atque
698 2701 739 2767 ad
759 2701 866 2766 omnia
885 2700 1036 2766 naturalis
1050 2701 1101 2765 in·
1108 2753 1248 2804 mrim

49 2789 142 2876 genii
155 2787 337 2866 dexteritas,
353 2802 470 2852 utnon
486 2786 665 2876 Syphacem
686 2789 790 2866 modo,
807 2788 973 2853 barbarum
993 2789 1101 2853 insue-

51 2891 187 2962 tumque
203 2875 343 2940 moribus
355 2874 519 2952 Romanis,
531 2874 587 2940 sed
603 2874 727 2939 hostem
741 2875 837 2939 etiam
852 2874 1099 2952 infestissimum,

49 2960 189 3026 facunde
210 2960 403 3048 alloquendo
417 2961 478 3026 sibi
492 2960 691 3034 conciliaret;
717 2958 1025 3044 ‘mirabilioremque
1040 2959 1100 3024 sibi

52 3056 150 3110 ‘eum
164 3047 268 3111 virum
282 3069 449 3146 congresso
461 3069 566 3110 coram
577 3045 691 3108 visum'
702 3066 777 3143 prae
793 3065 826 3107 se
841 3044 971 3120 ferebat,
985 3052 995 3082 ‘
1003 3066 1100 3130 quam

53 3132 159 3198 ‘bello
174 3134 267 3198 rebus
281 3147 393 3221 gestis:
416 3154 476 3196 nec
491 3130 647 3207 dubitare,
659 3152 739 3215 qum
756 3128 886 3216 Syphax
901 3151 1099 3215 regnumque
1110 3138 1250 3214 hunnus

52 3218 145 3282 ‘eius
168 3220 232 3283 iam
255 3220 289 3283 in
313 3220 530 3284 Romanorum
554 3230 659 3280 essent
681 3227 846 3302 potestate.
893 3213 974 3279 Eam
1000 3227 1100 3280 artem
1108 3203 1235 3318 ξξάξὲιξὲ

52 3315 63 3344 ‘
74 3303 123 3368 illi
144 3306 211 3370 viro
234 3306 275 3370 ad
298 3304 512 3371 conciliandos
535 3302 657 3368 animos
680 3324 757 3366 esse.
802 3300 917 3388 Itaque
941 3324 1016 3378 non,
1058 3325 1100 3366 uo

52 3391 173 3455 ‘modo
189 3391 363 3478 Hispaniae
379 3391 509 3456 amissae
525 3389 598 3465 sint,
613 3387 831 3474 quaerendum
850 3387 994 3474 mngisC
1067 3410 1101 3452 a·

51 3477 271 3563 ‘giniensibus
291 3501 368 3554 esse,
385 3499 491 3563 quam,
507 3498 572 3560 quo
591 3474 686 3538 modo
702 3473 844 3540 Africam
864 3475 1032 3550 retineant,
1047 3496 1101 3538 co-

52 3563 251 3650 ‘gitandum
299 3563 376 3628 Non
395 3559 717 3649 peregrinabundum,
732 3582 839 3645 neque
855 3561 937 3623 circa
952 3581 1100 3624 amoenas

52 3661 146 3714 ‘oras
156 3674 177 3715 r
217 3663 324 3714 antem
339 3662 463 3714 tantum
478 3647 593 3713 ducem
610 3646 802 3722 Romanurn,
815 3644 925 3712 relicta
938 3645 1101 3732 provincia

51 3748 62 3778 ‘
75 3673 330 3814 novaeaditionia
342 3734 460 3800 relictis
470 3733 671 3809 exercitibus,
684 3730 807 3795 duabus
821 3731 953 3796 navibus
968 3732 1001 3795 in
1014 3731 1102 3795 Afri-

51 3833 147 3888 ‘cam
169 3823 327 3889 traiecisse
351 3843 417 3886 sese
442 3821 476 3884 in
497 3819 644 3884 hostilem
664 3833 793 3895 terram,
808 3817 928 3904 regiam
949 3817 983 3882 in
1002 3818 1101 3884 fidem

17 3910 293 3996 7finexpertam:
323 3907 380 3972 sed
453 3905 581 3970 tiundae
612 3904 740 3969 Africae
770 3926 859 3990 spem
888 3904 1099 3970 affectantem.

48 3995 151 4062 lHoc
174 4018 247 4061 eum
270 3997 333 4060 iam
355 3929 480 4081 priddm
495 3990 634 4057 volutare
655 3991 689 4056 in
709 3991 826 4067 animo,
840 3989 902 4056 boc
921 3991 1024 4079 palam
1039 3991 1102 4056 fre·

88 4163 168 4226 yser!
178 4165 314 4227 potiundae
325 4163 429 4221 Asn'coc
443 4175 510 4222 rpem
524 4160 562 4219 qr·
596 4174 617 4207 v.
641 4169 694 4221 377.
716 4174 775 4206 nam
797 4175 853 4222 apat
876 4159 975 4222 affectat
999 4157 1105 4214 amdan,

40 4231 196 4292 sectantem]
215 4227 370 4276 Tendentenr
387 4225 419 4274 ad
434 4239 502 4285 apem
521 4237 562 4284 po
595 4223 677 4273 Canu.

49 4293 156 4343 tiundae
173 4292 278 4346 Africae.
311 4291 351 4340 Sic
369 4288 442 4339 Orid.
459 4288 562 4342 Meam.
