2866 4770
334 222 430 292 LIB.
455 223 569 290 XXX.
605 223 715 290 CAP.
742 230 791 290 12.
1023 229 1086 290 513

41 359 193 448 equisque
214 359 404 436 abundabat,
426 372 463 424 ut
482 359 642 424 subiectae
662 358 762 424 oculis
781 359 872 446 regni
892 381 950 447 per
969 359 1086 426 multos
1095 376 1130 427 u.
1142 376 1172 428 c.
1188 389 1245 442 549·

40 446 179 511 florentis
199 469 299 512 annos
312 446 394 510 vires
414 446 510 510 etiam
525 445 631 511 minus
650 446 781 511 barbaro
798 461 894 533 atque
915 446 1085 546 impotenti
1096 442 1125 492 b
1143 442 1173 492 ⁰·
1189 455 1245 504 ²03·

40 533 145 597 animo
166 532 295 619 spiritus
315 545 445 619 possent
463 532 575 596 facere.
621 531 724 618 Igitur
745 533 902 611 omnibus,
921 555 977 619 qur
1001 533 1111 599 bellos
1146 540 1195 589 hex

39 641 59 683 a
80 619 104 682 ti
133 632 233 696 erant,
262 618 298 682 in
326 640 427 683 unum
456 618 573 682 coactis
601 641 619 682 e
645 639 710 695 uos,
741 640 836 695 arura,
866 619 931 684 tela
958 605 1123 686 dividit.be
1144 617 1233 654 ΨΜ

17 715 31 764 3
69 705 174 792 quites
193 703 228 767 in
249 717 378 780 turmas,
392 703 516 790 pedites
536 705 571 768 in
592 641 748 780 cdhortes,
763 705 846 770 sicut
859 704 1022 790 quondam
1042 706 1082 771 ab
1091 683 1152 732 para
1152 674 1170 719 t*

40 789 194 856 Romanis
201 789 440 855 centurionibus
449 789 613 867 didicerat,
623 789 791 856 distribuit.
831 791 986 856 Exercitu
996 791 1083 858 haud

38 878 170 954 minore,
191 899 287 964 qnam
308 899 405 964 quem
425 877 513 964 prius
530 876 692 953 habuerat,
711 888 852 942 ostentm
872 878 961 942 omni
982 901 1082 965 prope

37 986 120 1029 novo
135 977 231 1050 atque
251 963 426 1040 incondito,
441 963 488 1028 ire
508 962 550 1027 ad
572 963 677 1028 hostes
696 964 808 1050 pergit.
855 962 909 1041 Et,
925 964 1033 1028 castris
1047 965 1082 1028 in

37 1050 217 1137 propinquo
232 1049 351 1136 positis,
367 1049 471 1136 primo
485 1049 578 1150 pauci
594 1049 718 1135 equites
737 1072 779 1113 ex
794 1060 864 1114 tuto
883 1049 1082 1137 speculantes
1184 1059 1186 1066 ’

37 1137 76 1200 ab
90 1136 277 1202 stationibus
294 1135 460 1236 progredi3
484 1135 560 1200 inde
575 1134 684 1200 iaculis
698 1136 848 1200 summoti
865 1158 1026 1202 recurrere
1041 1135 1083 1201 ad

37 1245 125 1287 suos:
149 1222 225 1286 inde
240 1244 443 1287 excursrones
462 1222 498 1286 in
511 1221 614 1286 vicem
628 1221 708 1299 fieri,
723 1235 766 1300 et,
782 1245 882 1310 quum
902 1222 1009 1310 pulsos
1032 1223 1082 1287 in·

36 1307 179 1396 dignatio
193 1308 390 1386 accenderet,
402 1308 509 1396 plures
523 1308 644 1374 subire:
669 1307 757 1396 quod
768 1309 999 1375 irritamentum
1013 1331 1083 1374 cer-

36 1395 192 1460 taminum
211 1394 406 1481 equestrium
432 1406 489 1471 est,
510 1417 611 1481 quum
634 1409 690 1460 aut
709 1395 909 1462 vincentibus
928 1418 1008 1483 spes,
1027 1406 1083 1460 aut

36 1481 133 1568 pulsis
147 1481 195 1546 im
208 1492 357 1581 aggregat
371 1503 451 1546 suos.
498 1480 550 1545 Ita
564 1493 632 1546 tum
647 1504 667 1545 a
680 1481 790 1568 paucis
804 1481 923 1569 proelio
938 1504 1081 1558 accenso,

37 1590 164 1632 omnem
184 1579 280 1631 utum
304 1590 344 1632 ue
365 1579 525 1653 postremo
542 1567 720 1653 equitatum
740 1568 921 1633 certaminis
940 1568 1083 1634 studium

13 1655 156 1720 4effudit.
203 1653 263 1729 Ac,
280 1589 358 1718 dum
378 1653 536 1718 sincerum
550 1667 696 1740 equestre
711 1654 867 1740 proelium
882 1668 958 1732 erat,
974 1653 1206 1736 multi-Vincitur
1216 1674 1233 1707 α

36 1740 114 1805 tudo
137 1739 396 1827 Masaesylorum,
419 1741 562 1827 ingentia
582 1740 710 1826 agmina
737 1739 882 1828 Syphace
904 1725 1231 1838 emittenmfflffi

35 1825 182 1890 sustineri
197 1825 252 1890 vix
265 1837 406 1912 poterat:
431 1825 558 1904 deinde,
569 1839 606 1892 ut
620 1826 719 1912 pedes
733 1827 900 1892 Romanus
914 1828 1082 1915 repentino

76 1935 92 1976 r
118 1923 237 1975 turmas
263 1932 334 1974 suas
360 1910 442 1974 viam
469 1911 580 1976 dantes
609 1912 788 1976 intercursu
810 1912 955 1977 stabilem
981 1914 1083 1978 aciem

34 1935 121 2073 iabit,
142 1996 373 2082 absterruitque
396 1997 494 2062 effirse
514 1996 719 2062 invehentem
739 2019 806 2062 sese
826 1997 961 2074 hostem,
979 1999 1083 2086 primo

34 2083 160 2148 barbari
181 2082 311 2169 segnius
331 2082 515 2169 permittere
538 2105 653 2169 equos3
681 2083 800 2149 deinde
821 2095 903 2149 stare
925 2107 962 2150 ac
983 2107 1082 2172 prope

35 2169 156 2235 turbari
175 2191 262 2234 novo
282 2191 400 2256 genere
417 2190 564 2256 pugnae3
587 2181 755 2257 postremo,
773 2191 839 2236 non
859 2169 961 2271 pediti
981 2170 1083 2236 solum

35 2256 159 2333 cedere,
176 2255 233 2320 scd
248 2277 289 2319 ne
304 2255 446 2342 equitem
461 2255 593 2343 quidem
612 2257 777 2334 sustinere,
793 2256 910 2344 peditis
924 2257 1083 2345 praesidio

35 2342 217 2408 audentem.
264 2339 332 2406 Iam
348 2341 371 2407 s'
418 2365 580 2428 equoque
598 2341 759 2430 legionum
776 2344 1081 2432 appropinquabant

36 2429 123 2494 Tum
143 2451 219 2495 vero
240 2427 411 2517 Masaesyi
427 2451 492 2492 non
512 2428 608 2493 modo
628 2429 773 2515 primum·
786 2431 952 2517 impetum,
968 2430 1025 2496 sed
1040 2453 1082 2495 ne

35 2527 241 2603 conspectum
263 2514 395 2601 quidem
420 2514 584 2615 signorum
607 2528 703 2615 atque
730 2538 898 2595 armorum,
922 2516 1081 2582 tulerunt:

35 2614 161 2667 tantum
175 2624 232 2666 seu
247 2601 400 2666 memoria
418 2623 559 2688 pnorum
579 2600 728 2679 cladium,
744 2625 800 2668 seu
820 2625 967 2690 praesens
982 2615 1084 2670 terror

35 2687 142 2752 valuit.
188 2687 238 2752 Ibi
270 2686 411 2776 Syphax,
441 2686 519 2752 dum
549 2689 713 2775 obequitat
739 2689 878 2756 hostium
908 2690 1029 2768 turmis,
1055 2690 1082 2755 si
1142 2694 1192 2754 12.

34 2774 167 2874 pudore,
183 2774 210 2837 si
224 2773 365 2860 periculo
381 2796 439 2839 suo
453 2774 560 2862 firgam
583 2775 691 2840 sistere
711 2789 826 2862 posset,
843 2799 927 2863 equo
946 2775 1204 2863 maneronta·

35 2879 109 2938 reto,
130 2861 248 2926 effusus
270 2860 461 2948 opprimitur
479 2862 677 2947 capiturque,
692 2874 727 2924 et
747 2862 847 2939 vivus,
865 2863 986 2928 laetum
1008 2875 1082 2928 aute

35 2969 175 3098 omrqrephi
172 2945 359 3012 Masinissae
385 2946 584 3033 praebiturus
613 2946 838 3032 spectacrdum,
865 2946 907 3010 ad
937 2947 1083 3013 Laelium

177 3046 236 3098 tur.

35 3055 174 3184 peCirta
187 3129 283 3206 caput
296 3117 387 3204 regni
405 3116 559 3204 Syphacis
573 3128 657 3182 erat:
682 3137 722 3180 eo
736 3139 770 3181 se
787 3117 902 3204 ingens
916 3117 1084 3184 hominum

35 3205 171 3270 contulit
189 3205 245 3269 vis.
293 3203 418 3270 Caedes
437 3203 472 3266 in
492 3225 531 3268 eo
550 3202 672 3290 proelio
691 3203 804 3281 minor,
826 3226 923 3290 quam
940 3205 1082 3283 victoria,

34 3293 106 3369 fuit,
156 3292 209 3356 uia
234 3290 373 3377 equestri
399 3287 621 3355 tantummodo
646 3289 767 3376 proelio
793 3301 948 3355 certatum
970 3290 1080 3357 firerat.

37 3377 115 3442 Nou
126 3315 198 3465 pius
209 3377 352 3464 quinque
364 3375 464 3440 millia
477 3374 589 3452 occisa,
604 3375 710 3440 minus
719 3375 888 3442 dimidium
897 3377 965 3442 eius
980 3377 1083 3442 homi·

36 3487 115 3529 num
130 3476 259 3551 captum
278 3475 336 3542 est,
351 3463 474 3549 impetu
489 3461 524 3524 in
544 3473 645 3526 castra
657 3461 751 3540 facto,
768 3484 833 3549 quo
892 3462 994 3528 rculsa
1007 3485 1082 3550 rege

36 3551 150 3616 amisso
164 3549 337 3615 multitudo
354 3571 387 3613 se
402 3545 586 3613 contulerat.
633 3545 811 3627 Masinissa,
829 3557 839 3587 ‘
872 3549 917 3614 ibi
932 3549 1083 3649 quidem,'

36 3636 153 3714 dicere,
171 3635 271 3700 ‘nihil
292 3658 359 3701 asse
374 3635 410 3700 in
429 3633 606 3722 praesentia
643 3633 792 3712 ulchrius,
808 3657 905 3721 quam
919 3647 1080 3714 victorem,

37 3730 278 3811 ‘recuperatum
300 3733 389 3787 tanto
407 3733 479 3809 post
496 3721 598 3786 interr
642 3743 671 3798 0,
692 3720 830 3808 patrium
853 3720 987 3788 invisere
1010 3745 1082 3811 reg·

37 3817 47 3848 ‘
58 3831 154 3874 num:
178 3807 235 3874 sed
256 3821 322 3874 tam
343 3807 500 3885 secundis,
521 3829 618 3908 quam
640 3805 787 3884 adverda
810 3808 904 3872 rebus
925 3830 991 3872 uon
1012 3809 1082 3875 dari

37 3896 194 3982 ‘spatium
209 3895 251 3960 ad
264 3893 460 3959 cessandum.
508 3891 543 3957 Si
562 3916 596 3958 se
611 3891 740 3958 Laelius
759 3915 833 3958 cum
852 3895 998 3982 equitatu
1011 3897 1082 3961 vin-

38 3991 174 4071 ‘ctoque
197 3979 342 4069 Syphace
365 3978 488 4045 Cirtam
508 3979 696 4066 praecedere
716 3980 809 4059 sinat,
828 3981 953 4068 trepida
975 3983 1082 4048 omnia

38 4076 146 4134 ‘metu
168 4091 201 4133 se
222 4088 461 4155 oppressurum:
487 4065 633 4132 Laelium
655 4090 728 4132 cum
750 4066 910 4155 peditibus
932 4069 1081 4157 subsequi
1132 4155 1134 4161 k

70 4249 84 4297 3
100 4239 140 4286 Ar
157 4238 275 4286 Romanis
292 4233 487 4293 ammonam]
511 4233 542 4284 ci.
575 4236 654 4283 lorum
665 4235 775 4297 equitum
789 4235 919 4297 proelium,
929 4233 1005 4282 nullis
1015 4232 1081 4296 pedi.

37 4301 109 4363 sul'f·
120 4300 187 4350 niv·
197 4301 238 4362 4⁸·
575 4299 640 4348 tibus
650 4313 676 4348 sa
686 4299 709 4348 ei
719 4297 919 4348 immiscentibus.
936 4298 1018 4347 cmv.

70 4367 229 4492 tvmm
236 4371 345 4428 aquaem
353 4364 487 4427 proelium]
500 4363 542 4412 So·
863 4443 882 4486 L
898 4421 909 4485 l
