<?xml version="1.0" encoding="UTF-8"?>
<!DOCTYPE html PUBLIC "-//W3C//DTD XHTML 1.0 Transitional//EN"
    "http://www.w3.org/TR/xhtml1/DTD/xhtml1-transitional.dtd">
<html xmlns="http://www.w3.org/1999/xhtml" xml:lang="en" lang="en">
 <head>
  <title>
</title>
<meta http-equiv="Content-Type" content="text/html;charset=utf-8" />
  <meta name='ocr-system' content='tesseract 3.04.00' />
  <meta name='ocr-capabilities' content='ocr_page ocr_carea ocr_par ocr_line ocrx_word'/>
</head>
<body>
  <div class='ocr_page' id='page_1' title='image "./tliviipatavinih00kreygoog_0246.png"; bbox 0 0 2888 4768; ppageno 0'>
   <div class='ocr_carea' id='block_1_1' title="bbox 346 219 1086 295">
    <p class='ocr_par' dir='ltr' id='par_1_1' title="bbox 346 219 1086 295">
     <span class='ocr_line' id='line_1_1' title="bbox 346 219 1086 295; baseline 0.014 -10"><span class='ocrx_word' id='word_1_1' title='bbox 346 219 442 286; x_wconf 91' lang='lat' dir='ltr'><strong>LIB.</strong></span> <span class='ocrx_word' id='word_1_2' title='bbox 466 221 576 289; x_wconf 86' lang='lat' dir='ltr'><strong>XXV.</strong></span> <span class='ocrx_word' id='word_1_3' title='bbox 612 222 721 290; x_wconf 84' lang='lat' dir='ltr'><strong>OAP.</strong></span> <span class='ocrx_word' id='word_1_4' title='bbox 746 229 775 288; x_wconf 85' lang='lat'><strong>5.</strong></span> <span class='ocrx_word' id='word_1_5' title='bbox 1024 232 1086 295; x_wconf 75' lang='lat' dir='ltr'><strong>aab</strong></span> 
     </span>
    </p>
   </div>
   <div class='ocr_carea' id='block_1_2' title="bbox 30 354 1245 630">
    <p class='ocr_par' dir='ltr' id='par_1_2' title="bbox 30 354 1245 630">
     <span class='ocr_line' id='line_1_2' title="bbox 31 354 1244 446; baseline 0.007 -26"><span class='ocrx_word' id='word_1_6' title='bbox 31 356 71 420; x_wconf 88' lang='lat' dir='ltr'><strong>ni</strong></span> <span class='ocrx_word' id='word_1_7' title='bbox 88 354 187 420; x_wconf 84' lang='lat' dir='ltr'><strong>vades</strong></span> <span class='ocrx_word' id='word_1_8' title='bbox 206 354 306 434; x_wconf 80' lang='lat' dir='ltr'><strong>daret,</strong></span> <span class='ocrx_word' id='word_1_9' title='bbox 321 357 477 444; x_wconf 87' lang='lat' dir='ltr'>prehendi</span> <span class='ocrx_word' id='word_1_10' title='bbox 492 381 511 422; x_wconf 92' lang='lat' dir='ltr'><strong>a</strong></span> <span class='ocrx_word' id='word_1_11' title='bbox 529 357 659 436; x_wconf 87' lang='lat' dir='ltr'><strong>viatore,</strong></span> <span class='ocrx_word' id='word_1_12' title='bbox 675 371 770 446; x_wconf 90' lang='lat' dir='ltr'><strong>atque</strong></span> <span class='ocrx_word' id='word_1_13' title='bbox 791 359 826 423; x_wconf 88' lang='lat' dir='ltr'><strong>in</strong></span> <span class='ocrx_word' id='word_1_14' title='bbox 840 379 998 426; x_wconf 78' lang='lat' dir='ltr'><strong>carcerem</strong></span> <span class='ocrx_word' id='word_1_15' title='bbox 1012 362 1087 428; x_wconf 90' lang='lat' dir='ltr'><strong>duci</strong></span> <span class='ocrx_word' id='word_1_16' title='bbox 1098 377 1132 428; x_wconf 79' lang='grc' dir='ltr'><strong>υ.</strong></span> <span class='ocrx_word' id='word_1_17' title='bbox 1144 378 1173 428; x_wconf 81' lang='lat'><strong>0.</strong></span> <span class='ocrx_word' id='word_1_18' title='bbox 1189 389 1244 442; x_wconf 76' lang='lat'><strong>540·</strong></span> 
     </span>
     <span class='ocr_line' id='line_1_3' title="bbox 31 443 1245 524; baseline 0.007 -18"><span class='ocrx_word' id='word_1_19' title='bbox 31 443 209 509; x_wconf 84' lang='lat' dir='ltr'><strong>iusserunt</strong></span> <span class='ocrx_word' id='word_1_20' title='bbox 255 443 446 522; x_wconf 79' lang='lat' dir='ltr'><strong>Postumius,</strong></span> <span class='ocrx_word' id='word_1_21' title='bbox 467 444 600 510; x_wconf 81' lang='lat' dir='ltr'><strong>vadibus</strong></span> <span class='ocrx_word' id='word_1_22' title='bbox 617 445 707 524; x_wconf 87' lang='lat' dir='ltr'><strong>datis,</strong></span> <span class='ocrx_word' id='word_1_23' title='bbox 724 469 789 510; x_wconf 91' lang='lat' dir='ltr'><strong>non</strong></span> <span class='ocrx_word' id='word_1_24' title='bbox 808 447 905 512; x_wconf 86' lang='lat' dir='ltr'><strong>affuit.</strong></span> <span class='ocrx_word' id='word_1_25' title='bbox 952 443 1127 514; x_wconf 52' lang='lat' dir='ltr'><strong>&#39;li-ibuniss</strong></span> <span class='ocrx_word' id='word_1_26' title='bbox 1144 443 1174 494; x_wconf 80' lang='lat'><strong>⁰·</strong></span> <span class='ocrx_word' id='word_1_27' title='bbox 1190 457 1245 493; x_wconf 63' lang='grc' dir='ltr'><strong>Μ·</strong></span> 
     </span>
     <span class='ocr_line' id='line_1_4' title="bbox 30 529 1089 630; baseline 0.01 -38"><span class='ocrx_word' id='word_1_28' title='bbox 30 529 169 616; x_wconf 87' lang='lat' dir='ltr'>plebem</span> <span class='ocrx_word' id='word_1_29' title='bbox 184 543 382 616; x_wconf 77' lang='lat' dir='ltr'><strong>rogaverunt,</strong></span> <span class='ocrx_word' id='word_1_30' title='bbox 392 531 568 630; x_wconf 73' lang='lat' dir='ltr'>plebesque</span> <span class='ocrx_word' id='word_1_31' title='bbox 583 532 628 597; x_wconf 89' lang='lat' dir='ltr'><strong>ita</strong></span> <span class='ocrx_word' id='word_1_32' title='bbox 641 533 749 598; x_wconf 89' lang='lat' dir='ltr'><strong>scivit:</strong></span> <span class='ocrx_word' id='word_1_33' title='bbox 775 531 829 598; x_wconf 89' lang='lat' dir='ltr'><strong>‘Si</strong></span> <span class='ocrx_word' id='word_1_34' title='bbox 845 533 893 598; x_wconf 78' lang='lat' dir='ltr'>M</span> <span class='ocrx_word' id='word_1_35' title='bbox 906 534 1089 603; x_wconf 82' lang='lat' dir='ltr'><strong>Postumius</strong></span> 
     </span>
    </p>
   </div>
   <div class='ocr_carea' id='block_1_3' title="bbox 5 615 1246 1141">
    <p class='ocr_par' dir='ltr' id='par_1_3' title="bbox 5 615 1246 1141">
     <span class='ocr_line' id='line_1_5' title="bbox 32 615 1089 706; baseline 0.008 -26"><span class='ocrx_word' id='word_1_36' title='bbox 32 626 138 680; x_wconf 85' lang='lat' dir='ltr'><strong>‘ante</strong></span> <span class='ocrx_word' id='word_1_37' title='bbox 156 615 318 682; x_wconf 80' lang='lat' dir='ltr'><strong>Kalendas</strong></span> <span class='ocrx_word' id='word_1_38' title='bbox 332 617 436 684; x_wconf 84' lang='lat' dir='ltr'><strong>Maras</strong></span> <span class='ocrx_word' id='word_1_39' title='bbox 450 640 516 683; x_wconf 92' lang='lat' dir='ltr'><strong>non</strong></span> <span class='ocrx_word' id='word_1_40' title='bbox 530 618 694 705; x_wconf 80' lang='lat' dir='ltr'>prodisset,</span> <span class='ocrx_word' id='word_1_41' title='bbox 710 619 886 706; x_wconf 77' lang='lat' dir='ltr'><strong>citatusque</strong></span> <span class='ocrx_word' id='word_1_42' title='bbox 901 644 940 686; x_wconf 90' lang='lat' dir='ltr'><strong>eo</strong></span> <span class='ocrx_word' id='word_1_43' title='bbox 954 621 1007 687; x_wconf 91' lang='lat' dir='ltr'><strong>die</strong></span> <span class='ocrx_word' id='word_1_44' title='bbox 1022 645 1089 688; x_wconf 87' lang='lat' dir='ltr'><strong>non</strong></span> 
     </span>
     <span class='ocr_line' id='line_1_6' title="bbox 5 703 1089 790; baseline 0.005 -20"><span class='ocrx_word' id='word_1_45' title='bbox 5 703 284 790; x_wconf 90' lang='lat' dir='ltr'><strong>9‘respondisset,</strong></span> <span class='ocrx_word' id='word_1_46' title='bbox 300 727 405 790; x_wconf 89' lang='lat' dir='ltr'><strong>neque</strong></span> <span class='ocrx_word' id='word_1_47' title='bbox 427 720 593 770; x_wconf 89' lang='lat' dir='ltr'><strong>excusatus</strong></span> <span class='ocrx_word' id='word_1_48' title='bbox 607 719 698 783; x_wconf 89' lang='lat' dir='ltr'><strong>esset,</strong></span> <span class='ocrx_word' id='word_1_49' title='bbox 716 705 814 771; x_wconf 90' lang='lat' dir='ltr'><strong>videri</strong></span> <span class='ocrx_word' id='word_1_50' title='bbox 834 729 908 772; x_wconf 89' lang='lat' dir='ltr'><strong>eum</strong></span> <span class='ocrx_word' id='word_1_51' title='bbox 923 707 958 771; x_wconf 91' lang='lat' dir='ltr'><strong>in</strong></span> <span class='ocrx_word' id='word_1_52' title='bbox 976 709 1089 775; x_wconf 84' lang='lat' dir='ltr'><strong>exsilio</strong></span> 
     </span>
     <span class='ocr_line' id='line_1_7' title="bbox 9 791 1089 881; baseline 0.01 -29"><span class='ocrx_word' id='word_1_53' title='bbox 9 799 44 852; x_wconf 87' lang='lat'><strong>1‘</strong></span> <span class='ocrx_word' id='word_1_54' title='bbox 53 812 148 858; x_wconf 77' lang='lat' dir='ltr'><strong>esser</strong></span> <span class='ocrx_word' id='word_1_55' title='bbox 171 791 318 877; x_wconf 88' lang='lat' dir='ltr'><strong>bonaque</strong></span> <span class='ocrx_word' id='word_1_56' title='bbox 334 791 402 856; x_wconf 87' lang='lat' dir='ltr'><strong>eius</strong></span> <span class='ocrx_word' id='word_1_57' title='bbox 416 791 532 868; x_wconf 88' lang='lat' dir='ltr'><strong>venire,</strong></span> <span class='ocrx_word' id='word_1_58' title='bbox 549 792 609 880; x_wconf 92' lang='lat' dir='ltr'><strong>ipsi</strong></span> <span class='ocrx_word' id='word_1_59' title='bbox 629 815 711 878; x_wconf 87' lang='lat' dir='ltr'><strong>aqua</strong></span> <span class='ocrx_word' id='word_1_60' title='bbox 725 805 757 857; x_wconf 92' lang='lat' dir='ltr'><strong>et</strong></span> <span class='ocrx_word' id='word_1_61' title='bbox 771 793 781 856; x_wconf 93' lang='lat' dir='ltr'><strong>i</strong></span> <span class='ocrx_word' id='word_1_62' title='bbox 828 793 839 856; x_wconf 95' lang='lat' dir='ltr'><strong>i</strong></span> <span class='ocrx_word' id='word_1_63' title='bbox 852 793 975 881; x_wconf 89' lang='lat' dir='ltr'><strong>placere</strong></span> <span class='ocrx_word' id='word_1_64' title='bbox 990 796 1089 862; x_wconf 88' lang='lat' dir='ltr'><strong>iuter·</strong></span> 
     </span>
     <span class='ocr_line' id='line_1_8' title="bbox 33 815 1089 965; baseline 0.006 -23"><span class='ocrx_word' id='word_1_65' title='bbox 33 876 150 942; x_wconf 77' lang='lat' dir='ltr'><strong>‘dici&#39;</strong></span> <span class='ocrx_word' id='word_1_66' title='bbox 196 876 334 963; x_wconf 80' lang='lat' dir='ltr'><strong>Singulis</strong></span> <span class='ocrx_word' id='word_1_67' title='bbox 362 877 479 942; x_wconf 90' lang='lat' dir='ltr'><strong>deinde</strong></span> <span class='ocrx_word' id='word_1_68' title='bbox 509 901 628 955; x_wconf 86' lang='lat' dir='ltr'><strong>eorum,</strong></span> <span class='ocrx_word' id='word_1_69' title='bbox 655 879 711 965; x_wconf 91' lang='lat' dir='ltr'><strong>qui</strong></span> <span class='ocrx_word' id='word_1_70' title='bbox 734 815 844 944; x_wconf 67' lang='lat' dir='ltr'><strong>tuellis</strong></span> <span class='ocrx_word' id='word_1_71' title='bbox 872 903 908 946; x_wconf 89' lang='lat' dir='ltr'><strong>ae</strong></span> <span class='ocrx_word' id='word_1_72' title='bbox 934 880 1089 948; x_wconf 87' lang='lat' dir='ltr'><strong>tumultus</strong></span> 
     </span>
     <span class='ocr_line' id='line_1_9' title="bbox 32 963 1089 1052; baseline 0.006 -24"><span class='ocrx_word' id='word_1_73' title='bbox 32 963 251 1028; x_wconf 74' lang='lat' dir='ltr'><strong>concitatores</strong></span> <span class='ocrx_word' id='word_1_74' title='bbox 279 963 414 1043; x_wconf 78' lang='lat' dir='ltr'><strong>fuerant,</strong></span> <span class='ocrx_word' id='word_1_75' title='bbox 439 965 485 1029; x_wconf 90' lang='lat' dir='ltr'><strong>rei</strong></span> <span class='ocrx_word' id='word_1_76' title='bbox 514 965 656 1052; x_wconf 89' lang='lat' dir='ltr'><strong>capitalis</strong></span> <span class='ocrx_word' id='word_1_77' title='bbox 680 965 766 1032; x_wconf 90' lang='lat' dir='ltr'><strong>diem</strong></span> <span class='ocrx_word' id='word_1_78' title='bbox 791 965 906 1044; x_wconf 89' lang='lat' dir='ltr'><strong>dicere,</strong></span> <span class='ocrx_word' id='word_1_79' title='bbox 934 991 971 1032; x_wconf 89' lang='lat' dir='ltr'><strong>ac</strong></span> <span class='ocrx_word' id='word_1_80' title='bbox 993 969 1089 1034; x_wconf 85' lang='lat' dir='ltr'><strong>vades</strong></span> 
     </span>
     <span class='ocr_line' id='line_1_10' title="bbox 31 1051 1246 1141; baseline 0.002 -27"><span class='ocrx_word' id='word_1_81' title='bbox 31 1072 173 1138; x_wconf 83' lang='lat' dir='ltr'><strong>poscere</strong></span> <span class='ocrx_word' id='word_1_82' title='bbox 191 1064 371 1138; x_wconf 76' lang='lat' dir='ltr'><strong>coeperunt.</strong></span> <span class='ocrx_word' id='word_1_83' title='bbox 417 1051 526 1141; x_wconf 84' lang='lat' dir='ltr'><strong>Primo</strong></span> <span class='ocrx_word' id='word_1_84' title='bbox 546 1075 612 1116; x_wconf 89' lang='lat' dir='ltr'><strong>non</strong></span> <span class='ocrx_word' id='word_1_85' title='bbox 629 1051 751 1130; x_wconf 88' lang='lat' dir='ltr'><strong>dantes,</strong></span> <span class='ocrx_word' id='word_1_86' title='bbox 772 1051 888 1118; x_wconf 88' lang='lat' dir='ltr'><strong>deinde</strong></span> <span class='ocrx_word' id='word_1_87' title='bbox 908 1055 1004 1120; x_wconf 86' lang='lat' dir='ltr'><strong>etiam</strong></span> <span class='ocrx_word' id='word_1_88' title='bbox 1023 1066 1246 1132; x_wconf 71' lang='lat' dir='ltr'><strong>eoslnexsilium</strong></span> 
     </span>
    </p>
   </div>
   <div class='ocr_carea' id='block_1_4' title="bbox 32 1130 1245 1312">
    <p class='ocr_par' dir='ltr' id='par_1_4' title="bbox 32 1130 1245 1312">
     <span class='ocr_line' id='line_1_11' title="bbox 32 1130 1245 1245; baseline -0.017 -33"><span class='ocrx_word' id='word_1_89' title='bbox 32 1137 97 1224; x_wconf 75' lang='lat' dir='ltr'><strong>qui</strong></span> <span class='ocrx_word' id='word_1_90' title='bbox 113 1135 191 1205; x_wconf 75' lang='lat' dir='ltr'><strong>dare</strong></span> <span class='ocrx_word' id='word_1_91' title='bbox 206 1151 343 1224; x_wconf 80' lang='lat' dir='ltr'><strong>possent,</strong></span> <span class='ocrx_word' id='word_1_92' title='bbox 359 1138 393 1202; x_wconf 91' lang='lat' dir='ltr'><strong>in</strong></span> <span class='ocrx_word' id='word_1_93' title='bbox 412 1160 570 1204; x_wconf 86' lang='lat' dir='ltr'><strong>carcerem</strong></span> <span class='ocrx_word' id='word_1_94' title='bbox 584 1139 812 1204; x_wconf 87' lang='lat' dir='ltr'><strong>coniiciebant:</strong></span> <span class='ocrx_word' id='word_1_95' title='bbox 837 1140 926 1208; x_wconf 88' lang='lat' dir='ltr'><strong>cuius</strong></span> <span class='ocrx_word' id='word_1_96' title='bbox 945 1141 992 1206; x_wconf 88' lang='lat' dir='ltr'><strong>rei</strong></span> <span class='ocrx_word' id='word_1_97' title='bbox 1006 1130 1149 1242; x_wconf 64' lang='lat' dir='ltr'><strong>peri-irps</strong></span> <span class='ocrx_word' id='word_1_98' title='bbox 1160 1132 1245 1245; x_wconf 49' lang='lat' dir='ltr'><strong>etttlp</strong></span> 
     </span>
     <span class='ocr_line' id='line_1_12' title="bbox 32 1211 1221 1312; baseline -0.003 -24"><span class='ocrx_word' id='word_1_99' title='bbox 32 1223 153 1288; x_wconf 89' lang='lat' dir='ltr'><strong>culum</strong></span> <span class='ocrx_word' id='word_1_100' title='bbox 167 1223 301 1290; x_wconf 86' lang='lat' dir='ltr'><strong>vitantes</strong></span> <span class='ocrx_word' id='word_1_101' title='bbox 316 1223 459 1312; x_wconf 87' lang='lat' dir='ltr'><strong>plerique</strong></span> <span class='ocrx_word' id='word_1_102' title='bbox 474 1225 508 1289; x_wconf 92' lang='lat' dir='ltr'><strong>in</strong></span> <span class='ocrx_word' id='word_1_103' title='bbox 523 1224 670 1292; x_wconf 83' lang='lat' dir='ltr'><strong>exsilium</strong></span> <span class='ocrx_word' id='word_1_104' title='bbox 684 1225 837 1292; x_wconf 84' lang='lat' dir='ltr'><strong>abierunt.</strong></span> <span class='ocrx_word' id='word_1_105' title='bbox 1095 1211 1178 1308; x_wconf 44' lang='lat' dir='ltr'><strong>bui?</strong></span> <span class='ocrx_word' id='word_1_106' title='bbox 1204 1211 1221 1244; x_wconf 78' lang='lat'>⁸</span> 
     </span>
    </p>
   </div>
   <div class='ocr_carea' id='block_1_5' title="bbox 9 1308 1186 1846">
    <p class='ocr_par' dir='ltr' id='par_1_5' title="bbox 9 1308 1186 1662">
     <span class='ocr_line' id='line_1_13' title="bbox 83 1308 1186 1402; baseline 0.007 -28"><span class='ocrx_word' id='word_1_107' title='bbox 83 1308 189 1376; x_wconf 88' lang='lat' dir='ltr'><strong>Hunc</strong></span> <span class='ocrx_word' id='word_1_108' title='bbox 202 1310 286 1374; x_wconf 89' lang='lat' dir='ltr'><strong>fraus</strong></span> <span class='ocrx_word' id='word_1_109' title='bbox 305 1311 554 1398; x_wconf 83' lang='lat' dir='ltr'><strong>publicanorum,</strong></span> <span class='ocrx_word' id='word_1_110' title='bbox 574 1311 692 1377; x_wconf 90' lang='lat' dir='ltr'><strong>deinde</strong></span> <span class='ocrx_word' id='word_1_111' title='bbox 711 1311 855 1379; x_wconf 86' lang='lat' dir='ltr'><strong>fraudem</strong></span> <span class='ocrx_word' id='word_1_112' title='bbox 870 1313 1002 1380; x_wconf 89' lang='lat' dir='ltr'><strong>audacia</strong></span> <span class='ocrx_word' id='word_1_113' title='bbox 1015 1337 1089 1402; x_wconf 91' lang='lat' dir='ltr'><strong>pro-</strong></span> <span class='ocrx_word' id='word_1_114' title='bbox 1156 1327 1186 1388; x_wconf 87' lang='lat'><strong>5.</strong></span> 
     </span>
     <span class='ocr_line' id='line_1_14' title="bbox 9 1397 1089 1486; baseline 0.006 -24"><span class='ocrx_word' id='word_1_115' title='bbox 9 1411 166 1484; x_wconf 64' lang='lat' dir='ltr'><strong>negent,</strong></span> <span class='ocrx_word' id='word_1_116' title='bbox 193 1397 315 1464; x_wconf 83' lang='lat' dir='ltr'><strong>exitum</strong></span> <span class='ocrx_word' id='word_1_117' title='bbox 344 1398 462 1464; x_wconf 88' lang='lat' dir='ltr'><strong>habuit</strong></span> <span class='ocrx_word' id='word_1_118' title='bbox 510 1397 650 1464; x_wconf 86' lang='lat' dir='ltr'><strong>Comitia</strong></span> <span class='ocrx_word' id='word_1_119' title='bbox 677 1399 753 1464; x_wconf 90' lang='lat' dir='ltr'><strong>inde</strong></span> <span class='ocrx_word' id='word_1_120' title='bbox 779 1400 923 1486; x_wconf 87' lang='lat' dir='ltr'><strong>pontifici</strong></span> <span class='ocrx_word' id='word_1_121' title='bbox 950 1401 1089 1468; x_wconf 84' lang='lat' dir='ltr'><strong>maximo</strong></span> 
     </span>
     <span class='ocr_line' id='line_1_15' title="bbox 9 1482 1091 1574; baseline 0.006 -26"><span class='ocrx_word' id='word_1_122' title='bbox 9 1482 184 1556; x_wconf 73' lang='lat' dir='ltr'><strong>screando</strong></span> <span class='ocrx_word' id='word_1_123' title='bbox 198 1497 272 1550; x_wconf 88' lang='lat' dir='ltr'><strong>sunt</strong></span> <span class='ocrx_word' id='word_1_124' title='bbox 286 1483 400 1550; x_wconf 86' lang='lat' dir='ltr'><strong>habita.</strong></span> <span class='ocrx_word' id='word_1_125' title='bbox 448 1484 497 1550; x_wconf 91' lang='lat' dir='ltr'><strong>Ea</strong></span> <span class='ocrx_word' id='word_1_126' title='bbox 515 1485 644 1553; x_wconf 90' lang='lat' dir='ltr'><strong>comitia</strong></span> <span class='ocrx_word' id='word_1_127' title='bbox 660 1508 761 1551; x_wconf 85' lang='lat' dir='ltr'><strong>novus</strong></span> <span class='ocrx_word' id='word_1_128' title='bbox 779 1487 924 1574; x_wconf 84' lang='lat' dir='ltr'><strong>pontifex</strong></span> <span class='ocrx_word' id='word_1_129' title='bbox 945 1485 994 1553; x_wconf 90' lang='grc' dir='ltr'><strong>Μ.</strong></span> <span class='ocrx_word' id='word_1_130' title='bbox 1009 1487 1091 1554; x_wconf 89' lang='lat' dir='ltr'><strong>Cor·</strong></span> 
     </span>
     <span class='ocr_line' id='line_1_16' title="bbox 9 1568 1088 1662; baseline 0.007 -29"><span class='ocrx_word' id='word_1_131' title='bbox 9 1570 149 1642; x_wconf 66' lang='lat' dir='ltr'><strong>inelius</strong></span> <span class='ocrx_word' id='word_1_132' title='bbox 162 1568 265 1636; x_wconf 90' lang='lat' dir='ltr'><strong>Cethe</strong></span> <span class='ocrx_word' id='word_1_133' title='bbox 310 1571 455 1637; x_wconf 72' lang='lat' dir='ltr'><strong>shabuit,</strong></span> <span class='ocrx_word' id='word_1_134' title='bbox 502 1572 581 1638; x_wconf 89' lang='lat' dir='ltr'><strong>Tres</strong></span> <span class='ocrx_word' id='word_1_135' title='bbox 595 1571 718 1660; x_wconf 85' lang='lat' dir='ltr'><strong>ingenti</strong></span> <span class='ocrx_word' id='word_1_136' title='bbox 728 1574 900 1640; x_wconf 83' lang='lat' dir='ltr'><strong>certamine</strong></span> <span class='ocrx_word' id='word_1_137' title='bbox 915 1574 1088 1662; x_wconf 77' lang='lat' dir='ltr'><strong>petienmtt</strong></span> 
     </span>
    </p>

    <p class='ocr_par' dir='ltr' id='par_1_6' title="bbox 33 1593 1091 1846">
     <span class='ocr_line' id='line_1_17' title="bbox 37 1593 1091 1746; baseline 0.008 -26"><span class='ocrx_word' id='word_1_138' title='bbox 37 1657 87 1732; x_wconf 69' lang='lat' dir='ltr'><strong>Q„</strong></span> <span class='ocrx_word' id='word_1_139' title='bbox 102 1655 233 1722; x_wconf 86' lang='lat' dir='ltr'><strong>Fulvius</strong></span> <span class='ocrx_word' id='word_1_140' title='bbox 253 1593 383 1722; x_wconf 68' lang='lat' dir='ltr'><strong>silenus</strong></span> <span class='ocrx_word' id='word_1_141' title='bbox 402 1658 521 1736; x_wconf 88' lang='lat' dir='ltr'><strong>consul,</strong></span> <span class='ocrx_word' id='word_1_142' title='bbox 537 1659 594 1746; x_wconf 91' lang='lat' dir='ltr'><strong>qui</strong></span> <span class='ocrx_word' id='word_1_143' title='bbox 609 1671 642 1724; x_wconf 90' lang='lat' dir='ltr'><strong>et</strong></span> <span class='ocrx_word' id='word_1_144' title='bbox 656 1672 729 1726; x_wconf 88' lang='lat' dir='ltr'><strong>ante</strong></span> <span class='ocrx_word' id='word_1_145' title='bbox 744 1660 792 1725; x_wconf 92' lang='lat' dir='ltr'><strong>bis</strong></span> <span class='ocrx_word' id='word_1_146' title='bbox 806 1661 917 1726; x_wconf 86' lang='lat' dir='ltr'><strong>consul</strong></span> <span class='ocrx_word' id='word_1_147' title='bbox 933 1674 967 1730; x_wconf 88' lang='lat' dir='ltr'><strong>et</strong></span> <span class='ocrx_word' id='word_1_148' title='bbox 980 1683 1091 1728; x_wconf 88' lang='lat' dir='ltr'><strong>censor</strong></span> 
     </span>
     <span class='ocr_line' id='line_1_18' title="bbox 33 1743 1091 1846; baseline 0.006 -38"><span class='ocrx_word' id='word_1_149' title='bbox 33 1744 165 1809; x_wconf 84' lang='lat' dir='ltr'><strong>fuerat:</strong></span> <span class='ocrx_word' id='word_1_150' title='bbox 190 1755 223 1808; x_wconf 89' lang='lat' dir='ltr'><strong>et</strong></span> <span class='ocrx_word' id='word_1_151' title='bbox 238 1743 277 1808; x_wconf 91' lang='lat' dir='ltr'><strong>T.</strong></span> <span class='ocrx_word' id='word_1_152' title='bbox 291 1743 434 1810; x_wconf 90' lang='lat' dir='ltr'><strong>Manlius</strong></span> <span class='ocrx_word' id='word_1_153' title='bbox 449 1744 638 1846; x_wconf 61' lang='lat' dir='ltr'><strong>Torquatus,</strong></span> <span class='ocrx_word' id='word_1_154' title='bbox 654 1746 768 1834; x_wconf 88' lang='lat' dir='ltr'><strong>etipse</strong></span> <span class='ocrx_word' id='word_1_155' title='bbox 783 1746 907 1813; x_wconf 89' lang='lat' dir='ltr'><strong>duobus</strong></span> <span class='ocrx_word' id='word_1_156' title='bbox 922 1749 1091 1814; x_wconf 90' lang='lat' dir='ltr'><strong>consulati·</strong></span> 
     </span>
    </p>
   </div>
   <div class='ocr_carea' id='block_1_6' title="bbox 35 1831 1247 1922">
    <p class='ocr_par' dir='ltr' id='par_1_7' title="bbox 35 1831 1247 1922">
     <span class='ocr_line' id='line_1_19' title="bbox 35 1831 1247 1922; baseline 0.007 -26"><span class='ocrx_word' id='word_1_157' title='bbox 35 1832 104 1896; x_wconf 87' lang='lat' dir='ltr'><strong>bus</strong></span> <span class='ocrx_word' id='word_1_158' title='bbox 134 1841 168 1894; x_wconf 88' lang='lat' dir='ltr'><strong>ct</strong></span> <span class='ocrx_word' id='word_1_159' title='bbox 191 1851 323 1896; x_wconf 89' lang='lat' dir='ltr'><strong>censura</strong></span> <span class='ocrx_word' id='word_1_160' title='bbox 344 1831 495 1919; x_wconf 81' lang='lat' dir='ltr'><strong>insigms:</strong></span> <span class='ocrx_word' id='word_1_161' title='bbox 527 1845 560 1898; x_wconf 91' lang='lat' dir='ltr'><strong>et</strong></span> <span class='ocrx_word' id='word_1_162' title='bbox 589 1832 626 1896; x_wconf 92' lang='lat' dir='ltr'><strong>P.</strong></span> <span class='ocrx_word' id='word_1_163' title='bbox 639 1831 783 1898; x_wconf 88' lang='lat' dir='ltr'><strong>Licinius</strong></span> <span class='ocrx_word' id='word_1_164' title='bbox 810 1833 952 1911; x_wconf 86' lang='lat' dir='ltr'><strong>Crassus,</strong></span> <span class='ocrx_word' id='word_1_165' title='bbox 976 1837 1033 1922; x_wconf 91' lang='lat' dir='ltr'><strong>qui</strong></span> <span class='ocrx_word' id='word_1_166' title='bbox 1058 1849 1128 1904; x_wconf 80' lang='lat' dir='ltr'><strong>etr.</strong></span> <span class='ocrx_word' id='word_1_167' title='bbox 1139 1853 1247 1904; x_wconf 70' lang='lat' dir='ltr'><strong>Iscintus</strong></span> 
     </span>
    </p>
   </div>
   <div class='ocr_carea' id='block_1_7' title="bbox 36 1915 1246 2005">
    <p class='ocr_par' dir='ltr' id='par_1_8' title="bbox 36 1915 1246 2005">
     <span class='ocr_line' id='line_1_20' title="bbox 36 1915 1246 2005; baseline 0.01 -23"><span class='ocrx_word' id='word_1_168' title='bbox 36 1915 240 1984; x_wconf 84' lang='lat' dir='ltr'><strong>aedilitatem</strong></span> <span class='ocrx_word' id='word_1_169' title='bbox 255 1917 397 1983; x_wconf 88' lang='lat' dir='ltr'><strong>curulem</strong></span> <span class='ocrx_word' id='word_1_170' title='bbox 416 1918 572 2005; x_wconf 88' lang='lat' dir='ltr'><strong>petiturus</strong></span> <span class='ocrx_word' id='word_1_171' title='bbox 591 1931 666 1984; x_wconf 85' lang='lat' dir='ltr'><strong>erat</strong></span> <span class='ocrx_word' id='word_1_172' title='bbox 712 1918 777 1984; x_wconf 92' lang='lat' dir='ltr'><strong>Hic</strong></span> <span class='ocrx_word' id='word_1_173' title='bbox 794 1943 886 1986; x_wconf 89' lang='lat' dir='ltr'><strong>senes</strong></span> <span class='ocrx_word' id='word_1_174' title='bbox 905 1918 1246 1994; x_wconf 61' lang='lat' dir='ltr'><strong>honoratos-P011i·Mt¹·</strong></span> 
     </span>
    </p>
   </div>
   <div class='ocr_carea' id='block_1_8' title="bbox 36 1983 1230 2097">
    <p class='ocr_par' dir='ltr' id='par_1_9' title="bbox 36 1983 1230 2097">
     <span class='ocr_line' id='line_1_21' title="bbox 36 1983 1230 2097; baseline 0.008 -30"><span class='ocrx_word' id='word_1_175' title='bbox 36 2027 109 2092; x_wconf 86' lang='lat' dir='ltr'><strong>que</strong></span> <span class='ocrx_word' id='word_1_176' title='bbox 131 2003 253 2068; x_wconf 88' lang='lat' dir='ltr'><strong>iuvenis</strong></span> <span class='ocrx_word' id='word_1_177' title='bbox 273 2003 308 2068; x_wconf 90' lang='lat' dir='ltr'><strong>in</strong></span> <span class='ocrx_word' id='word_1_178' title='bbox 327 2027 366 2068; x_wconf 92' lang='lat' dir='ltr'><strong>eo</strong></span> <span class='ocrx_word' id='word_1_179' title='bbox 385 2006 557 2073; x_wconf 85' lang='lat' dir='ltr'><strong>certamine</strong></span> <span class='ocrx_word' id='word_1_180' title='bbox 574 2005 659 2069; x_wconf 84' lang='lat' dir='ltr'><strong>vicit</strong></span> <span class='ocrx_word' id='word_1_181' title='bbox 704 2006 792 2071; x_wconf 87' lang='lat' dir='ltr'><strong>Ante</strong></span> <span class='ocrx_word' id='word_1_182' title='bbox 807 2006 903 2084; x_wconf 90' lang='lat' dir='ltr'><strong>hunc,</strong></span> <span class='ocrx_word' id='word_1_183' title='bbox 919 2007 1002 2072; x_wconf 90' lang='lat' dir='ltr'><strong>intra</strong></span> <span class='ocrx_word' id='word_1_184' title='bbox 1015 1983 1230 2097; x_wconf 48' lang='lat' dir='ltr'><strong>cen-fflff&#39;</strong></span> 
     </span>
    </p>
   </div>
   <div class='ocr_carea' id='block_1_9' title="bbox 36 2090 1247 2524">
    <p class='ocr_par' dir='ltr' id='par_1_10' title="bbox 37 2090 1089 2178">
     <span class='ocr_line' id='line_1_22' title="bbox 37 2090 1089 2178; baseline 0.004 -22"><span class='ocrx_word' id='word_1_185' title='bbox 37 2106 114 2156; x_wconf 88' lang='lat' dir='ltr'><strong>tum</strong></span> <span class='ocrx_word' id='word_1_186' title='bbox 127 2112 226 2157; x_wconf 88' lang='lat' dir='ltr'><strong>annos</strong></span> <span class='ocrx_word' id='word_1_187' title='bbox 237 2103 271 2156; x_wconf 91' lang='lat' dir='ltr'><strong>et</strong></span> <span class='ocrx_word' id='word_1_188' title='bbox 279 2090 402 2178; x_wconf 75' lang='lat' dir='ltr'><strong>viginti,</strong></span> <span class='ocrx_word' id='word_1_189' title='bbox 414 2115 517 2168; x_wconf 91' lang='lat' dir='ltr'><strong>nemo,</strong></span> <span class='ocrx_word' id='word_1_190' title='bbox 530 2103 654 2178; x_wconf 88' lang='lat' dir='ltr'><strong>praeter</strong></span> <span class='ocrx_word' id='word_1_191' title='bbox 668 2091 704 2155; x_wconf 91' lang='lat' dir='ltr'><strong>P.</strong></span> <span class='ocrx_word' id='word_1_192' title='bbox 718 2090 903 2157; x_wconf 86' lang='lat' dir='ltr'><strong>Cornelium</strong></span> <span class='ocrx_word' id='word_1_193' title='bbox 915 2091 1089 2172; x_wconf 85' lang='lat' dir='ltr'><strong>Calussam,</strong></span> 
     </span>
    </p>

    <p class='ocr_par' dir='ltr' id='par_1_11' title="bbox 36 2175 1247 2441">
     <span class='ocr_line' id='line_1_23' title="bbox 36 2175 1090 2330; baseline 0.003 -85"><span class='ocrx_word' id='word_1_194' title='bbox 36 2175 191 2330; x_wconf 53' lang='lat' dir='ltr'><strong>pdpspgitiex</strong></span> <span class='ocrx_word' id='word_1_195' title='bbox 212 2178 369 2244; x_wconf 87' lang='lat' dir='ltr'><strong>maximus</strong></span> <span class='ocrx_word' id='word_1_196' title='bbox 389 2190 511 2244; x_wconf 89' lang='lat' dir='ltr'><strong>creatus</strong></span> <span class='ocrx_word' id='word_1_197' title='bbox 532 2177 643 2255; x_wconf 80' lang='lat' dir='ltr'><strong>fuerat,</strong></span> <span class='ocrx_word' id='word_1_198' title='bbox 664 2178 720 2264; x_wconf 93' lang='lat' dir='ltr'><strong>qui</strong></span> <span class='ocrx_word' id='word_1_199' title='bbox 741 2177 819 2244; x_wconf 86' lang='lat' dir='ltr'><strong>sella</strong></span> <span class='ocrx_word' id='word_1_200' title='bbox 837 2179 939 2244; x_wconf 89' lang='lat' dir='ltr'><strong>curuli</strong></span> <span class='ocrx_word' id='word_1_201' title='bbox 956 2203 1022 2246; x_wconf 87' lang='lat' dir='ltr'><strong>non</strong></span> <span class='ocrx_word' id='word_1_202' title='bbox 1041 2204 1090 2248; x_wconf 88' lang='lat' dir='ltr'><strong>se·</strong></span> 
     </span>
     <span class='ocr_line' id='line_1_24' title="bbox 91 2348 1247 2441; baseline 0.003 -27"><span class='ocrx_word' id='word_1_203' title='bbox 91 2348 248 2416; x_wconf 87' lang='lat' dir='ltr'><strong>Consules</strong></span> <span class='ocrx_word' id='word_1_204' title='bbox 263 2373 362 2438; x_wconf 91' lang='lat' dir='ltr'><strong>quum</strong></span> <span class='ocrx_word' id='word_1_205' title='bbox 377 2373 469 2438; x_wconf 83' lang='lat' dir='ltr'><strong>aegre</strong></span> <span class='ocrx_word' id='word_1_206' title='bbox 490 2350 649 2416; x_wconf 89' lang='lat' dir='ltr'><strong>delectum</strong></span> <span class='ocrx_word' id='word_1_207' title='bbox 663 2350 865 2429; x_wconf 82' lang='lat' dir='ltr'><strong>conficerent,</strong></span> <span class='ocrx_word' id='word_1_208' title='bbox 881 2351 969 2438; x_wconf 93' lang='lat' dir='ltr'><strong>quod</strong></span> <span class='ocrx_word' id='word_1_209' title='bbox 982 2352 1090 2441; x_wconf 88' lang='lat' dir='ltr'><strong>inopia</strong></span> <span class='ocrx_word' id='word_1_210' title='bbox 1098 2369 1247 2418; x_wconf 79' lang='lat' dir='ltr'><strong>Delectuum</strong></span> 
     </span>
    </p>

    <p class='ocr_par' dir='ltr' id='par_1_12' title="bbox 38 2434 1236 2524">
     <span class='ocr_line' id='line_1_25' title="bbox 38 2434 1236 2524; baseline 0.001 -22"><span class='ocrx_word' id='word_1_211' title='bbox 38 2437 208 2502; x_wconf 89' lang='lat' dir='ltr'><strong>iuniorum</strong></span> <span class='ocrx_word' id='word_1_212' title='bbox 222 2459 288 2502; x_wconf 87' lang='lat' dir='ltr'><strong>non</strong></span> <span class='ocrx_word' id='word_1_213' title='bbox 302 2437 393 2504; x_wconf 84' lang='lat' dir='ltr'><strong>facile</strong></span> <span class='ocrx_word' id='word_1_214' title='bbox 413 2439 448 2501; x_wconf 91' lang='lat' dir='ltr'><strong>in</strong></span> <span class='ocrx_word' id='word_1_215' title='bbox 468 2453 649 2524; x_wconf 89' lang='lat' dir='ltr'><strong>utrumque,</strong></span> <span class='ocrx_word' id='word_1_216' title='bbox 665 2450 701 2502; x_wconf 94' lang='lat' dir='ltr'><strong>ut</strong></span> <span class='ocrx_word' id='word_1_217' title='bbox 721 2451 754 2502; x_wconf 91' lang='lat' dir='ltr'><strong>et</strong></span> <span class='ocrx_word' id='word_1_218' title='bbox 769 2461 867 2504; x_wconf 86' lang='lat' dir='ltr'><strong>norae</strong></span> <span class='ocrx_word' id='word_1_219' title='bbox 888 2440 1026 2506; x_wconf 87' lang='lat' dir='ltr'><strong>urbanae</strong></span> <span class='ocrx_word' id='word_1_220' title='bbox 1047 2434 1236 2506; x_wconf 54' lang='grc' dir='ltr'><strong>Ιε-(Ηῆῑθῑῑῑῑαι</strong></span> 
     </span>
    </p>
   </div>
   <div class='ocr_carea' id='block_1_10' title="bbox 13 2524 1092 2699">
    <p class='ocr_par' dir='ltr' id='par_1_13' title="bbox 13 2524 1092 2699">
     <span class='ocr_line' id='line_1_26' title="bbox 37 2524 1089 2612; baseline 0.006 -24"><span class='ocrx_word' id='word_1_221' title='bbox 37 2525 167 2612; x_wconf 85' lang='lat' dir='ltr'><strong>giones,</strong></span> <span class='ocrx_word' id='word_1_222' title='bbox 183 2536 216 2588; x_wconf 92' lang='lat' dir='ltr'><strong>et</strong></span> <span class='ocrx_word' id='word_1_223' title='bbox 235 2524 490 2611; x_wconf 90' lang='lat' dir='ltr'><strong>supplementum</strong></span> <span class='ocrx_word' id='word_1_224' title='bbox 506 2525 664 2592; x_wconf 82' lang='lat' dir='ltr'><strong>veteribus</strong></span> <span class='ocrx_word' id='word_1_225' title='bbox 685 2525 882 2603; x_wconf 87' lang='lat' dir='ltr'><strong>scriberetur,</strong></span> <span class='ocrx_word' id='word_1_226' title='bbox 898 2527 1089 2605; x_wconf 85' lang='lat' dir='ltr'><strong>sufficiebat3</strong></span> 
     </span>
     <span class='ocr_line' id='line_1_27' title="bbox 13 2611 1092 2699; baseline 0.005 -24"><span class='ocrx_word' id='word_1_227' title='bbox 13 2622 175 2676; x_wconf 77' lang='lat' dir='ltr'><strong>ssenatus</strong></span> <span class='ocrx_word' id='word_1_228' title='bbox 192 2611 359 2676; x_wconf 84' lang='lat' dir='ltr'><strong>‘absistere</strong></span> <span class='ocrx_word' id='word_1_229' title='bbox 379 2633 433 2676; x_wconf 89' lang='lat' dir='ltr'><strong>eos</strong></span> <span class='ocrx_word' id='word_1_230' title='bbox 451 2611 592 2699; x_wconf 89' lang='lat' dir='ltr'><strong>incepto&#39;</strong></span> <span class='ocrx_word' id='word_1_231' title='bbox 606 2611 716 2690; x_wconf 82' lang='lat' dir='ltr'><strong>vetuit,</strong></span> <span class='ocrx_word' id='word_1_232' title='bbox 733 2620 784 2678; x_wconf 88' lang='lat' dir='ltr'><strong>‘et</strong></span> <span class='ocrx_word' id='word_1_233' title='bbox 804 2611 983 2680; x_wconf 89' lang='lat' dir='ltr'><strong>triumviros</strong></span> <span class='ocrx_word' id='word_1_234' title='bbox 1000 2614 1092 2680; x_wconf 88' lang='lat' dir='ltr'><strong>binos</strong></span> 
     </span>
    </p>
   </div>
   <div class='ocr_carea' id='block_1_11' title="bbox 40 2772 1094 4436">
    <p class='ocr_par' dir='ltr' id='par_1_14' title="bbox 40 2772 1094 4436">
     <span class='ocr_line' id='line_1_28' title="bbox 40 2772 1091 2899; baseline 0 -13"><span class='ocrx_word' id='word_1_235' title='bbox 40 2789 93 2886; x_wconf 65' lang='grc' dir='ltr'><em>ηοξ)</em></span> <span class='ocrx_word' id='word_1_236' title='bbox 109 2772 215 2884; x_wconf 62' lang='lat' dir='ltr'><strong>iiiii</strong></span> <span class='ocrx_word' id='word_1_237' title='bbox 230 2773 552 2885; x_wconf 56' lang='lat' dir='ltr'><strong>{tristentur</strong></span> <span class='ocrx_word' id='word_1_238' title='bbox 584 2772 1091 2899; x_wconf 50' lang='lat' dir='ltr'><strong>lissnfflmslilliiulbmpliislssdtli</strong></span> 
     </span>
     <span class='ocr_line' id='line_1_29' title="bbox 40 2899 1091 2963; baseline 0.001 -13"><span class='ocrx_word' id='word_1_239' title='bbox 40 2899 147 2950; x_wconf 84' lang='lat' dir='ltr'><strong>tentiae.</strong></span> <span class='ocrx_word' id='word_1_240' title='bbox 164 2900 217 2950; x_wconf 80' lang='lat' dir='ltr'><strong>cic.</strong></span> <span class='ocrx_word' id='word_1_241' title='bbox 231 2899 258 2948; x_wconf 87' lang='lat' dir='ltr'><strong>in</strong></span> <span class='ocrx_word' id='word_1_242' title='bbox 274 2901 343 2950; x_wconf 86' lang='lat' dir='ltr'><strong>Verr.</strong></span> <span class='ocrx_word' id='word_1_243' title='bbox 355 2915 377 2950; x_wconf 85' lang='lat' dir='ltr'><strong>v.</strong></span> <span class='ocrx_word' id='word_1_244' title='bbox 392 2915 428 2961; x_wconf 89' lang='lat'><strong>¹4·</strong></span> <span class='ocrx_word' id='word_1_245' title='bbox 457 2903 553 2950; x_wconf 76' lang='lat' dir='ltr'><strong>Fecisse</strong></span> <span class='ocrx_word' id='word_1_246' title='bbox 585 2901 652 2962; x_wconf 87' lang='lat' dir='ltr'><strong>plebi</strong></span> <span class='ocrx_word' id='word_1_247' title='bbox 662 2901 870 2950; x_wconf 87' lang='lat' dir='ltr'><strong>communicatum</strong></span> <span class='ocrx_word' id='word_1_248' title='bbox 880 2916 937 2949; x_wconf 82' lang='lat' dir='ltr'><strong>aun.</strong></span> <span class='ocrx_word' id='word_1_249' title='bbox 949 2901 983 2950; x_wconf 86' lang='lat' dir='ltr'><strong>U.</strong></span> <span class='ocrx_word' id='word_1_250' title='bbox 992 2902 1022 2951; x_wconf 81' lang='grc'><strong>0.</strong></span> <span class='ocrx_word' id='word_1_251' title='bbox 1035 2915 1091 2963; x_wconf 73' lang='lat'><strong>452,</strong></span> 
     </span>
     <span class='ocr_line' id='line_1_30' title="bbox 41 2963 1091 3028; baseline -0.004 -10"><span class='ocrx_word' id='word_1_252' title='bbox 41 2967 126 3018; x_wconf 73' lang='lat' dir='ltr'><strong>rideri</strong></span> <span class='ocrx_word' id='word_1_253' title='bbox 144 2966 324 3026; x_wconf 68' lang='lat' dir='ltr'><strong>mantuan.</strong></span> <span class='ocrx_word' id='word_1_254' title='bbox 346 2965 377 3014; x_wconf 80' lang='lat' dir='ltr'><strong>ef.</strong></span> <span class='ocrx_word' id='word_1_255' title='bbox 394 2965 449 3016; x_wconf 84' lang='lat' dir='ltr'><strong>infr.</strong></span> <span class='ocrx_word' id='word_1_256' title='bbox 468 2964 552 3014; x_wconf 80' lang='lat' dir='ltr'><strong>xxxiv.</strong></span> <span class='ocrx_word' id='word_1_257' title='bbox 585 2980 650 3028; x_wconf 91' lang='lat' dir='ltr'><strong>supr.</strong></span> <span class='ocrx_word' id='word_1_258' title='bbox 666 2981 690 3014; x_wconf 83' lang='lat' dir='ltr'><strong>x.</strong></span> <span class='ocrx_word' id='word_1_259' title='bbox 724 2963 858 3026; x_wconf 80' lang='lat' dir='ltr'><strong>.pontifex</strong></span> <span class='ocrx_word' id='word_1_260' title='bbox 875 2965 996 3012; x_wconf 85' lang='lat' dir='ltr'><strong>maximus</strong></span> <span class='ocrx_word' id='word_1_261' title='bbox 1014 2980 1091 3028; x_wconf 79' lang='lat' dir='ltr'><strong>tuque</strong></span> 
     </span>
     <span class='ocr_line' id='line_1_31' title="bbox 42 3028 1092 3092; baseline 0 -14"><span class='ocrx_word' id='word_1_262' title='bbox 42 3047 85 3092; x_wconf 80' lang='lat'><strong>44.</strong></span> <span class='ocrx_word' id='word_1_263' title='bbox 104 3029 185 3078; x_wconf 81' lang='lat' dir='ltr'><strong>Canv.</strong></span> <span class='ocrx_word' id='word_1_264' title='bbox 585 3029 618 3076; x_wconf 88' lang='lat' dir='ltr'><strong>ad</strong></span> <span class='ocrx_word' id='word_1_265' title='bbox 631 3044 688 3077; x_wconf 87' lang='lat' dir='ltr'><strong>ann.</strong></span> <span class='ocrx_word' id='word_1_266' title='bbox 728 3029 771 3078; x_wconf 87' lang='lat' dir='ltr'><strong>.C.</strong></span> <span class='ocrx_word' id='word_1_267' title='bbox 784 3028 984 3090; x_wconf 80' lang='lat' dir='ltr'><strong>510.epntribns</strong></span> <span class='ocrx_word' id='word_1_268' title='bbox 997 3034 1092 3078; x_wconf 87' lang='lat' dir='ltr'><strong>creatus</strong></span> 
     </span>
     <span class='ocr_line' id='line_1_32' title="bbox 83 3091 1092 3156; baseline -0.001 -15"><span class='ocrx_word' id='word_1_269' title='bbox 83 3109 94 3141; x_wconf 88' lang='lat' dir='ltr'><strong>r</strong></span> <span class='ocrx_word' id='word_1_270' title='bbox 113 3095 189 3155; x_wconf 74' lang='lat' dir='ltr'><strong>Apsus</strong></span> <span class='ocrx_word' id='word_1_271' title='bbox 204 3101 229 3141; x_wconf 80' lang='lat' dir='ltr'><strong>at</strong></span> <span class='ocrx_word' id='word_1_272' title='bbox 244 3094 297 3155; x_wconf 73' lang='lat' dir='ltr'><strong>tyni</strong></span> <span class='ocrx_word' id='word_1_273' title='bbox 313 3094 411 3156; x_wconf 80' lang='lat' dir='ltr'><strong>placere</strong></span> <span class='ocrx_word' id='word_1_274' title='bbox 426 3093 552 3152; x_wconf 62' lang='lat' dir='ltr'><strong>bamini]</strong></span> <span class='ocrx_word' id='word_1_275' title='bbox 586 3097 658 3152; x_wconf 66' lang='lat' dir='ltr'><strong>emet,</strong></span> <span class='ocrx_word' id='word_1_276' title='bbox 669 3091 719 3139; x_wconf 85' lang='lat' dir='ltr'><strong>lieri</strong></span> <span class='ocrx_word' id='word_1_277' title='bbox 731 3097 820 3154; x_wconf 85' lang='lat' dir='ltr'><strong>potest,</strong></span> <span class='ocrx_word' id='word_1_278' title='bbox 830 3097 858 3140; x_wconf 90' lang='lat' dir='ltr'><strong>ut</strong></span> <span class='ocrx_word' id='word_1_279' title='bbox 872 3092 898 3139; x_wconf 88' lang='lat' dir='ltr'><strong>in</strong></span> <span class='ocrx_word' id='word_1_280' title='bbox 913 3091 964 3139; x_wconf 88' lang='lat' dir='ltr'><strong>illis</strong></span> <span class='ocrx_word' id='word_1_281' title='bbox 980 3092 1092 3151; x_wconf 82' lang='lat' dir='ltr'><strong>comitiis,</strong></span> 
     </span>
     <span class='ocr_line' id='line_1_33' title="bbox 42 3155 1089 3218; baseline -0.001 -12"><span class='ocrx_word' id='word_1_282' title='bbox 42 3159 77 3206; x_wconf 83' lang='lat' dir='ltr'><strong>cf.</strong></span> <span class='ocrx_word' id='word_1_283' title='bbox 90 3159 163 3218; x_wconf 86' lang='lat' dir='ltr'><strong>Supr.</strong></span> <span class='ocrx_word' id='word_1_284' title='bbox 173 3156 189 3204; x_wconf 94' lang='lat' dir='ltr'><strong>i.</strong></span> <span class='ocrx_word' id='word_1_285' title='bbox 198 3155 237 3206; x_wconf 82' lang='lat'><strong>60.</strong></span> <span class='ocrx_word' id='word_1_286' title='bbox 271 3157 351 3205; x_wconf 88' lang='lat' dir='ltr'><strong>Nulla</strong></span> <span class='ocrx_word' id='word_1_287' title='bbox 361 3157 415 3218; x_wconf 75' lang='lat' dir='ltr'><strong>lege</strong></span> <span class='ocrx_word' id='word_1_288' title='bbox 425 3156 492 3217; x_wconf 90' lang='lat' dir='ltr'><strong>apud</strong></span> <span class='ocrx_word' id='word_1_289' title='bbox 504 3156 554 3204; x_wconf 82' lang='lat' dir='ltr'><strong>Ro-</strong></span> <span class='ocrx_word' id='word_1_290' title='bbox 587 3171 650 3216; x_wconf 80' lang='lat' dir='ltr'><strong>quae</strong></span> <span class='ocrx_word' id='word_1_291' title='bbox 660 3155 770 3218; x_wconf 81' lang='lat' dir='ltr'><strong>pontifici</strong></span> <span class='ocrx_word' id='word_1_292' title='bbox 781 3157 889 3205; x_wconf 80' lang='lat' dir='ltr'><strong>maximo</strong></span> <span class='ocrx_word' id='word_1_293' title='bbox 899 3156 1004 3206; x_wconf 73' lang='lat' dir='ltr'><strong>emendo</strong></span> <span class='ocrx_word' id='word_1_294' title='bbox 1018 3155 1089 3205; x_wconf 81' lang='lat' dir='ltr'><strong>habe</strong></span> 
     </span>
     <span class='ocr_line' id='line_1_34' title="bbox 43 3219 1090 3284; baseline -0.006 -10"><span class='ocrx_word' id='word_1_295' title='bbox 43 3237 135 3274; x_wconf 80' lang='lat' dir='ltr'><strong>marios</strong></span> <span class='ocrx_word' id='word_1_296' title='bbox 145 3225 202 3270; x_wconf 86' lang='lat' dir='ltr'><strong>ante</strong></span> <span class='ocrx_word' id='word_1_297' title='bbox 212 3219 371 3284; x_wconf 75' lang='lat' dir='ltr'><strong>Calpurniam</strong></span> <span class='ocrx_word' id='word_1_298' title='bbox 384 3220 453 3268; x_wconf 84' lang='lat' dir='ltr'><strong>illam</strong></span> <span class='ocrx_word' id='word_1_299' title='bbox 464 3220 495 3270; x_wconf 90' lang='lat' dir='ltr'><strong>de</strong></span> <span class='ocrx_word' id='word_1_300' title='bbox 505 3235 555 3268; x_wconf 88' lang='lat' dir='ltr'><strong>am-</strong></span> <span class='ocrx_word' id='word_1_301' title='bbox 587 3225 678 3279; x_wconf 87' lang='lat' dir='ltr'><strong>rantur,</strong></span> <span class='ocrx_word' id='word_1_302' title='bbox 695 3220 820 3282; x_wconf 86' lang='lat' dir='ltr'><strong>proprium</strong></span> <span class='ocrx_word' id='word_1_303' title='bbox 837 3225 899 3270; x_wconf 84' lang='lat' dir='ltr'><strong>esset</strong></span> <span class='ocrx_word' id='word_1_304' title='bbox 915 3219 1014 3281; x_wconf 83' lang='lat' dir='ltr'><strong>aliquod</strong></span> <span class='ocrx_word' id='word_1_305' title='bbox 1031 3235 1090 3282; x_wconf 88' lang='lat' dir='ltr'><strong>pon-</strong></span> 
     </span>
     <span class='ocr_line' id='line_1_35' title="bbox 43 3281 1090 3357; baseline -0.001 -23"><span class='ocrx_word' id='word_1_306' title='bbox 43 3286 103 3334; x_wconf 92' lang='lat' dir='ltr'><strong>bitu</strong></span> <span class='ocrx_word' id='word_1_307' title='bbox 124 3285 201 3334; x_wconf 86' lang='lat' dir='ltr'><strong>latam</strong></span> <span class='ocrx_word' id='word_1_308' title='bbox 222 3285 371 3333; x_wconf 88' lang='lat' dir='ltr'><strong>maleficium</strong></span> <span class='ocrx_word' id='word_1_309' title='bbox 391 3283 476 3357; x_wconf 79' lang='lat' dir='ltr'><strong>exsilio</strong></span> <span class='ocrx_word' id='word_1_310' title='bbox 493 3285 555 3331; x_wconf 83' lang='lat' dir='ltr'><strong>mul·</strong></span> <span class='ocrx_word' id='word_1_311' title='bbox 588 3281 1090 3346; x_wconf 59' lang='lat' dir='ltr'><strong>tificummununscaliquidabiprisper-</strong></span> 
     </span>
     <span class='ocr_line' id='line_1_36' title="bbox 44 3347 1092 3410; baseline -0.003 -10"><span class='ocrx_word' id='word_1_312' title='bbox 44 3351 154 3400; x_wconf 75' lang='lat' dir='ltr'><strong>labatur,</strong></span> <span class='ocrx_word' id='word_1_313' title='bbox 176 3349 207 3397; x_wconf 80' lang='lat' dir='ltr'><strong>cl.</strong></span> <span class='ocrx_word' id='word_1_314' title='bbox 218 3348 271 3398; x_wconf 82' lang='lat' dir='ltr'><strong>Cic.</strong></span> <span class='ocrx_word' id='word_1_315' title='bbox 288 3363 332 3410; x_wconf 89' lang='lat' dir='ltr'><strong>pro</strong></span> <span class='ocrx_word' id='word_1_316' title='bbox 347 3349 377 3400; x_wconf 81' lang='grc' dir='ltr'><strong>Δ.</strong></span> <span class='ocrx_word' id='word_1_317' title='bbox 389 3349 489 3398; x_wconf 82' lang='lat' dir='ltr'><strong>ancrn.</strong></span> <span class='ocrx_word' id='word_1_318' title='bbox 503 3361 555 3396; x_wconf 87' lang='lat' dir='ltr'><strong>roo.</strong></span> <span class='ocrx_word' id='word_1_319' title='bbox 588 3348 718 3410; x_wconf 78' lang='lat' dir='ltr'><strong>agendum,</strong></span> <span class='ocrx_word' id='word_1_320' title='bbox 729 3353 765 3407; x_wconf 85' lang='lat' dir='ltr'><strong>ut,</strong></span> <span class='ocrx_word' id='word_1_321' title='bbox 776 3347 850 3396; x_wconf 86' lang='lat' dir='ltr'><strong>etiam</strong></span> <span class='ocrx_word' id='word_1_322' title='bbox 861 3347 972 3396; x_wconf 86' lang='lat' dir='ltr'><strong>siminus</strong></span> <span class='ocrx_word' id='word_1_323' title='bbox 985 3349 1092 3410; x_wconf 89' lang='lat' dir='ltr'><strong>proprie,</strong></span> 
     </span>
     <span class='ocr_line' id='line_1_37' title="bbox 47 3411 1091 3476; baseline 0.001 -15"><span class='ocrx_word' id='word_1_324' title='bbox 47 3415 98 3462; x_wconf 87' lang='lat' dir='ltr'><strong>Sed</strong></span> <span class='ocrx_word' id='word_1_325' title='bbox 109 3421 223 3461; x_wconf 70' lang='lat' dir='ltr'><strong>moderat</strong></span> <span class='ocrx_word' id='word_1_326' title='bbox 234 3415 350 3472; x_wconf 83' lang='lat' dir='ltr'><strong>sontibus,</strong></span> <span class='ocrx_word' id='word_1_327' title='bbox 357 3412 399 3476; x_wconf 90' lang='lat' dir='ltr'><strong>qui</strong></span> <span class='ocrx_word' id='word_1_328' title='bbox 407 3412 433 3460; x_wconf 91' lang='lat' dir='ltr'><strong>in</strong></span> <span class='ocrx_word' id='word_1_329' title='bbox 442 3411 555 3460; x_wconf 80' lang='lat' dir='ltr'><strong>exsilium</strong></span> <span class='ocrx_word' id='word_1_330' title='bbox 587 3412 670 3472; x_wconf 90' lang='lat' dir='ltr'><strong>aliquo</strong></span> <span class='ocrx_word' id='word_1_331' title='bbox 690 3417 773 3460; x_wconf 86' lang='lat' dir='ltr'><strong>tamen</strong></span> <span class='ocrx_word' id='word_1_332' title='bbox 798 3413 881 3471; x_wconf 86' lang='lat' dir='ltr'><strong>modo,</strong></span> <span class='ocrx_word' id='word_1_333' title='bbox 902 3411 964 3459; x_wconf 87' lang='lat' dir='ltr'><strong>siout</strong></span> <span class='ocrx_word' id='word_1_334' title='bbox 985 3413 1091 3462; x_wconf 80' lang='lat' dir='ltr'><strong>crevier.</strong></span> 
     </span>
     <span class='ocr_line' id='line_1_38' title="bbox 47 3474 1091 3539; baseline -0.002 -13"><span class='ocrx_word' id='word_1_335' title='bbox 47 3478 67 3526; x_wconf 87' lang='lat' dir='ltr'><strong>si</strong></span> <span class='ocrx_word' id='word_1_336' title='bbox 79 3477 228 3539; x_wconf 83' lang='lat' dir='ltr'><strong>recepissent</strong></span> <span class='ocrx_word' id='word_1_337' title='bbox 241 3482 265 3525; x_wconf 91' lang='lat' dir='ltr'><strong>et</strong></span> <span class='ocrx_word' id='word_1_338' title='bbox 279 3493 305 3524; x_wconf 87' lang='lat' dir='ltr'><strong>se</strong></span> <span class='ocrx_word' id='word_1_339' title='bbox 320 3477 403 3525; x_wconf 83' lang='lat' dir='ltr'><strong>sistere</strong></span> <span class='ocrx_word' id='word_1_340' title='bbox 413 3475 555 3534; x_wconf 85' lang='lat' dir='ltr'><strong>noluissent,</strong></span> <span class='ocrx_word' id='word_1_341' title='bbox 588 3481 680 3534; x_wconf 87' lang='lat' dir='ltr'><strong>monet,</strong></span> <span class='ocrx_word' id='word_1_342' title='bbox 692 3474 790 3524; x_wconf 88' lang='lat' dir='ltr'><strong>comitia</strong></span> <span class='ocrx_word' id='word_1_343' title='bbox 800 3475 844 3524; x_wconf 83' lang='lat' dir='ltr'><strong>illa</strong></span> <span class='ocrx_word' id='word_1_344' title='bbox 854 3475 966 3524; x_wconf 83' lang='lat' dir='ltr'><strong>habuisse</strong></span> <span class='ocrx_word' id='word_1_345' title='bbox 977 3475 1026 3524; x_wconf 87' lang='lat' dir='ltr'><strong>dici</strong></span> <span class='ocrx_word' id='word_1_346' title='bbox 1037 3491 1091 3539; x_wconf 78' lang='lat' dir='ltr'><strong>pos</strong></span> 
     </span>
     <span class='ocr_line' id='line_1_39' title="bbox 47 3539 1091 3604; baseline 0 -14"><span class='ocrx_word' id='word_1_347' title='bbox 47 3557 114 3604; x_wconf 85' lang='lat' dir='ltr'><strong>aqua</strong></span> <span class='ocrx_word' id='word_1_348' title='bbox 131 3547 157 3590; x_wconf 88' lang='lat' dir='ltr'><strong>et</strong></span> <span class='ocrx_word' id='word_1_349' title='bbox 173 3539 223 3603; x_wconf 82' lang='lat' dir='ltr'><strong>igni</strong></span> <span class='ocrx_word' id='word_1_350' title='bbox 242 3541 339 3602; x_wconf 85' lang='lat' dir='ltr'><strong>publice</strong></span> <span class='ocrx_word' id='word_1_351' title='bbox 358 3539 479 3599; x_wconf 85' lang='lat' dir='ltr'><strong>interdici,</strong></span> <span class='ocrx_word' id='word_1_352' title='bbox 489 3541 556 3590; x_wconf 86' lang='lat' dir='ltr'><strong>unde</strong></span> <span class='ocrx_word' id='word_1_353' title='bbox 587 3545 649 3589; x_wconf 83' lang='lat' dir='ltr'><strong>sent.</strong></span> <span class='ocrx_word' id='word_1_354' title='bbox 682 3539 768 3596; x_wconf 81' lang='lat' dir='ltr'><strong>Quum</strong></span> <span class='ocrx_word' id='word_1_355' title='bbox 788 3555 844 3590; x_wconf 84' lang='lat' dir='ltr'><strong>vero</strong></span> <span class='ocrx_word' id='word_1_356' title='bbox 862 3539 996 3601; x_wconf 84' lang='lat' dir='ltr'><strong>antiquitus</strong></span> <span class='ocrx_word' id='word_1_357' title='bbox 1012 3541 1091 3604; x_wconf 88' lang='lat' dir='ltr'><strong>ponti-</strong></span> 
     </span>
     <span class='ocr_line' id='line_1_40' title="bbox 48 3603 1092 3665; baseline -0.002 -11"><span class='ocrx_word' id='word_1_358' title='bbox 48 3607 133 3664; x_wconf 80' lang='lat' dir='ltr'><strong>licbat,</strong></span> <span class='ocrx_word' id='word_1_359' title='bbox 151 3610 188 3663; x_wconf 86' lang='lat' dir='ltr'><strong>ut,</strong></span> <span class='ocrx_word' id='word_1_360' title='bbox 201 3604 247 3654; x_wconf 88' lang='lat' dir='ltr'><strong>nisi</strong></span> <span class='ocrx_word' id='word_1_361' title='bbox 266 3606 362 3654; x_wconf 79' lang='lat' dir='ltr'><strong>srrblato</strong></span> <span class='ocrx_word' id='word_1_362' title='bbox 378 3603 516 3665; x_wconf 86' lang='lat' dir='ltr'><strong>interdicto,</strong></span> <span class='ocrx_word' id='word_1_363' title='bbox 529 3603 555 3652; x_wconf 88' lang='lat' dir='ltr'><strong>in</strong></span> <span class='ocrx_word' id='word_1_364' title='bbox 588 3605 646 3653; x_wconf 87' lang='lat' dir='ltr'><strong>lices</strong></span> <span class='ocrx_word' id='word_1_365' title='bbox 662 3603 766 3653; x_wconf 85' lang='lat' dir='ltr'><strong>comitiis</strong></span> <span class='ocrx_word' id='word_1_366' title='bbox 782 3604 880 3654; x_wconf 77' lang='lat' dir='ltr'><strong>audatis</strong></span> <span class='ocrx_word' id='word_1_367' title='bbox 896 3611 1041 3664; x_wconf 77' lang='lat' dir='ltr'><strong>crementur,</strong></span> <span class='ocrx_word' id='word_1_368' title='bbox 1056 3611 1092 3652; x_wconf 76' lang='lat' dir='ltr'><strong>at</strong></span> 
     </span>
     <span class='ocr_line' id='line_1_41' title="bbox 48 3667 1094 3730; baseline 0.001 -13"><span class='ocrx_word' id='word_1_369' title='bbox 48 3670 175 3720; x_wconf 82' lang='lat' dir='ltr'><strong>civitatem</strong></span> <span class='ocrx_word' id='word_1_370' title='bbox 186 3669 263 3718; x_wconf 87' lang='lat' dir='ltr'><strong>redire</strong></span> <span class='ocrx_word' id='word_1_371' title='bbox 273 3668 303 3718; x_wconf 87' lang='lat' dir='ltr'><strong>iis</strong></span> <span class='ocrx_word' id='word_1_372' title='bbox 313 3685 362 3718; x_wconf 87' lang='lat' dir='ltr'><strong>uon</strong></span> <span class='ocrx_word' id='word_1_373' title='bbox 373 3669 465 3718; x_wconf 87' lang='lat' dir='ltr'><strong>liceret.</strong></span> <span class='ocrx_word' id='word_1_374' title='bbox 588 3683 637 3730; x_wconf 87' lang='lat' dir='ltr'><strong>que</strong></span> <span class='ocrx_word' id='word_1_375' title='bbox 655 3683 685 3716; x_wconf 87' lang='lat' dir='ltr'><strong>ea</strong></span> <span class='ocrx_word' id='word_1_376' title='bbox 703 3667 802 3718; x_wconf 85' lang='lat' dir='ltr'><strong>comitia</strong></span> <span class='ocrx_word' id='word_1_377' title='bbox 821 3667 917 3718; x_wconf 85' lang='lat' dir='ltr'><strong>arbitris</strong></span> <span class='ocrx_word' id='word_1_378' title='bbox 937 3669 1094 3730; x_wconf 85' lang='lat' dir='ltr'><strong>pontificibus</strong></span> 
     </span>
     <span class='ocr_line' id='line_1_42' title="bbox 82 3733 1091 3797; baseline 0 -15"><span class='ocrx_word' id='word_1_379' title='bbox 82 3749 96 3782; x_wconf 80' lang='lat' dir='ltr'><strong>a</strong></span> <span class='ocrx_word' id='word_1_380' title='bbox 109 3735 275 3784; x_wconf 68' lang='lat' dir='ltr'><strong>Comuntur«</strong></span> <span class='ocrx_word' id='word_1_381' title='bbox 281 3734 499 3796; x_wconf 65' lang='lat' dir='ltr'><strong>pontilldmcrimo</strong></span> <span class='ocrx_word' id='word_1_382' title='bbox 505 3749 555 3782; x_wconf 80' lang='lat' dir='ltr'><strong>ore·</strong></span> <span class='ocrx_word' id='word_1_383' title='bbox 589 3733 768 3796; x_wconf 86' lang='lat' dir='ltr'><strong>praeberentur,</strong></span> <span class='ocrx_word' id='word_1_384' title='bbox 780 3733 809 3782; x_wconf 77' lang='lat' dir='ltr'><strong>ci</strong></span> <span class='ocrx_word' id='word_1_385' title='bbox 819 3733 849 3782; x_wconf 83' lang='grc' dir='ltr'><strong>Δ.</strong></span> <span class='ocrx_word' id='word_1_386' title='bbox 859 3733 925 3782; x_wconf 81' lang='lat' dir='ltr'><strong>Geli.</strong></span> <span class='ocrx_word' id='word_1_387' title='bbox 938 3749 959 3782; x_wconf 86' lang='lat' dir='ltr'><strong>r.</strong></span> <span class='ocrx_word' id='word_1_388' title='bbox 970 3748 1006 3797; x_wconf 92' lang='lat'><strong>19.</strong></span> <span class='ocrx_word' id='word_1_389' title='bbox 1018 3733 1091 3782; x_wconf 84' lang='lat' dir='ltr'><strong>rimil-</strong></span> 
     </span>
     <span class='ocr_line' id='line_1_43' title="bbox 49 3796 1091 3861; baseline -0.002 -13"><span class='ocrx_word' id='word_1_390' title='bbox 49 3799 127 3857; x_wconf 82' lang='lat' dir='ltr'><strong>crrdo]</strong></span> <span class='ocrx_word' id='word_1_391' title='bbox 146 3797 175 3846; x_wconf 87' lang='lat' dir='ltr'><strong>L.</strong></span> <span class='ocrx_word' id='word_1_392' title='bbox 186 3797 306 3846; x_wconf 84' lang='lat' dir='ltr'><strong>Lentulus</strong></span> <span class='ocrx_word' id='word_1_393' title='bbox 313 3798 408 3848; x_wconf 80' lang='lat' dir='ltr'><strong>duobus</strong></span> <span class='ocrx_word' id='word_1_394' title='bbox 416 3796 556 3846; x_wconf 82' lang='lat' dir='ltr'><strong>sacerdotiis</strong></span> <span class='ocrx_word' id='word_1_395' title='bbox 588 3797 675 3846; x_wconf 88' lang='lat' dir='ltr'><strong>limum</strong></span> <span class='ocrx_word' id='word_1_396' title='bbox 702 3797 801 3859; x_wconf 89' lang='lat' dir='ltr'><strong>quidem</strong></span> <span class='ocrx_word' id='word_1_397' title='bbox 829 3797 878 3846; x_wconf 84' lang='lat' dir='ltr'><strong>reri</strong></span> <span class='ocrx_word' id='word_1_398' title='bbox 907 3797 1008 3856; x_wconf 82' lang='lat' dir='ltr'><strong>videtur,</strong></span> <span class='ocrx_word' id='word_1_399' title='bbox 1033 3814 1091 3861; x_wconf 90' lang='lat' dir='ltr'><strong>pon-</strong></span> 
     </span>
     <span class='ocr_line' id='line_1_44' title="bbox 50 3861 1093 3925; baseline 0.001 -12"><span class='ocrx_word' id='word_1_400' title='bbox 50 3861 176 3925; x_wconf 81' lang='lat' dir='ltr'><strong>praeditur</strong></span> <span class='ocrx_word' id='word_1_401' title='bbox 191 3862 279 3921; x_wconf 81' lang='lat' dir='ltr'><strong>suerat,</strong></span> <span class='ocrx_word' id='word_1_402' title='bbox 292 3861 481 3922; x_wconf 65' lang='lat' dir='ltr'><strong>pontificatum</strong></span> <span class='ocrx_word' id='word_1_403' title='bbox 496 3877 555 3923; x_wconf 90' lang='lat' dir='ltr'><strong>pon-</strong></span> <span class='ocrx_word' id='word_1_404' title='bbox 589 3861 689 3920; x_wconf 82' lang='lat' dir='ltr'><strong>tificem,</strong></span> <span class='ocrx_word' id='word_1_405' title='bbox 703 3867 731 3910; x_wconf 90' lang='lat' dir='ltr'><strong>ut</strong></span> <span class='ocrx_word' id='word_1_406' title='bbox 746 3877 811 3924; x_wconf 79' lang='lat' dir='ltr'><strong>supr,</strong></span> <span class='ocrx_word' id='word_1_407' title='bbox 822 3861 855 3910; x_wconf 90' lang='lat' dir='ltr'><strong>iii.</strong></span> <span class='ocrx_word' id='word_1_408' title='bbox 868 3874 908 3924; x_wconf 81' lang='lat'><strong>54,</strong></span> <span class='ocrx_word' id='word_1_409' title='bbox 926 3864 1093 3914; x_wconf 80' lang='lat' dir='ltr'><strong>auctoritatem</strong></span> 
     </span>
     <span class='ocr_line' id='line_1_45' title="bbox 50 3925 1093 3990; baseline 0.004 -16"><span class='ocrx_word' id='word_1_410' title='bbox 50 3925 272 3976; x_wconf 82' lang='lat' dir='ltr'><strong>tificatumaximo.</strong></span> <span class='ocrx_word' id='word_1_411' title='bbox 305 3926 336 3976; x_wconf 88' lang='lat' dir='ltr'><strong>ln</strong></span> <span class='ocrx_word' id='word_1_412' title='bbox 351 3925 402 3976; x_wconf 85' lang='lat' dir='ltr'><strong>eius</strong></span> <span class='ocrx_word' id='word_1_413' title='bbox 417 3925 506 3974; x_wconf 86' lang='lat' dir='ltr'><strong>mortui</strong></span> <span class='ocrx_word' id='word_1_414' title='bbox 521 3925 556 3974; x_wconf 92' lang='lat' dir='ltr'><strong>lo·</strong></span> <span class='ocrx_word' id='word_1_415' title='bbox 586 3933 695 3988; x_wconf 80' lang='lat' dir='ltr'><strong>potrum,</strong></span> <span class='ocrx_word' id='word_1_416' title='bbox 705 3941 768 3988; x_wconf 85' lang='lat' dir='ltr'><strong>quae</strong></span> <span class='ocrx_word' id='word_1_417' title='bbox 785 3927 838 3990; x_wconf 82' lang='lat' dir='ltr'><strong>lege</strong></span> <span class='ocrx_word' id='word_1_418' title='bbox 849 3925 941 3976; x_wconf 86' lang='lat' dir='ltr'><strong>curiata</strong></span> <span class='ocrx_word' id='word_1_419' title='bbox 951 3927 1093 3978; x_wconf 87' lang='lat' dir='ltr'><strong>olimdaba·</strong></span> 
     </span>
     <span class='ocr_line' id='line_1_46' title="bbox 50 3989 844 4053; baseline 0 -13"><span class='ocrx_word' id='word_1_420' title='bbox 50 4007 108 4040; x_wconf 87' lang='lat' dir='ltr'><strong>cum</strong></span> <span class='ocrx_word' id='word_1_421' title='bbox 119 3991 243 4053; x_wconf 76' lang='lat' dir='ltr'><strong>Cethegus</strong></span> <span class='ocrx_word' id='word_1_422' title='bbox 258 3989 369 4052; x_wconf 80' lang='lat' dir='ltr'><strong>pontifex</strong></span> <span class='ocrx_word' id='word_1_423' title='bbox 384 3991 464 4038; x_wconf 77' lang='lat' dir='ltr'><strong>lactus</strong></span> <span class='ocrx_word' id='word_1_424' title='bbox 479 3989 557 4038; x_wconf 81' lang='lat' dir='ltr'><strong>fuerat</strong></span> <span class='ocrx_word' id='word_1_425' title='bbox 589 3996 636 4049; x_wconf 85' lang='lat' dir='ltr'><strong>tur,</strong></span> <span class='ocrx_word' id='word_1_426' title='bbox 647 4005 705 4052; x_wconf 84' lang='lat' dir='ltr'><strong>prae</strong></span> <span class='ocrx_word' id='word_1_427' title='bbox 716 3991 844 4040; x_wconf 74' lang='lat' dir='ltr'><strong>tetulisse.</strong></span> 
     </span>
     <span class='ocr_line' id='line_1_47' title="bbox 591 4057 1091 4175; baseline 0 -7"><span class='ocrx_word' id='word_1_428' title='bbox 591 4056 1093 4175; x_wconf 60' lang='lat' dir='ltr'><strong>tc]</strong></span> 
     </span>
     <span class='ocr_line' id='line_1_48' title="bbox 85 4135 1093 4258; baseline -0.002 -24"><span class='ocrx_word' id='word_1_429' title='bbox 85 4199 99 4246; x_wconf 89' lang='lat'>3</span> <span class='ocrx_word' id='word_1_430' title='bbox 116 4185 159 4234; x_wconf 81' lang='lat' dir='ltr'><strong>Ea</strong></span> <span class='ocrx_word' id='word_1_431' title='bbox 169 4185 264 4232; x_wconf 78' lang='lat' dir='ltr'><strong>comitia</strong></span> <span class='ocrx_word' id='word_1_432' title='bbox 274 4199 351 4232; x_wconf 77' lang='lat' dir='ltr'><strong>nonar</strong></span> <span class='ocrx_word' id='word_1_433' title='bbox 359 4183 484 4244; x_wconf 64' lang='lat' dir='ltr'><strong>pontisas]</strong></span> <span class='ocrx_word' id='word_1_434' title='bbox 507 4181 557 4231; x_wconf 79' lang='lat' dir='ltr'><strong>Ad·</strong></span> <span class='ocrx_word' id='word_1_435' title='bbox 590 4135 769 4258; x_wconf 62' lang='lat' dir='ltr'><strong>mantpquippe</strong></span> <span class='ocrx_word' id='word_1_436' title='bbox 783 4199 814 4232; x_wconf 85' lang='lat' dir='ltr'><strong>ex</strong></span> <span class='ocrx_word' id='word_1_437' title='bbox 830 4183 868 4232; x_wconf 85' lang='lat' dir='ltr'><strong>his</strong></span> <span class='ocrx_word' id='word_1_438' title='bbox 884 4189 939 4231; x_wconf 88' lang='lat' dir='ltr'><strong>octo</strong></span> <span class='ocrx_word' id='word_1_439' title='bbox 949 4135 1019 4233; x_wconf 67' lang='lat' dir='ltr'><strong>binus</strong></span> <span class='ocrx_word' id='word_1_440' title='bbox 1035 4199 1093 4245; x_wconf 85' lang='lat' dir='ltr'><strong>pon-</strong></span> 
     </span>
     <span class='ocr_line' id='line_1_49' title="bbox 51 4246 925 4310; baseline -0.002 -12"><span class='ocrx_word' id='word_1_441' title='bbox 51 4247 151 4298; x_wconf 83' lang='lat' dir='ltr'><strong>nriratio</strong></span> <span class='ocrx_word' id='word_1_442' title='bbox 179 4246 323 4310; x_wconf 77' lang='lat' dir='ltr'><strong>quibusdam</strong></span> <span class='ocrx_word' id='word_1_443' title='bbox 353 4253 473 4304; x_wconf 82' lang='lat' dir='ltr'><strong>movetur,</strong></span> <span class='ocrx_word' id='word_1_444' title='bbox 499 4260 556 4307; x_wconf 76' lang='lat' dir='ltr'><strong>quo</strong></span> <span class='ocrx_word' id='word_1_445' title='bbox 590 4247 650 4296; x_wconf 79' lang='lat' dir='ltr'><strong>tifex</strong></span> <span class='ocrx_word' id='word_1_446' title='bbox 661 4262 782 4296; x_wconf 85' lang='lat' dir='ltr'><strong>maxrmna</strong></span> <span class='ocrx_word' id='word_1_447' title='bbox 792 4249 925 4297; x_wconf 84' lang='lat' dir='ltr'><strong>creabatur.</strong></span> 
     </span>
     <span class='ocr_line' id='line_1_50' title="bbox 51 4309 1094 4423; baseline -0.002 -61"><span class='ocrx_word' id='word_1_448' title='bbox 51 4313 127 4362; x_wconf 86' lang='lat' dir='ltr'><strong>modo</strong></span> <span class='ocrx_word' id='word_1_449' title='bbox 137 4311 306 4360; x_wconf 86' lang='lat' dir='ltr'><strong>haeccomitia</strong></span> <span class='ocrx_word' id='word_1_450' title='bbox 316 4310 426 4373; x_wconf 75' lang='lat' dir='ltr'><strong>pontifex</strong></span> <span class='ocrx_word' id='word_1_451' title='bbox 438 4309 559 4383; x_wconf 77' lang='lat' dir='ltr'><strong>maximus</strong></span> <span class='ocrx_word' id='word_1_452' title='bbox 624 4324 637 4372; x_wconf 79' lang='lat'><strong>5</strong></span> <span class='ocrx_word' id='word_1_453' title='bbox 652 4313 798 4360; x_wconf 72' lang='lat' dir='ltr'><strong>Triumviros</strong></span> <span class='ocrx_word' id='word_1_454' title='bbox 810 4313 893 4423; x_wconf 51' lang='lat' dir='ltr'><strong>ln&#39;rrosp&gt;</strong></span> <span class='ocrx_word' id='word_1_455' title='bbox 909 4311 1011 4372; x_wconf 80' lang='lat' dir='ltr'><strong>Duplex</strong></span> <span class='ocrx_word' id='word_1_456' title='bbox 1022 4313 1094 4360; x_wconf 89' lang='lat' dir='ltr'><strong>colle-</strong></span> 
     </span>
     <span class='ocr_line' id='line_1_51' title="bbox 51 4374 953 4436; baseline -0.003 -11"><span class='ocrx_word' id='word_1_457' title='bbox 51 4377 165 4426; x_wconf 81' lang='lat' dir='ltr'><strong>habuisre</strong></span> <span class='ocrx_word' id='word_1_458' title='bbox 177 4375 255 4424; x_wconf 87' lang='lat' dir='ltr'><strong>dictus</strong></span> <span class='ocrx_word' id='word_1_459' title='bbox 270 4375 309 4434; x_wconf 88' lang='lat' dir='ltr'><strong>sit,</strong></span> <span class='ocrx_word' id='word_1_460' title='bbox 320 4391 394 4436; x_wconf 85' lang='lat' dir='ltr'><strong>quum</strong></span> <span class='ocrx_word' id='word_1_461' title='bbox 412 4383 448 4422; x_wconf 90' lang='lat' dir='ltr'><strong>tot</strong></span> <span class='ocrx_word' id='word_1_462' title='bbox 463 4389 488 4422; x_wconf 88' lang='lat' dir='ltr'><strong>rn</strong></span> <span class='ocrx_word' id='word_1_463' title='bbox 505 4374 559 4423; x_wconf 84' lang='lat' dir='ltr'><strong>aliis</strong></span> <span class='ocrx_word' id='word_1_464' title='bbox 591 4375 656 4436; x_wconf 78' lang='lat' dir='ltr'><strong>glum</strong></span> <span class='ocrx_word' id='word_1_465' title='bbox 669 4374 855 4424; x_wconf 73' lang='lat' dir='ltr'><strong>triumuirorum.</strong></span> <span class='ocrx_word' id='word_1_466' title='bbox 896 4388 953 4422; x_wconf 81' lang='lat' dir='ltr'><strong>uer.</strong></span> 
     </span>
    </p>
   </div>
   <div class='ocr_carea' id='block_1_12' title="bbox 0 0 1467 4768">
    <p class='ocr_par' dir='ltr' id='par_1_15' title="bbox 0 0 1467 4768">
     <span class='ocr_line' id='line_1_52' title="bbox 0 0 1467 4768; baseline 0 0"><span class='ocrx_word' id='word_1_467' title='bbox 0 0 1467 4768; x_wconf 95' lang='lat' dir='ltr'><strong> </strong></span> 
     </span>
    </p>
   </div>
  </div>
 </body>
</html>
