3002 4798
331 219 373 280 24
720 212 832 280 ΤΙΤΙ
863 212 998 278 LIVII

170 359 206 410 U.
216 360 246 410 0.
260 372 315 423 534·
333 361 422 450 tergo
436 348 570 414 hostem.
616 346 672 413 A'd
686 349 720 413 id
734 348 801 414 dati
815 344 912 414 duces
929 347 1015 414 Galli
1030 347 1176 440 edocent,
1191 344 1268 410 inde
1282 343 1409 408 milliar

169 426 201 475 A.
217 427 247 476 ⁰·
260 425 315 474 ²¹⁸·
334 457 478 522 qmnqne
492 447 526 499 et
540 433 653 522 viginti
664 435 763 500 ferme
777 457 815 500 su
837 458 881 512 ra,
893 457 1007 522 parvae
1022 432 1143 498 insulae
1155 431 1385 496 circumiirsmn

334 543 472 598 amnem,
487 519 640 597 latiorem,
657 521 713 585 ubi
732 521 798 585 divi
820 522 942 598 ebatur,
957 542 1059 606 eoque
1079 519 1185 583 minus
1203 516 1266 582 alto
1281 515 1384 593 alveo,

335 606 503 674 transitum
532 606 707 671 ostendere.
754 606 805 671 Ibi
827 607 942 693 raptim
964 628 1054 670 caesa
1076 605 1207 670 materia
1235 615 1384 688 ratesque

333 693 512 768 fabricatae,
525 693 560 756 in
574 692 690 778 quibus
704 693 780 779 equi
791 692 913 778 virique
925 705 959 758 et
969 691 1030 755 alia
1041 689 1382 755 oneratraiicerentur.

336 777 474 865 Hispani
488 778 556 842 sine
576 777 641 842 ulla
660 777 753 856 mole,
770 778 804 842 in
825 790 912 842 utres
930 776 1126 844 vestimentis
1143 774 1305 851 coniectis,
1321 773 1409 874 ipsis

335 864 449 929 caetris
470 865 640 951 suppositis
662 864 858 941 incubantes,
875 863 997 929 flumen
1019 875 1190 928 tranavere.
1237 859 1282 925 Et
1302 859 1386 924 alins

336 951 503 1027 exercitus,
526 951 645 1015 ratibus
673 950 791 1014 iunctis
820 951 978 1027 traiectus,
1000 949 1109 1014 castris
1136 970 1235 1034 prope
1262 947 1385 1010 flumen

335 1037 454 1123 positis,
471 1049 626 1101 noctmno
647 1036 762 1100 itinere
784 1049 880 1121 atque
900 1037 1004 1122 operis
1022 1035 1129 1100 labore
1149 1034 1257 1110 fessus,
1272 1033 1384 1119 quiete

336 1123 431 1187 nnius
452 1122 518 1186 diei
540 1123 689 1198 reficitur,
706 1121 829 1187 intento
851 1122 933 1187 duce
955 1121 996 1186 ad
1018 1120 1222 1186 consilinmo
1246 1131 1383 1206 portum

337 1230 411 1272 exse
436 1207 586 1272 nendum.
632 1208 765 1272 Postero
780 1207 988 1294 die,profecti
1002 1230 1043 1272 ex
1058 1206 1139 1284 loco,
1154 1142 1280 1294 prndio
1294 1205 1410 1284 fnmo3

173 1304 276 1354 ursiton
337 1231 528 1380 signibcant,
542 1316 575 1357 se
596 1294 752 1372 transisse,
768 1307 802 1358 et
820 1293 906 1358 baud
926 1292 1036 1380 procul
1050 1293 1166 1359 abesse.
1215 1290 1316 1367 Quod-
1329 1291 1385 1356 nbi

170 1368 330 1420 Rhodanum.
338 1379 461 1530 accepit
475 1378 649 1456 Hannibal,
664 1402 706 1444 ne
726 1381 863 1467 tempori
881 1378 1015 1456 deesset,
1031 1378 1087 1444 dat
1100 1379 1227 1466 signum
1241 1377 1282 1442 ad
1297 1377 1386 1442 traii-

337 1467 408 1530 cien
433 1488 495 1531 um
541 1465 610 1530 Iam
633 1479 756 1553 paratas
777 1478 962 1553 aptatasque
984 1465 1122 1530 habebat
1135 1465 1233 1552 pedes
1254 1463 1413 1540 lintres=4

336 1552 461 1652 equites
474 1551 541 1616 sere
555 1566 686 1651 propter
704 1575 804 1638 equos
824 1566 936 1616 nantes
956 1552 1086 1617 navium
1101 1573 1225 1638 agmen,
1241 1549 1282 1614 ad
1297 1549 1411 1627 cxci-5

336 1637 492 1724 prendnm
511 1637 634 1702 adversi
654 1638 810 1724 impetum
829 1639 978 1716 fluminis,
993 1650 1082 1725 parte
1102 1637 1263 1737 superiore
1284 1649 1386 1702 nars-

338 1724 477 1800 mittens,
494 1723 755 1809 tranquillitatem
776 1724 858 1790 infra
878 1725 1106 1789 traiicientibns
1123 1723 1271 1788 hntn'bus
1292 1744 1386 1808 prae-

337 1809 441 1874 bebat
487 1807 653 1895 Equorum
668 1831 740 1896 pars
754 1832 870 1897 magna
889 1824 1002 1876 nantes
1021 1810 1096 1875 loris
1110 1833 1130 1874 a
1143 1809 1304 1896 puppibus
1322 1820 1386 1872 tra·

337 1893 505 1973 bebantur,
527 1909 652 1982 praeter
673 1917 737 1972 eos,
760 1918 841 1982 quos
866 1898 1012 1961 instratos
1033 1897 1246 1981 frenatosque,
1269 1907 1306 1958 ut
1327 1915 1386 1960 ex·

338 1981 457 2068 templo
472 1987 596 2068 egresso
611 1982 646 2045 in
660 1981 762 2068 ripam
782 1983 883 2068 equiti
899 1983 969 2046 usui
989 1994 1103 2059 essent,
1119 1981 1335 2068 imposuerant
1350 1981 1386 2044 in

226 2067 278 2129 28.
336 2089 441 2132 naves.
500 2065 587 2132 Galli
612 2082 778 2132 occursant
802 2069 837 2132 in
862 2069 962 2155 ripam
989 2089 1062 2132 cnm
1091 2067 1184 2134 variis
1212 2064 1387 2130 ululatibus

336 2167 496 2240 cantuque
517 2154 612 2218 moris
632 2154 691 2232 sui,
707 2155 886 2241 quatientes
906 2166 996 2218 scuta
1014 2176 1109 2239 super
1128 2153 1242 2240 capita,
1258 2151 1387 2216 vibran-

336 2252 447 2327 tesque
463 2239 583 2306 dextris
598 2239 679 2306 tela:
703 2263 887 2327 quanquam
899 2251 931 2305 et
945 2261 988 2303 ex
1001 2239 1132 2304 adverso
1145 2238 1283 2304 terrebat
1297 2249 1387 2304 tanta

335 2326 382 2390 vis
403 2327 533 2390 navium
555 2349 630 2391 cmn
658 2327 782 2412 ingenti
807 2348 886 2390 sono
906 2325 1047 2390 fluminis
1068 2338 1102 2389 et
1130 2323 1267 2389 clamore
1298 2323 1386 2390 vario

336 2424 506 2475 nautarum
520 2424 554 2475 et
567 2411 715 2487 militnm,
732 2412 788 2496 qui
806 2412 990 2476 nitebantur
1008 2431 1212 2497 perrumpere
1227 2409 1387 2495 impetum

336 2496 486 2572 fluminis,
501 2510 535 2561 et
548 2496 605 2581 qui
619 2518 660 2559 ex
675 2494 773 2560 altera
786 2497 856 2583 ripa
874 2497 1065 2561 traiicientes
1080 2518 1152 2560 suos
1167 2495 1385 2576 hortabantur.

337 2580 406 2646 Iam
431 2582 505 2646 satis
532 2593 685 2667 paventes
707 2581 838 2647 adverso
863 2579 1003 2648 tumultu
1027 2581 1197 2647 terribilior
1225 2581 1265 2647 ab
1294 2593 1387 2666 tergo

337 2666 467 2732 adortus
488 2665 615 2744 clamor,
632 2667 739 2732 castris
761 2669 800 2732 ab
823 2667 984 2733 Hannone
1006 2668 1115 2754 captis.
1161 2666 1244 2734 Mox
1261 2679 1295 2732 et
1316 2667 1387 2754 ipse

337 2751 455 2830 aderat,
471 2775 651 2838 ancepsque
668 2767 766 2818 terror
780 2754 1010 2832 circumstabat,
1023 2767 1056 2820 et
1070 2777 1088 2818 e
1104 2754 1237 2820 navibus
1251 2765 1339 2820 tanta
1352 2752 1387 2816 vi

336 2851 528 2904 armatorum
542 2839 577 2902 in
593 2851 708 2904 terram
728 2839 893 2916 evadente,
910 2853 943 2906 et
962 2842 1002 2906 ab
1024 2854 1055 2905 tc
1093 2864 1112 2905 0
1130 2840 1300 2927 improvisa
1312 2860 1387 2926 pre·

337 2936 444 2988 mente
460 2924 537 2990 acie.
585 2922 681 3002 Galli,
696 2939 874 3012 postquam,
892 2926 975 2991 ultro
989 2863 1171 2992 vimbcere
1186 2927 1301 3003 conati,
1316 2923 1412 3012 pel-6

336 3008 491 3088 labantur,
508 3033 573 3097 qua
586 3022 694 3096 patere
714 3011 818 3078 visum
837 3013 975 3078 maxime
995 3013 1065 3089 iter,
1081 3024 1300 3099 perrumpunt,
1321 3023 1387 3076 tre-

372 3231 382 3266 ι
400 3219 487 3267 Mtttta
505 3219 613 3283 quinum
631 3225 656 3267 et
673 3220 775 3281 sisinn]
798 3219 845 3267 Po·
875 3227 949 3282 parte
964 3223 1131 3270 tranensem
1145 3223 1246 3284 equites,
1264 3221 1306 3283 qni
1318 3222 1385 3281 ferr,

337 3281 432 3344 lybium
448 3281 481 3332 iii.
496 3297 535 3344 4²·
551 3297 633 3346 presso
648 3282 748 3393 serapio
765 3288 846 3334 noent
878 3284 928 3335 sive
944 3299 1047 3346 quorum
1065 3285 1176 3346 plerique
1192 3291 1261 3334 erant
1277 3293 1386 3347 propter,

337 3344 455 3407 sequitur,
466 3345 557 3409 quippe
569 3345 635 3396 illius
646 3346 698 3394 διακ
712 3363 752 3395 cta
762 3343 846 3394 στάδια
878 3361 921 3395 sen
935 3363 1012 3409 prope
1026 3365 1098 3412 equos
1112 3356 1208 3408 naam,
1219 3351 1384 3411 mamillan-

337 3410 369 3458 sd
386 3409 503 3458 amussim
521 3425 623 3460 numero
641 3409 743 3459 Linano
759 3425 846 3460 conve-
879 3416 924 3460 tem
933 3413 1066 3473 mutatae
1080 3413 1194 3460 liuto-ibin
1208 3413 1279 3471 infra
1292 3414 1384 3460 traiici-

337 3473 416 3524 niunt.
434 3475 541 3526 Sanora.
876 3476 979 3528 mitur.
1011 3475 1088 3528 addit
1099 3478 1256 3536 vocemsm,
1266 3476 1384 3538 quianon

370 3539 607 3598 asimullnmole]
621 3537 845 3587 Sinenllomsiore
878 3551 962 3586 omnes
986 3538 1080 3599 equites
1104 3554 1181 3601 prope
1196 3555 1234 3596 ,se
1260 3540 1385 3588 habebant

337 3605 466 3663 apparatu.
878 3615 952 3661 equos
978 3607 1072 3655 nantes.
1106 3602 1241 3664 Siquidem,
1266 3609 1294 3651 nt
1321 3603 1385 3651 inira
1487 3625 1488 3658 g

370 3665 511 3724 3Proseott'
530 3679 561 3712 aa
578 3665 636 3720 loco,
649 3663 842 3724 proditofismo]
876 3670 1034 3725 memoratur,
1055 3665 1150 3727 aliquot
1172 3681 1247 3728 equos
1269 3667 1384 3714 instratos
1487 3675 1488 3698 ³

336 3728 456 3786 Profecti,
473 3742 505 3776 aa
523 3728 572 3774 loco
589 3727 735 3784 oditofamo
751 3727 844 3788 sipm‘fi·
876 3727 1031 3790 lienatosque
1054 3729 1080 3779 in
1107 3744 1182 3784 naves
1207 3730 1384 3797 imposuerant.
1487 3747 1488 3788 j

336 3797 487 3849 eanr,quam
503 3789 634 3836 lectionem
650 3787 753 3836 coniecit
766 3788 843 3840 Cleri·
876 3790 956 3840 Gnsv.
1487 3805 1488 3850 l

337 3851 758 3913 uqurobantRnpertetStroth.
908 3852 924 3902 6
947 3856 1090 3920 Postquam,
1117 3857 1182 3906 altro
1208 3859 1258 3908 uim
1279 3859 1381 3922 suom]

369 3915 842 3978 4Lt'atrssJPerlintresintelligitnos·
874 3919 1007 3981 Postquam
1023 3926 1134 3984 strepas,
1148 3920 1174 3969 id
1191 3921 1275 3980 estin
1292 3927 1383 3972 utram·
1487 3925 1488 3974 l

336 3983 374 4027 ter
384 3977 416 4026 τὸ
425 3976 542 4052 nondinae
551 3979 631 4052 rania,
642 3984 667 4026 et
683 3993 727 4040 per
742 3981 843 4028 nauium
876 3996 924 4043 qne
938 3987 1106 4044 partem,tum
1121 3984 1147 4032 iu
1162 3985 1383 4046 conquassante.

336 4042 841 4104 apmenmmoranangiaquaelemborap·
874 4049 927 4092 tum
941 4045 967 4093 in
983 4046 1076 4108 eosqui
1091 4062 1107 4095 a
1120 4053 1187 4111 tergo
1201 4047 1383 4107 adoriebantur,
1487 4083 1488 4106 ,

335 4106 413 4175 pellat
426 4105 513 4168 Polyb.
524 4119 557 4154 m
569 4119 608 4167 43.
648 4169 651 4172 ῃ
874 4111 923 4157 nim
938 4110 1026 4168 facere
1047 4115 1137 4172 mnan,
1155 4115 1320 4174 pellebantur,
1342 4129 1382 4161 co
1487 4111 1488 4162 ξ

367 4181 381 4232 5
398 4171 502 4232 santa
508 4172 566 4230 sere
576 4176 678 4232 propter
691 4185 764 4234 emtor
776 4187 838 4220 aaa
871 4172 950 4220 dicem
962 4174 1078 4224 Cantabr.
1086 4181 1255 4237 seminecum
1268 4177 1381 4242 Ruperto
1487 4165 1488 4224 l

333 4235 381 4293 tae]
398 4235 509 4286 Nauium
524 4251 611 4297 cymen
629 4236 754 4299 mpetiors
770 4235 838 4285 fluvii
870 4236 980 4301 reponat
990 4237 1081 4290 Stroth.
1487 4225 1488 4298 l

1487 4583 1488 4606 l
