2966 4778
371 193 468 260 LIB.
493 193 625 260 XXIII.
660 195 771 261 CAP.
795 201 827 261 4.
1062 200 1122 262 125

71 336 174 394 ‘cum
187 352 311 396 summo
325 343 429 397 vestro
443 333 594 420 periculo,
610 333 667 398 sed
679 345 780 399 tutam
795 332 918 399 habetis
932 355 969 398 ac
983 331 1169 398 liberrimo.
1180 345 1210 395 0.
1224 343 1280 407 536.

70 415 232 481 ‘Clausus
254 439 366 482 omnes
390 418 425 482 in
450 419 570 483 curiam
594 419 738 507 accipite,
761 419 854 497 solos,
880 420 1032 484 inermes:
1064 411 1164 484 necL
1182 411 1212 461 ⁰·
1225 407 1280 459 ²¹⁶·

70 502 268 590 ‘quicquam
283 504 409 591 raptim,
425 518 480 569 aut
494 506 574 569 forte
595 519 714 570 temere
729 505 864 593 egeritis.
910 506 963 571 De
984 505 1124 594 singulo-

69 593 167 652 ‘rum
187 589 290 676 capite
305 589 395 656 vobis
409 590 459 655 ius
478 593 653 656 sententiae
674 591 829 657 dicendae
844 593 967 671 faciam,
983 604 1028 669 ut,
1044 615 1124 680 quas

68 674 230 762 ‘quisque
246 676 378 741 meritus
397 689 455 754 est,
469 699 587 764 poenas
609 678 738 765 pendat.
785 677 851 745 Sed
865 694 940 744 aute
958 679 1065 743 omnia
1079 680 1124 743 ita

68 767 150 824 ‘vos
165 761 230 825 irae
245 761 413 849 indulgere
433 786 453 828 ο
476 775 567 841 ortet,
584 776 620 828 ut
634 765 790 851 potiorem
805 765 852 828 ira
872 764 1006 830 salutem
1026 777 1123 852 atque

69 845 265 912 ‘utilitatem
294 862 430 913 vestram
504 851 613 914 beatis.
674 849 804 915 Etenim
833 849 900 927 hos,
931 864 969 915 ut
999 851 1122 936 opinor,

69 932 208 998 ‘odistis
216 946 393 1011 senatores3
417 957 483 1000 non
497 951 643 1002 senatum
657 937 789 1000 omnino
802 936 920 1002 habere
932 959 998 1001 non
1006 936 1120 1001 vultis:

68 1019 213 1118 ‘qnippe
239 1033 296 1085 aut
318 1043 385 1099 rex,
407 1020 510 1109 (quod
532 1020 796 1108 abominandum)
821 1035 887 1100 aut,
912 1021 1000 1110 quod
1023 1044 1124 1086 unum
1162 1083 1165 1088 .

68 1103 211 1170 ‘liberae
223 1107 357 1172 civitatis
366 1108 533 1173 consilium
544 1123 601 1187 est,
611 1121 739 1174 senatus
747 1109 912 1174 habendus
921 1121 978 1174 est
1009 1107 1122 1196 Itaque

68 1191 177 1257 ‘duae
192 1215 243 1257 res
257 1193 351 1258 simul
365 1195 507 1282 agendae
522 1209 598 1260 sunt
610 1196 709 1272 vobis,
725 1208 763 1260 ut
776 1209 810 1260 et
822 1209 964 1260 veterem
977 1206 1123 1260 senatum

68 1283 79 1315 ‘
90 1278 223 1356 tollatis,
247 1295 281 1344 et
310 1301 428 1346 novum
457 1283 620 1369 cooptatis.
668 1281 770 1348 Citari
795 1283 821 1348 si
900 1305 934 1348 os
963 1295 1122 1347 senatores
1131 1290 1275 1340 Dummodo

69 1365 223 1443 ‘iubeb0,
235 1366 471 1452 dequorumca
492 1369 603 1434 itevos
617 1367 787 1433 consulam.
870 1369 1280 1468 uoddequoque2¹⁰l¹¹⁸⁸⁰¹22
1384 1400 1392 1408 ·

69 1451 292 1530 ‘censueritis
304 1453 369 1518 fiet.
416 1453 458 1520 Se
495 1455 583 1541 prius
596 1454 710 1520 ineius
724 1455 830 1520 locum
844 1456 947 1519 virum
958 1455 1072 1520 fortem
1086 1434 1244 1533 acnqqeoop

69 1544 261 1602 ‘strenuum
282 1561 401 1604 novum
422 1555 600 1606 senatorem
622 1541 819 1629 cooptabitis,
843 1563 939 1629 quam
961 1541 1002 1607 de
1025 1541 1123 1606 noxio

69 1623 286 1711 ‘supplicium
316 1627 478 1692 sumatam'
521 1627 602 1692 Inde
629 1627 781 1704 consedit,
812 1640 855 1705 et,
877 1627 1059 1692 nominibus
1088 1627 1122 1690 iu
1211 1629 1214 1634 ’

67 1731 187 1775 umam
202 1711 363 1790 coniectis,
378 1713 478 1790 citari,
494 1713 583 1800 quod
600 1715 739 1815 primum
756 1727 839 1780 sorte
854 1737 972 1779 nomeu
993 1712 1122 1791 excidit,

68 1797 243 1886 ipsumque
260 1822 279 1863 e
293 1799 381 1863 curia
394 1798 528 1886 produci
543 1801 642 1865 iussit.
689 1799 755 1865 Ubi
769 1800 916 1866 auditum
931 1813 980 1865 est
993 1823 1121 1878 nomen,

67 1883 192 1949 malum
211 1897 244 1949 et
263 1885 443 1972 improbum
464 1909 523 1986 pro
541 1909 574 1951 se
619 1886 732 1974 uisque
752 1888 897 1965 clamare,
913 1899 947 1951 et
967 1886 1123 1974 supplicio

68 1969 217 2121 dignum.
264 1971 350 2035 Tum
359 1971 527 2050 Pacuvms,
540 1981 550 2011 ‘
558 1909 674 2050 Video,
687 1995 769 2060 quae
784 1972 825 2038 de
841 1973 903 2037 hoc
917 1972 1076 2038 sententia
1083 1972 1125 2035 sit

45 2065 79 2116 6‘
134 2070 178 2121 ta.
225 2055 344 2145 Eligite
359 2080 417 2146 pro
432 2058 515 2124 malo
530 2071 626 2146 atque
646 2060 791 2145 improbo
805 2058 924 2123 bonum
945 2070 1123 2122 senatorem

70 2152 127 2208 ‘et
142 2143 284 2208 iustum'
327 2143 436 2208 Primo
455 2143 618 2210 silentium
633 2149 704 2209 erat
715 2143 824 2231 inopia
844 2143 976 2231 potioris
996 2143 1228 2233 subiici-Haeret
1238 2174 1280 2222 po

69 2229 171 2306 undi3
195 2228 324 2306 deinde,
363 2253 441 2295 uum
455 2230 578 2318 aliquis,
595 2230 710 2295 omissa
723 2229 924 2305 verecundia,
941 2221 1205 2316 quempiamrult'
1215 2237 1243 2334 Ἥ

68 2316 276 2392 nominasset,
292 2337 326 2378 m
360 2327 393 2380 to
408 2316 508 2381 maior
522 2317 683 2402 extemplo
698 2315 816 2381 elamor
838 2315 1007 2392 oriebatur,
1022 2337 1122 2402 quum
1131 2299 1262 2410 {233¹}ss

69 2401 125 2466 alii
147 2414 304 2488 negarent
325 2423 435 2477 nosse;
466 2400 520 2466 alii
541 2424 629 2467 nunc
655 2403 779 2488 probra,
801 2423 889 2466 nunc
911 2400 1265 2468 bumilitatemnatoribua

68 2487 298 2574 sordidamque
310 2486 461 2575 inopiam,
473 2501 506 2552 et
516 2486 687 2575 pudendae
698 2487 774 2552 artis
785 2501 840 2552 aut
851 2499 1001 2575 quaestus
1011 2509 1123 2574 genus,

69 2575 257 2640 obiicerent
305 2571 378 2638 Hoc
403 2573 624 2660 multomagis
638 2573 672 2637 iu
693 2573 834 2638 seeundo
857 2597 893 2638 ac
913 2574 1007 2638 tertio
1026 2573 1124 2638 citato

68 2671 217 2724 senatore
232 2659 428 2724 estfactum:
452 2671 490 2723 ut
500 2659 599 2746 ipsius
607 2660 770 2746 poenitere
785 2659 932 2724 homines
943 2675 1121 2748 appareret3

69 2767 170 2833 quem
182 2759 291 2811 autem
305 2745 338 2810 iu
359 2746 429 2810 eius
443 2745 670 2812 substituerent
689 2745 805 2824 locum,
821 2746 948 2812 deesse:
974 2747 1050 2833 quia
1063 2769 1124 2812 nec

47 2831 203 2901 reosdem
224 2831 382 2896 nominari
402 2832 566 2909 attinebat,
581 2831 663 2896 11in
680 2831 767 2897 aliud
790 2855 886 2919 quam
908 2832 950 2897 ad
965 2832 1125 2898 audienda

69 2919 188 3006 probra
198 2919 388 2996 nominatos,
400 2931 434 2983 et
444 2918 545 2983 multo
556 2917 741 2984 humiliores
751 2919 897 2984 obscurio
971 2941 1011 2982 ue
1026 2919 1124 2982 ceteri

69 3017 165 3070 erant
193 3003 242 3084 iis,
272 3005 328 3092 qui
355 3004 452 3105 primi
480 3005 651 3070 memoriae
684 3006 900 3070 occurrebant
965 3017 998 3068 ta
1025 3003 1123 3067 dilabi
1131 3006 1236 3056 acutus
1246 3006 1274 3055 li-

69 3090 228 3168 homines,
255 3091 454 3156 notissimum
478 3090 629 3178 quodque
656 3090 775 3154 malum
798 3091 937 3155 maxime
961 3089 1122 3154 tolerabile
1130 3071 1237 3122 uratur.

68 3177 216 3241 diceutes
230 3199 308 3254 esse,
324 3177 533 3264 iubentesque
549 3187 693 3241 senatum
708 3199 750 3242 ex
764 3175 908 3242 custodia
922 3175 1049 3240 dimitti.

117 3261 191 3328 Hoc
219 3263 316 3328 modo
342 3262 501 3328 Pacuvius
525 3285 626 3350 quum
655 3262 830 3328 obnoxium
856 3262 938 3326 vitae
965 3261 1123 3326 beneficio
1189 3279 1219 3338 4,

69 3361 217 3414 senatum
232 3349 334 3414 multo
355 3349 414 3415 sibi
429 3349 539 3449 magis,
555 3371 652 3436 quam
669 3347 765 3435 plebi,
780 3347 913 3424 fecisset,
928 3347 998 3412 sine
1018 3347 1122 3426 armis,

69 3436 294 3500 iamomnibus
307 3433 566 3512 concedentrbus,
576 3433 807 3499 dominabatur.
853 3433 1122 3511 Hinesenatores,

70 3523 188 3586 omissa
234 3521 242 3536 ’
290 3521 373 3596 'tatis
401 3521 618 3608 libertatisque
647 3519 810 3599 memoria,
837 3519 964 3608 plebem
989 3517 1122 3597 adulari,

69 3607 217 3687 salutare,
276 3608 385 3708 ‘nigne
414 3607 558 3684 invitare,
579 3606 736 3694 apparatis
761 3606 904 3696 accipere
934 3605 1046 3757 epulis,
1070 3627 1124 3670 eas

47 3707 181 3760 acausas
203 3717 372 3794 arsnpere,
397 3694 427 3758 ei
453 3716 578 3782 semper
599 3694 681 3780 parti
705 3692 824 3771 adesse,
840 3715 946 3794 'secun
967 3715 1025 3794 um
1052 3713 1122 3757 eam

70 3779 162 3845 litem
177 3780 298 3845 iudices
309 3780 395 3858 dare,
405 3802 487 3867 quae
500 3780 599 3867 magis
610 3779 771 3867 popularis
784 3791 950 3866 aptiorque
965 3802 1000 3843 m
1008 3778 1123 3867 vulgus

103 4004 228 4068 oratura
291 4007 367 4065 malo]
386 4004 581 4054 Itaaxsaeunda
645 4004 1120 4065 sesmarumemtumtudtoudm]

73 4069 213 4118 comestura
247 4069 401 4131 rouovii,pro
409 4069 582 4132 reluctabar
613 4068 754 4131 AmbIgitar
767 4073 850 4118 utrum
861 4069 1048 4130 inretimur
1062 4069 1123 4118 don

69 4149 116 4195 pro
133 4135 193 4182 bono
289 4136 381 4182 lurtum
398 4134 488 4196 altolto,
502 4133 580 4182 Drok.
613 4133 705 4182 ludlow
714 4132 755 4180 bic
767 4131 853 4181 Livius
862 4131 991 4195 intelligat.
1024 4131 1124 4181 Crevier

71 4195 170 4259 recepit.
444 4211 451 4218 ·
613 4195 1123 4259 quidemexpouitdareiuda'oemcrmdum

105 4262 206 4322 7erss
214 4261 379 4324 alludqrcum]
394 4260 501 4322 craupr.
508 4259 532 4312 ii.
541 4259 580 4322 63.
612 4276 666 4308 earn
682 4261 748 4310 litem
764 4260 831 4310 idem
849 4261 922 4320 velle,
939 4265 1013 4322 atque
1029 4258 1123 4308 iudices

74 4325 144 4373 Idem
157 4325 299 4386 valetquod
312 4325 480 4373 tantummodo.
614 4325 770 4385 pronosdara
785 4324 826 4386 qui
842 4325 865 4372 ci
877 4323 990 4386 litigatori
1001 4323 1119 4380 furerent,
