2888 4768
363 183 457 251 LIB.
481 184 608 252 XXIV.
639 186 749 252 CAP.
774 193 822 253 18.
1048 193 1109 254 193

71 317 207 395 viarum,
223 339 264 382 an
278 317 450 406 exiguitate
464 320 623 408 temporis,
636 319 724 386 Nero
739 321 869 424 exsequi
883 345 948 388 non
961 323 1108 411 potuerit,
1119 332 1152 382 U·
1164 331 1193 381 ⁰·
1207 332 1261 394 538·

71 403 233 470 incertum
262 417 317 468 est
373 405 515 472 Absente
544 430 582 472 eo
608 431 706 495 quum
753 409 884 474 rochum
909 411 1108 474 commissum
1117 397 1148 510 ἓ·
1165 396 1261 470 031⁴·

71 503 167 568 esset,
191 491 332 590 superior
357 491 486 578 quidem
511 492 596 558 haud
622 493 716 560 dubie
730 432 903 562 llomanus
928 508 1014 572 erat3
1041 473 1223 574 sedviffi

71 577 152 662 quia
170 591 291 665 eqmtes
311 601 375 643 non
395 579 511 643 affiiere
531 581 566 643 in
586 595 736 681 tempore,
755 583 833 647 ratio
853 583 1042 670 compositae
1062 583 1107 647 rei
1234 603 1240 606 ·

70 665 199 728 turbata
219 677 275 728 est
320 663 397 729 Non
419 687 512 730 ausus
532 667 656 752 insequi
678 667 825 734 cedentes
844 669 1022 746 Marcellus,
1038 669 1107 733 vin·

69 750 219 815 centibus
247 750 311 816 suis
338 751 463 839 signum
492 753 632 839 receptui
657 753 754 817 dedit.
810 751 886 818 Plus
911 767 1017 819 tamen
1042 754 1106 820 dno

68 835 173 900 millia
200 836 337 902 hostium
367 861 406 902 eo
431 838 482 903 die
508 860 596 903 caesa
621 839 804 904 traduntur:
840 839 977 904 Romani
1002 840 1106 906 minus

68 922 319 1010 quadringentis.
367 923 447 988 Solis
468 925 532 990 fere
555 948 666 990 occasu
689 925 786 1002 Nero,
809 925 894 990 diem
916 938 1105 1014 noctemque

67 1009 285 1096 nequicquam
303 1009 357 1074 fn‘
381 1011 439 1074 atis
459 1011 549 1097 equis
568 1010 818 1098 hominibusque,
834 1033 874 1075 ne
892 1012 958 1076 viso
976 1011 1106 1099 quidem

43 1095 163 1159 thoste
182 1094 316 1173 rediens,
378 1119 417 1160 eo
437 1097 572 1183 graviter
592 1110 639 1161 est
660 1097 699 1162 ab
718 1097 845 1162 consule
867 1097 1047 1185 increpitus,
1070 1111 1106 1163 ut

65 1203 129 1267 per
152 1203 226 1245 eum
249 1181 367 1246 stetisse
392 1182 520 1260 diceret,
539 1205 606 1332 quo
631 1183 734 1248 minus
759 1196 887 1271 accepta
911 1184 952 1248 ad
978 1183 1105 1250 Cannas

65 1265 256 1332 redderetur
276 1266 358 1334 hosti
382 1269 493 1334 clades
567 1282 669 1334 ostero
691 1268 742 1334 die
767 1269 929 1334 Romanus
949 1271 983 1334 in
1004 1271 1104 1336 aciem

65 1353 253 1418 descendit:
277 1353 413 1432 Poenus,
433 1356 527 1420 tacita
546 1355 640 1420 etiam
660 1356 851 1420 confessione
869 1356 979 1433 victus,
998 1357 1104 1422 castris

65 1462 104 1504 se
120 1440 230 1505 tenuit.
276 1441 385 1506 Tertio
400 1441 452 1506 die
467 1441 590 1506 silentio
607 1441 717 1519 noctis,
734 1442 846 1506 omissa
860 1463 914 1529 spe
930 1441 1032 1506 Nolae
1046 1465 1103 1530 po·

65 1525 211 1604 tiundae,
226 1527 271 1590 rei
286 1550 353 1592 nun
376 1550 448 1591 uam
466 1549 612 1614 prospere
630 1539 777 1605 tentatae,
794 1527 968 1594 Tarentum
982 1527 1022 1592 ad
1036 1540 1110 1593 eer-'

66 1612 183 1676 tiorem
198 1635 286 1700 spem
300 1636 322 1700 p
380 1613 484 1678 itionis
498 1613 713 1700 proficiscitur.

113 1697 186 1764 Nec
210 1699 331 1764 minore
357 1700 461 1763 animo
486 1721 535 1764 res
557 1699 702 1764 Romana
724 1699 820 1778 domi,
843 1723 938 1788 quam
963 1700 1101 1779 militiae,
1160 1693 1208 1754 18·

38 1785 245 1873 agerebstur.
292 1782 457 1861 Censores,
475 1786 565 1850 vacui
584 1786 623 1850 ab
643 1809 774 1874 operum
793 1786 996 1852 locandorum
1018 1776 1252 1888 curbssffl‘„

64 1883 199 1958 propter
231 1871 369 1958 inopiam
402 1872 522 1949 aerarii,
548 1872 589 1938 ad
618 1895 721 1938 mores
752 1873 917 1939 hominum
949 1874 1103 1961 regendos
1111 1919 1166 1951 vere
1176 1918 1243 1952 exer-

64 1957 210 2022 animum
230 1957 441 2035 adverterunt,
460 1958 701 2046 castigandaque
721 1958 805 2037 vitia,
821 1983 912 2045 quae,
927 1959 1014 2024 velut
1032 1960 1165 2024 diu-cite

38 2044 145 2112 erinis
160 2044 274 2108 morbis
289 2067 381 2131 aegre
394 2067 524 2131 corpora
540 2067 580 2110 ex
599 2068 631 2109 se
674 2046 681 2059 '
728 2057 795 2121 unt,
810 2061 884 2109 nata
900 2044 984 2109 bello
1003 2058 1100 2111 erant.

64 2129 213 2194 Primum
228 2153 281 2194 eos
295 2131 480 2207 citaverunt,
495 2131 551 2230 qui
565 2143 636 2217 post
651 2069 855 2195 dinnnemem
869 2153 890 2218 p
957 2153 1008 2195 am
1021 2154 1104 2196 rem·

40 2214 228 2366 ipublicam
248 2216 430 2294 deseruisse,
446 2215 600 2304 Itahaque
622 2217 789 2282 excessisse
808 2216 888 2282 velle
933 2217 1101 2282 'cebentun

97 2302 184 2367 rinee
243 2325 352 2368 eorum
374 2302 411 2367 1.
427 2301 584 2368 Caecilius
602 2303 752 2368 Metellus
769 2317 915 2390 quaestor
936 2315 1002 2368 tum
1022 2302 1102 2369 forte

63 2402 144 2453 erat.
208 2411 279 2454 usso
294 2388 409 2454 deinde
430 2412 468 2454 eo
487 2389 661 2477 ceterisque
681 2389 821 2454 eiusdem
839 2411 939 2454 noxae
954 2389 1015 2454 reis
1030 2413 1104 2454 cau-

62 2497 134 2538 sam
149 2473 265 2552 dicere,
281 2497 380 2562 quum
394 2476 520 2563 purgari
535 2477 726 2564 nequissent,
742 2475 993 2576 pronuntiarunt,
1009 2477 1103 2542 verba

63 2560 305 2648 orationemque
338 2584 392 2626 eos
421 2561 568 2628 adversus
600 2561 824 2650 rempublicam
854 2561 1007 2641 habuisse,
1038 2586 1102 2650 quo

62 2647 244 2712 coniuratio
262 2646 452 2712 deserendae
467 2647 576 2713 Italiae
596 2671 689 2714 causa
702 2649 800 2713 fieret
847 2647 1028 2713 Secundum
1048 2673 1103 2714 eos

35 2733 156 2798 ecitati
171 2733 265 2798 nimis
279 2732 384 2798 callidi
398 2734 580 2799 exsolvendi
599 2733 799 2800 iurisiurandi
817 2734 883 2800 inte
937 2747 1022 2814 etes3
1068 2736 1102 2800 ui

61 2843 104 2886 ca
127 2819 272 2896 tivorum,
288 2841 328 2883 ex
350 2819 462 2884 itinere
483 2821 613 2908 regressi
635 2819 715 2885 clam
736 2821 770 2884 in
792 2757 1101 2900 castrarllannibdis,

61 2842 214 2984 solinum,
236 2906 322 2992 quod
344 2906 521 2970 iuraverant
541 2905 705 2983 redituros,
725 2909 881 2972 rebantur.
927 2906 989 2972 His
1010 2931 1047 2971 su
1087 2943 1103 2958 -

34 2992 262 3092 arioribusque
283 2990 344 3055 illis
364 2991 438 3079 equi
458 2991 605 3092 adempti,
621 2992 676 3079 qui
695 2991 856 3079 publicum
872 3015 990 3079 equum
1006 2931 1102 3057 hali-

34 3080 163 3150 4bant:
188 3079 333 3165 tribuque
358 3078 444 3155 moti,
467 3079 576 3142 serani
597 3099 706 3141 omnes
726 3076 809 3143 facti.
855 3077 970 3166 Neque
991 3091 1103 3143 senatu

60 3165 163 3230 modo
177 3178 232 3230 aut
245 3163 383 3251 equestri
398 3162 508 3228 ordine
522 3162 661 3251 regendo
675 3185 750 3228 cura
763 3186 796 3228 se
811 3186 973 3228 semorum
990 3165 1100 3229 tenuit

33 3251 209 3319 5N0mina
234 3249 376 3316 omnium
401 3272 444 3313 eir
468 3248 627 3314 iuniomm
652 3249 765 3314 tabulis
790 3263 1022 3336 excerpserunt,
1046 3251 1101 3338 qui

103 3498 117 3548 7
140 3487 173 3536 m
195 3502 243 3550 per
269 3503 323 3536 eum
349 3489 440 3536 statura
465 3488 568 3547 dicent]
601 3487 697 3535 actions
715 3485 797 3549 aliqua
814 3486 983 3548 prodidisset''
1004 3486 1100 3537 clinsr.

60 3551 133 3601 Eum
155 3550 182 3598 iu
202 3565 278 3610 mors,
297 3550 322 3598 iii
342 3551 416 3612 culpa
434 3550 513 3600 fuisse.
538 3551 568 3599 cf.
601 3550 685 3598 xxxix.
700 3565 735 3612 15.

59 3613 217 3677 supr.ii.3r.
633 3617 823 3678 elaterpretes]
850 3615 963 3676 clSupr.
982 3614 1042 3662 xxii.
1063 3615 1098 3662 ιθ.

81 3680 113 3766 ¹8
131 3678 238 3754 Ορσηςηι
253 3679 418 3738 mmmm]
441 3677 568 3728 Aedilicio
632 3679 733 3752 quque
745 3680 862 3791 ‘Pfflss‘ll
890 3679 931 3754 De
945 3677 1099 3741 ademptione

58 3757 120 3792 rum
147 3743 244 3803 pubhca
265 3743 464 3792 exstruendorum
486 3749 511 3791 et
531 3757 566 3791 re-
599 3743 798 3804 equipublicicl
838 3742 912 3791 iebhr.
924 3757 939 3792 1.
951 3759 975 3793 ir.
989 3755 1056 3806 1015.

58 3805 405 3867 demptoribuslocandoruni.
423 3806 529 3856 Sinoria
631 3807 785 3869 effibuque
800 3808 868 3867 moti]
895 3807 953 3856 Non
969 3808 1042 3856 morlo
1058 3808 1098 3856 tri·

95 3871 172 3934 9Eae
185 3886 211 3920 u
224 3872 343 3933 pipam]
370 3885 402 3918 sc.
415 3869 490 3930 vitis,
504 3885 567 3931 quae
598 3871 656 3945 qu
677 3875 771 3918 mutere
790 3869 856 3946 iussi,
874 3871 967 3946 sodex
988 3871 1099 3920 omnibus

58 3949 112 3984 vox
126 3948 158 3982 ex
174 3933 247 3995 priori
257 3935 366 3982 membro
376 3939 489 3982 orationis
499 3948 566 3995 repe·
598 3934 707 4008 tribubus
724 3939 807 4008 emoti,
824 3939 898 3997 atque
915 3940 979 3984 inter
995 3936 1099 3984 somnos

57 3998 423 4126 mibiiffiif‘iuaqi.
442 4062 568 4136 ”Q
599 3997 957 4136 ”ibililffi‘iitai
985 4065 1097 4112 rum

57 4127 125 4178 aelle
141 4127 296 4186 disemum]
322 4125 476 4174 efiMuretus
491 4126 524 4172 iii.
542 4139 566 4185 p.
598 4139 834 4200 omnmqm'aunos
846 4127 1011 4188 septendecim
1022 4141 1097 4187 usque

58 4205 119 4256 349.
143 4189 216 4300 ἐξω
234 4187 350 4300 lpqueqqli
366 4204 462 4302 ffili'
478 4189 567 4300 {soi-rga
599 4189 913 4262 &quadragintaquinque
923 4191 1046 4238 haberent.
1066 4189 1096 4236 cf.

56 4256 419 4378 ttlf’...?⁸t¹..t¹..tt.¹.¹‚
432 4265 567 4376 affl...
600 4267 645 4313 ⁸¹¹⁹
646 4267 664 4300 ¹·
675 4267 690 4298 ¹·
702 4266 740 4314 ⁴³·

105 4399 182 4443 VOla.
199 4398 233 4442 11.
897 4399 917 4438 0
