2878 4772
332 223 430 292 LIB.
450 223 616 292 XXVIII.
648 222 761 294 ca'P.
782 234 830 294 13.
1038 235 1103 297 415

47 363 171 428 insitus
192 361 281 449 genti
306 383 365 450 per
387 360 551 428 latrocinia
575 362 720 428 militiam
741 362 923 428 exercendi.
969 362 1041 430 Nec
1063 365 1189 431 abuc.
1205 379 1260 444 ⁵4⁶·

18 449 153 515 idomo
167 448 340 534 quicquam
355 447 549 526 mittebatur,
564 448 605 513 de
626 448 783 549 Hispania
801 449 969 516 retinenda
988 445 1144 516 sollici-³·
1159 445 1189 495 ⁰·
1206 443 1261 495 ²0⁶·

49 535 106 612 tis,
123 547 177 599 tan
201 555 276 600 uam
290 533 398 598 omnia
412 555 561 622 prospera
574 535 607 598 in
622 534 715 600 Italra
728 549 841 601 essent.

99 619 142 686 In
205 620 326 708 ‘spania
350 641 400 684 res
425 619 563 707 quadam
588 641 630 686 ex
658 633 747 708 parte
773 622 908 686 eandem
935 621 1262 699 fortunamnsnaps-

50 706 195 794 quadam
217 706 312 791 longe
334 704 492 793 disparem
513 705 690 772 habebant:
714 707 859 785 eandem,
875 707 963 794 quod
984 699 1176 794 praetiosi*

50 792 134 858 victi
150 791 438 877 Carthaginienses,
459 791 541 856 duce
564 793 688 869 amisso,
707 792 741 856 in
762 792 907 857 ultimam
929 791 1104 880 Hispaniae

52 899 147 944 oram
160 900 262 964 usque
276 875 317 941 ad
334 876 501 942 Oceanum
516 900 585 942 com
611 877 670 942 ulsi
685 890 792 942 erant:
814 878 973 964 disparem
987 891 1105 956 autem,

52 964 147 1051 quod
162 962 327 1050 Hispania,
342 985 519 1050 nonquam
534 899 628 1028 Italia
642 962 747 1040 modo,
762 963 818 1028 sed
839 985 934 1050 quam
955 963 1020 1028 ulla
1034 985 1107 1050 pars

53 1063 224 1126 terrarum,
239 1047 323 1114 bello
344 1049 520 1136 reparando
542 1051 645 1137 aptior
665 1065 742 1126 erat,
763 1049 904 1114 locomm
923 1049 1107 1114 hominum-

20 1154 45 1203 8
55 1158 123 1222 que
138 1134 283 1221 ingeniis.
329 1133 441 1221 Itaque
457 1157 533 1222 ergo
552 1136 654 1222 prima
669 1134 824 1199 Romanis
837 1135 917 1200 inita
930 1135 1107 1222 provincia-

21 1243 141 1298 9rum,
155 1243 237 1308 quac
252 1220 384 1306 quidem
399 1221 592 1286 continentis
605 1221 679 1298 sint,
690 1233 850 1308 postrema
864 1221 1018 1298 omnium,
1032 1243 1108 1286 nos-

56 1320 109 1372 tra
138 1307 268 1374 demum
298 1318 410 1383 aetate,
440 1305 541 1371 ductu
566 1307 685 1372 amici
729 1329 770 1370 ue
794 1307 934 1394 Augusti
959 1307 1105 1383 Caesaris,

55 1393 238 1480 perdomita
266 1404 322 1456 est
368 1391 419 1456 Ibi
448 1405 516 1457 tum
675 1329 728 1457 lid
759 1392 919 1479 Gisgonis,
950 1393 1107 1457 maximus
1116 1403 1258 1452 Hasdrubal

56 1478 312 1564 clarissimusque
332 1499 372 1542 eo
391 1477 476 1543 bello
495 1479 670 1543 secundum
686 1477 839 1543 Barcinos
856 1478 933 1554 dux,
948 1482 1172 1566 regressuscum
1184 1469 1239 1578 Μῖζ

57 1564 102 1628 ab
115 1563 269 1641 amaus,
282 1562 456 1629 aberrans
470 1585 559 1652 spem
574 1565 743 1629 adiuvante
760 1563 799 1629 M
859 1585 900 1628 ne
917 1531 1218 1642 sauronam

57 1650 137 1726 filio,
153 1649 329 1714 delentibus
342 1671 401 1737 per
414 1649 595 1716 ulteriorem
611 1587 940 1738 Hispaniamaidbitis,
956 1649 998 1713 ad
1012 1649 1107 1735 quin·
1115 1663 1216 1707 muna

58 1735 215 1836 quaginta
237 1733 338 1799 millia
359 1735 503 1822 peditum
525 1750 559 1800 et
603 1749 731 1802 uattuor
749 1735 849 1800 millia
866 1749 899 1801 et
916 1736 1108 1822 quingentos

58 1835 186 1907 eqmtes
200 1821 341 1886 armavit.
386 1819 438 1886 De
454 1759 651 1908 equestribus
665 1823 764 1909 copiis
783 1822 882 1885 ferme
903 1821 986 1885 inter
999 1833 1109 1886 aucto-

58 1929 111 1972 res
125 1907 293 1972 convenit:
317 1906 461 1994 peditum
482 1908 683 1994 septuaginta
703 1906 803 1971 millia
822 1906 951 1993 quidam
972 1905 1110 1970 adducta

31 1993 104 2060 rad
131 1991 262 2078 Silpiam
288 1993 400 2057 urbem
423 1994 573 2061 scribunt.
619 1992 670 2058 Ibi
695 2014 791 2079 super
816 2013 943 2078 campos
965 2001 1109 2077 patentes

58 2078 128 2143 duo
142 2077 240 2142 duces
253 2077 355 2142 Poeni
371 2100 410 2142 ea
429 2091 545 2154 mente,
562 2101 603 2142 ne
618 2078 832 2142 detrectarent
846 2089 1016 2154 certamen,
1033 2099 1110 2141 con·

59 2163 220 2229 sedenmt.
268 2162 385 2251 Scipio,
401 2185 501 2250 quum
521 2161 562 2227 ad
581 2185 655 2228 eum
672 2163 758 2227 fama
771 2162 851 2227 tanti
865 2163 1038 2248 comparati
1053 2184 1109 2226 ex·
1172 2171 1221 2231 13.

60 2250 179 2315 ercitus
242 2248 321 2314 rlata
342 2262 434 2326 esset,
450 2269 556 2336 neque
576 2249 730 2314 Romanis
749 2247 927 2334 legionibus
948 2260 1054 2312 tantae
1074 2251 1266 2328 scierim·

59 2357 172 2426 parem
198 2358 251 2400 ore
266 2333 464 2400 multitudini
479 2347 573 2412 ratus,
589 2347 706 2400 utnon
720 2335 907 2420 inspeciem
927 2333 1037 2399 saltem
1052 2355 1109 2420 op-
1117 2317 1163 2430 {¹1¹³
1169 2318 1267 2430 {ffi-

59 2434 259 2510 ponerentur
277 2422 480 2488 barbarorum
497 2421 625 2498 auxilia,
641 2442 682 2485 ne
705 2443 747 2485 ue
762 2420 795 2483 in
810 2420 849 2484 iis
864 2432 971 2484 tamen
986 2431 1111 2484 tantum
1118 2443 1163 2495 nit.

60 2509 178 2572 virium
203 2507 399 2594 ponendum,
422 2519 460 2571 ut
484 2506 638 2571 mutando
663 2443 771 2582 fidem,
794 2527 876 2592 quac
898 2505 996 2571 cladis
1018 2527 1113 2570 causa

60 2594 174 2658 fuisset
210 2594 268 2658 atri
283 2607 375 2680 patru
419 2615 469 2670 ue,
481 2615 513 2656 m
577 2614 632 2657 um
647 2605 844 2657 momentum
859 2591 1009 2669 facerent,
1021 2613 1112 2678 prae·

61 2680 159 2744 misso
195 2679 280 2744 ilano
294 2679 336 2744 ad
349 2679 399 2744 Co
412 2615 764 2766 cham,⁸d1i0deatgina
774 2700 817 2764 op
839 2677 900 2742 idis
914 2690 1111 2765 regnantem,

61 2777 102 2831 ut
123 2766 246 2852 equites
309 2765 455 2852 ditesque
470 2766 573 2842 abeo,
589 2787 669 2852 quos
687 2787 721 2830 se
739 2787 798 2852 per
812 2700 951 2828 iicmem
973 2763 1111 2828 conscri-

61 2864 195 3002 pturum
214 2851 374 2938 policitus
396 2863 472 2928 erat,
493 2851 661 2938 acciperet,
684 2851 694 2914 i
773 2851 813 2914 ab
836 2850 1016 2914 Tarracone
1039 2870 1112 2935 pro-

75 2950 175 3014 ectus,
212 2937 334 3003 rotinus
356 2937 396 3002 ab
418 2937 520 3014 sociis,
541 2937 597 3023 qui
617 2957 693 3001 acco
706 2949 765 3000 unt
779 2936 872 3012 viam,
890 2934 1016 2998 modica
1035 2955 1113 2998 con·

63 3023 177 3088 traben
201 3046 221 3088 o
246 3022 374 3100 auxilia,
403 3020 608 3088 Castulonem
633 3022 788 3108 pervenit.
835 3017 884 3083 Eo
909 3019 1048 3083 adducta
1072 3018 1112 3083 ab

65 3108 176 3192 Silano
199 3109 326 3186 auxilia,
349 3109 410 3173 tria
434 3107 534 3172 millia
558 3105 703 3194 peditum
726 3118 760 3170 et
785 3104 953 3206 quingenti
978 3103 1111 3203 equites

33 3226 54 3262 a
63 3193 147 3260 Inde
162 3195 203 3258 ad
215 3194 388 3260 Baeculam
402 3194 514 3258 urbem
529 3213 711 3280 progressus
724 3213 812 3256 omui
827 3188 971 3255 exercitu
984 3189 1112 3266 civium,

64 3280 233 3359 sociorum,
259 3279 405 3431 {iditum
431 3278 641 3366 equitumque
693 3277 814 3363 uinque
843 3288 876 3340 et
904 3273 1114 3375 quadraginta

63 3365 213 3432 millibus.
292 3379 376 3430 astra
400 3377 556 3452 ponentes
581 3385 635 3428 eos
662 3300 761 3450 lingo
787 3373 820 3426 et
847 3360 1015 3426 Masinissa
1039 3383 1113 3426 cunr

64 3452 155 3518 omni
174 3451 319 3538 equitatu
468 3451 479 3516 i
498 3463 590 3516 sunt:
615 3449 855 3548 turbassentque
874 3448 1064 3524 munientes,
1080 3445 1114 3508 ni

63 3537 167 3604 abditi
181 3551 253 3624 post
268 3551 359 3602 tumu
372 3559 436 3614 um,
449 3560 491 3625 op
514 3548 628 3602 ortune
643 3533 684 3599 ad
699 3534 734 3598 id
747 3547 896 3622 positum,
908 3533 948 3597 ab
965 3531 1113 3617 Scipione

64 3624 190 3708 equites
212 3623 382 3710 improviso
404 3623 478 3687 ine
505 3643 576 3687 usos
597 3621 811 3686 incurrissent.
858 3616 904 3682 Hi
919 3617 1115 3716 promptissi-

65 3731 155 3776 mum
167 3731 339 3796 quemque,
351 3721 384 3774 et
394 3710 538 3798 proxime
550 3706 677 3784 vallum,
687 3718 783 3792 atique
798 3705 833 3768 in
845 3703 928 3790 ipsos
938 3715 1114 3767 mumtores

103 3902 258 3962 7Sollicr'tie]
277 3901 378 3962 Nempe
395 3897 433 3960 iis,
449 3899 491 3962 qui
508 3898 575 3949 domi
608 3897 656 3948 laio
672 3901 773 3948 anctore
789 3900 814 3944 et
830 3892 925 3956 ceteris,
935 3895 978 3944 aad
992 3909 1043 3943 non
1059 3899 1117 3943 sunt

63 3971 146 4024 erant,
156 3966 180 4013 h.
193 3981 214 4014 a.
227 3963 477 4026 Carthaginiensibus.
607 3962 634 4011 in
645 3961 794 4010 continente.
811 3959 897 4008 snos.

102 4029 117 4078 8
141 4031 229 4092 [taam
255 4029 325 4090 argo]
355 4027 413 4076 Hae
440 4024 577 4088 particulae
644 4022 802 4086 rScn'bunt]
830 4037 864 4072 so.
884 4020 1001 4085 Polybius
1022 4021 1056 4070 xi.
1079 4021 1117 4078 18,

63 4092 166 4155 saepius
182 4108 198 4141 a
215 4097 298 4142 nostro
312 4091 453 4154 iunguntur.
470 4089 501 4140 cl.
512 4103 578 4151 supr.
610 4103 684 4150 quem
695 4093 778 4136 noster
788 4091 886 4135 secutus
896 4091 940 4135 est.

64 4161 83 4210 i.
98 4167 137 4218 ¹25.
643 4153 824 4213 efraym
845 4151 910 4199 omni
931 4149 1052 4206 amm]
1075 4147 1117 4194 In·

102 4222 203 4284 thm
225 4220 324 4284 quidem
345 4217 492 4268 matinatella
512 4215 576 4275 siret]
610 4215 688 4290 telligi
719 4211 924 4276 praepositionem
953 4227 1017 4269 cum,
1043 4222 1118 4271 quam

65 4285 129 4338 Hoc
136 4283 172 4332 ait
175 4289 280 4358 propter
286 4279 579 4337 Sudiniametssiciliam‚
610 4277 669 4327 alibi
684 4277 782 4338 saepias
795 4281 878 4324 noster
891 4273 990 4322 omittit.
1007 4273 1038 4322 cl’.
1052 4285 1117 4335 supr.

66 4362 134 4412 quae
145 4361 238 4408 pnmao
249 4345 390 4409 provinciae
400 4345 508 4404 mental,
519 4341 579 4392 Vel·
612 4340 671 4390 xxii.
682 4353 706 4404 9.
715 4340 880 4402 ycadmtibru
888 4337 1022 4400 prolectat.
