2888 4768
324 261 419 331 LIB.
445 259 573 329 XXIV.
607 261 718 330 CAP.
741 269 794 330 49.
1022 266 1084 330 227

52 406 97 462 ‘m
135 399 143 414 '
190 422 207 462 r
230 400 276 465 rel
301 399 445 466 militaris
470 413 656 466 remaneret.
704 400 833 466 Rudem
860 400 900 465 ad
949 389 1241 478 edestriatt.c.‘539.

52 493 60 522 ‘
99 412 379 553 ffNumidarum
407 501 536 574 gentem
564 505 642 566 esse,
667 488 758 576 equis
780 499 904 552 tantum
926 421 1122 552 habilem*
1141 479 1170 528 ⁰·
1187 493 1241 538 '²¹³-

51 570 112 636 ‘Ita
125 573 185 637 iam
199 573 275 639 inde
290 598 309 639 a
323 575 485 662 principiis
499 576 603 662 gentis
618 575 750 640 maiores
761 597 833 639 suos
843 573 926 639 bella
939 573 1080 660 gessisse,
1090 543 1242 656 {fflffl

32 659 107 722 1‘ita
129 683 159 724 se
185 685 204 726 a
250 662 334 726 ueris
360 662 509 726 insuetos.
562 661 626 727 Sed
652 661 768 726 habere
793 661 917 725 hostem
942 660 1082 748 pedestri
1090 677 1132 720 net
1140 671 1242 746 attitiae

50 745 208 811 ‘fidentem
228 683 357 814 hiarte:
385 749 437 813 cui
463 749 488 813 si
513 748 641 835 aequari
667 748 778 813 robore
801 748 916 812 virium
939 747 1025 825 velit,
1050 762 1083 813 et
1091 740 1214 798 magister.

50 831 120 896 ‘sibi
137 834 259 920 pedites
278 835 506 922 comparandos
526 855 613 912 esse3
637 847 671 900 et
690 834 730 898 ad
751 834 786 898 id
806 833 1010 898 multitudiue
1025 835 1083 899 ho·

50 919 181 984 ‘minum
203 940 337 1008 reguum
359 921 539 987 abundare:
564 921 621 987 sed
643 920 796 999 mmandi,
820 919 1028 1007 ornandique,
1051 935 1084 986 et

50 1005 234 1071 ‘instruendi
256 1030 310 1072 eos
332 1023 431 1073 artem
453 1009 607 1096 ignorare.
655 1007 783 1084 Omnia,
798 1007 886 1071 velut
905 1007 985 1071 forte
1007 1029 1084 1072 cou-

29 1099 58 1152 α’
65 1107 186 1180 gregata
208 1095 310 1172 turba,
333 1109 419 1160 vasta
441 1117 477 1159 ae
500 1095 666 1160 temeraria
687 1095 774 1159 esse’
818 1093 968 1158 Facturos
993 1116 1026 1158 se
1049 1093 1084 1158 iu

47 1180 220 1266 praesentia,
237 1181 325 1269 quod
343 1181 446 1259 vellet,
465 1181 560 1270 legati
582 1180 832 1269 responderunt:
857 1179 922 1245 fide
943 1191 1082 1268 accepta,

47 1277 78 1328 ut
95 1267 265 1332 remitteret
287 1268 448 1356 extemplo
470 1289 554 1346 eum,
570 1269 597 1332 si
617 1269 821 1356 imperatores
841 1268 890 1332 sui
909 1289 975 1331 nou
997 1289 1084 1331 com·

47 1353 218 1438 probassent
231 1353 359 1420 factum.
408 1355 450 1430 Q.
466 1353 602 1420 Statorio
620 1375 737 1420 nomeu
752 1354 822 1431 fuit,
838 1353 894 1442 qui
915 1353 955 1418 ad
975 1375 1083 1440 regem

46 1442 192 1506 remansit
241 1439 327 1506 Cum
342 1441 466 1506 duobus
483 1441 636 1506 Romanis
656 1440 785 1529 reliquis
801 1439 945 1504 Numida
963 1439 1084 1527 legatos

46 1523 75 1588 in
89 1525 274 1616 Hispaniam
290 1528 375 1592 misit
389 1525 430 1592 ad
444 1528 660 1615 accipiendam
675 1527 772 1592 fidem
788 1528 828 1592 ab
843 1527 1083 1614 imperatoribus

48 1609 199 1680 Romanis.
246 1613 364 1680 Iisdem
396 1614 567 1691 mandavit,
595 1625 631 1679 ut
661 1615 805 1702 protinus
831 1612 999 1691 Numidas,
1026 1612 1083 1700 qui

46 1697 119 1764 intra
152 1701 309 1788 praesidia
344 1700 655 1789 Carthaginiensium
692 1701 859 1765 auxiliares
895 1714 1009 1778 essent,
1042 1698 1084 1764 ad

47 1788 254 1854 transitionem
268 1787 462 1876 pellicerent
509 1787 552 1852 Et
568 1787 721 1853 Statorius
736 1809 777 1852 ex
797 1787 898 1852 multa
917 1787 1082 1852 iuventute

46 1873 104 1958 regi
117 1874 239 1961 pedites
254 1875 456 1962 conscripsit:
481 1875 705 1962 ordinatosque
720 1874 864 1962 proxime
879 1895 999 1938 morem
1016 1872 1084 1936 Ro-
1171 1892 1176 1902 ·

27 1977 173 2039 amanum,
189 1961 378 2026 instruendo
400 1975 434 2026 et
454 1960 653 2027 decurrendo
674 1961 765 2048 sigua
785 1961 885 2047 sequi,
906 1973 939 2024 et
960 1981 1082 2023 servare

25 2045 160 2112 sudines
181 2048 312 2114 docuit:
336 2061 370 2112 et
391 2048 478 2135 operi
500 2046 632 2147 aliisque
655 2047 745 2112 iustis
764 2046 951 2111 mihtaribus
971 2045 1016 2109 ita
1035 2067 1083 2109 as-

44 2132 173 2211 suetecit,
184 2148 225 2200 ut
239 2135 326 2200 brevi
341 2157 398 2199 rex
412 2157 478 2198 uon
492 2133 593 2234 equiti
608 2133 707 2220 magis
717 2131 839 2210 fideret,
852 2154 947 2218 quam
985 2131 1081 2207 editi3

45 2218 221 2372 colhtistppe
243 2241 345 2310 aequo
367 2243 479 2308 campo
501 2219 607 2371 appia,
631 2220 714 2284 iusto
736 2218 857 2306 proelio
882 2153 1085 2304 Carthagini-

46 2327 143 2371 ensem
189 2321 293 2374 ostem
316 2319 486 2395 superaret.
566 2305 687 2371 omanis
713 2328 840 2393 quoque
866 2305 901 2368 iu
928 2302 1085 2391 Hispania

45 2389 54 2452 l
108 2407 211 2460 torum
222 2396 304 2482 regis
315 2395 470 2459 adventus
481 2415 596 2482 magno
605 2391 821 2458 emolumento
830 2392 899 2456 fuit.
933 2391 1085 2478 Namque

94 2479 207 2546 famam
228 2501 338 2547 eorum
358 2479 558 2545 transitiones
578 2480 704 2545 crebrae
728 2479 767 2543 ab
783 2477 934 2542 Numidis
953 2492 1083 2565 coeptae

46 2563 115 2630 fieri.
158 2566 212 2634 Ita
226 2591 299 2632 eum
316 2566 461 2655 Syphace
478 2567 632 2632 Romanis
647 2567 755 2630 iuncta
769 2566 907 2630 amicitia
921 2578 977 2630 est

86 2652 179 2728 Quod
215 2656 269 2721 ubi
304 2653 584 2742 Carthaginienses
617 2665 817 2740 acceperunt,
849 2649 1010 2739 extemplo
1043 2651 1083 2715 ad

48 2735 162 2819 Galam,
175 2742 211 2806 in
225 2753 314 2829 parte
329 2741 428 2806 altera
443 2738 616 2805 Numidiae
632 2737 780 2829 (Massyli
796 2763 834 2803 ea
846 2762 925 2827 gens
939 2737 1084 2824 vocatur)

46 2845 75 2887 re
117 2842 234 2905 antem,
250 2828 369 2915 legatos
388 2828 527 2892 mittunt.
574 2827 691 2891 Filium
707 2825 791 2890 Gala
808 2825 1007 2890 Masinissam
1026 2825 1084 2889 ha·
1139 2823 1192 2883 49·

45 2909 80 2975 be
100 2927 140 2991 at,
155 2927 279 3003 septem
294 2927 326 2978 et
340 2913 451 2979 decem
472 2937 571 2978 anuos
591 2926 712 2989 natum,
728 2925 869 2978 ceterum
884 2913 1031 2976 iuvenem
1046 2905 1233 2974 eacarthagin.

46 2995 282 3079 indolentiam
298 3014 365 3065 tum
382 3012 556 3087 appareret,
571 2999 665 3064 latius
679 3021 812 3086 regnum
828 2997 1082 3085 opulentiusque,
1093 2971 1227 3082 ἓξὲξ*

47 3105 134 3235 pupm
156 3087 247 3237 quold
267 3087 446 3186 accepisset,
470 3086 635 3235 laetmupi.
669 3084 805 3235 tprppria,
830 3084 1001 3234 ‘quppiam
1025 3081 1085 3171 Sy·
1094 3097 1169 3146 ciunt.

47 3193 209 3326 atat
224 3185 667 3348 ,atttpffittittss
682 3191 1085 3334 ttttttttft‘zlt

47 3342 126 3411 ‘fore
138 3345 239 3412 Galae
275 3369 390 3433 uoque,
403 3342 718 3432 Carthaginiensibus
728 3343 816 3430 iungi
829 3365 923 3429 quam
935 3341 1084 3429 primum,

48 3435 232 3520 ‘autequam
250 3370 380 3522 Hyphax
400 3432 434 3495 iu
450 3429 649 3518 Hispaniam,
665 3442 719 3494 aut
735 3429 874 3494 Romani
893 3428 927 3492 in
943 3428 1085 3492 Africam

47 3523 243 3596 ‘trameant3
267 3518 403 3607 opprimi
428 3516 472 3606 Sy
495 3517 616 3595 hacem,
639 3514 797 3580 nihildum
821 3530 945 3602 praeter
967 3537 1084 3578 nomen

48 3610 104 3667 ‘ex
117 3606 244 3672 foedere
260 3605 407 3670 Romano
426 3604 469 3669 ha
510 3617 608 3680 utem,
623 3603 734 3690 posse.’
778 3601 883 3666 Facile
902 3623 1085 3689 persuasum
1095 3611 1225 3660 Masinissa

48 3687 152 3771 Galae,
167 3693 234 3758 filio
253 3693 445 3780 deposcente
467 3690 502 3755 id
522 3689 651 3767 bellum,
670 3702 707 3754 ut
727 3688 903 3753 exereitum
924 3687 1083 3753 mitteret:
1095 3675 1232 3804 {mgb}

1096 3804 1176 3854 vincit.

79 3899 229 3958 ilmaetor]
255 3898 313 3947 Nou
332 3897 489 3955 adiectivum‚
506 3897 548 3945 sod
580 3897 778 3946 dendoFemino.
811 3894 846 3944 Et
858 3897 944 3946 eodem
961 3899 1033 3946 modo
1046 3899 1085 3946 Li-

49 3960 199 4024 partieipium
210 3963 276 4011 verbi
287 3965 423 4012 §mowers
438 3975 490 4010 esse
507 3977 547 4024 pa-
581 3960 642 4020 vius,
656 3975 721 4022 supr.
735 3959 803 4009 xxiii
815 3973 853 4022 37.
868 3963 1028 4022 prmnooendo
1044 3965 1086 4012 cd·

48 4027 88 4072 tet
106 4025 211 4075 Sraoru.
580 4027 689 4074 iunctam
700 4062 706 4074 .
719 4061 725 4074 .
738 4061 744 4073 .
756 4031 856 4074 ranem.
872 4025 952 4074 Cast.

79 4101 92 4134 a
114 4091 198 4152 Vasta]
225 4089 364 4150 Incondita,
380 4088 549 4152 incomposita
614 4091 721 4149 4lurtt's
731 4090 890 4149 militaribus]
915 4089 1008 4138 Muuiis
1023 4090 1087 4138 mili-

49 4147 192 4204 Emendatio
204 4153 320 4203 Rubeuii.
353 4152 420 4203 Olim
434 4152 550 4202 editisrco
582 4153 680 4202 taribus.
711 4152 1087 4214 Sicdicunturs'urtasunabria.

47 4215 139 4327 gam:
166 4217 249 4281 scripti
269 4219 375 4278 nahra,
397 4219 435 4266 rel
457 4231 548 4267 suasca
581 4216 1088 4331 Iratasuntspuodvis'perpummfficium,

119 4315 126 4328 .
581 4297 678 4331 munus.
729 4297 752 4329 rc
765 4297 792 4330 su
811 4297 829 4330 r.
841 4295 873 4331 rx.
903 4318 909 4330 .
954 4296 994 4327 am
1007 4297 1088 4328 muta

83 4345 271 4407 glastmmdo]
301 4347 370 4395 Dum
392 4346 549 4394 instruuntur.
582 4347 647 4394 iusto
660 4347 688 4394 ia
698 4297 840 4395 deditioriem
856 4297 963 4395 natricis
978 4343 1088 4404 perfeeto

49 4403 141 4454 Notum
155 4417 191 4458 est
208 4411 270 4459 illud
284 4410 389 4472 virgilii,
404 4412 505 4472 Urttqvoe
516 4413 550 4457 oi·
582 4416 663 4458 erunt.
680 4411 760 4458 Gaas.

859 4476 915 4539 02
