2866 4770
346 205 410 269 536
734 197 847 266 ΤΙΤΙ
876 197 1012 264 LIVII

191 351 226 407 tt.
238 351 268 402 e.
285 335 470 416 gadaram.
517 329 681 399 Hannibal
701 331 744 398 ad
763 345 916 399 terrorem
935 333 1074 420 primum
1094 328 1261 419 elephantos
1270 329 1353 416 (octor

190 417 342 528 nuliam.
349 423 440 510 ginta
459 433 566 487 autem
587 431 687 498 erant,
703 431 784 506 quot
801 419 890 484 nulla
909 442 954 484 un
978 441 1051 484 narn
1066 419 1100 482 in
1120 419 1185 484 acie
1203 431 1263 482 ante
1273 417 1342 480 habu

191 483 434 595 ffiffiara)
462 508 631 572 intrant:
670 505 788 571 rende
816 505 936 571 aaran
999 505 1125 593 figam
1156 503 1340 588 aaronque,

352 593 529 660 Baliaribus
545 592 732 680 Maurisque
749 593 919 670 admixtis3
942 593 978 657 in
992 592 1133 657 secunda
1145 592 1209 656 acie
1223 589 1343 674 Cartbagi-

351 682 478 746 aienses
501 679 660 767 Afrosque
683 691 717 744 et
737 678 955 745 Macedonum
973 678 1152 767 legionem
1174 675 1281 741 modico
1294 673 1342 738 inde

351 765 518 833 intervallo
541 765 662 846 relicto,
685 765 905 831 subsidiariam
928 766 1028 830 aciem
1054 763 1232 830 Italicorum
1252 761 1343 826 militm

353 853 489 940 (Bruttii
505 852 649 940 plerique
670 864 770 929 erant,
786 853 817 916 vi
832 875 869 917 ac
889 852 1075 917 necessitate
1094 851 1210 939 plures,
1222 871 1297 936 qun
1309 867 1344 909 su

353 939 527 1018 voluntate,
543 939 753 1004 decedentem
768 961 809 1004 err
827 936 921 1003 Italia
934 939 1049 1024 secuti)
1063 937 1219 1002 insumit.
1257 933 1346 1020 Multa

355 1040 424 1091 tum
446 1026 542 1091 etiam
556 1026 661 1112 ipsum
681 1024 892 1091 circumdedit
910 1025 1076 1090 cornibust
1099 1024 1244 1089 dextrum
1256 1019 1347 1085 Cartha

354 1114 523 1200 ginienses,
536 1112 697 1176 sinistrum
713 1110 876 1177 Numidae
888 1124 1068 1176 tenuerunt.
1115 1109 1212 1175 Varia
1220 1104 1347 1174 adhortatio

355 1213 424 1265 erat
438 1200 473 1264 in
487 1199 629 1264 exercitu
649 1199 734 1263 inter
748 1210 796 1263 tot
814 1197 969 1275 homines,
985 1197 1102 1284 quibus
1116 1220 1184 1262 non
1202 1196 1298 1282 liugua
1308 1213 1348 1254 nm

355 1308 434 1363 mos,
450 1308 516 1350 non
531 1286 594 1362 lex,
606 1307 671 1351 non
686 1307 782 1363 arma,
797 1307 862 1349 non
877 1285 1009 1349 vestitus
1020 1283 1220 1370 habitusque,
1229 1299 1349 1375 nonum

356 1372 513 1438 militandi
528 1371 639 1437 eadem
655 1383 745 1436 esset.
793 1370 1010 1435 Auxiliaribus
1028 1383 1062 1436 et
1098 1392 1232 1446 raesens,
1244 1363 1350 1432 etmulta

356 1457 472 1558 plicata
487 1480 607 1523 merces
624 1480 664 1522 ex
684 1455 803 1545 praeda
822 1469 1006 1522 ostentatur.
1087 1456 1142 1522 alli
1162 1454 1276 1544 proprio
1290 1467 1351 1546 atqu

355 1545 452 1609 insito
476 1545 510 1608 in
536 1544 699 1608 Romanos
722 1543 796 1608 odio
825 1543 1052 1608 accenduntur.
1098 1542 1264 1630 Liguribm
1285 1557 1352 1620 csnp

356 1631 469 1694 uberes
491 1629 611 1708 Italiae,
634 1630 781 1696 deductis
802 1652 844 1694 ex
865 1630 1043 1716 asperrimis
1065 1629 1236 1705 montibus,
1252 1627 1281 1690 in
1296 1641 1352 1710 apen

355 1716 504 1781 victoriae
534 1728 742 1782 ostentantur.
802 1715 934 1781 Mauros
964 1714 1189 1804 Numidasque
1217 1711 1352 1780 Manum

357 1803 523 1890 impotenti
535 1802 643 1868 futuro
654 1803 821 1869 dominatu
831 1815 936 1867 terret.
983 1801 1066 1868 Aliis
1080 1802 1163 1868 aliae
1174 1823 1241 1889 spes
1250 1822 1280 1864 ac
1288 1809 1353 1861 nau

356 1891 521 1956 iactantur.
569 1887 670 1956 Carth
711 1889 885 1954 iniensibus
902 1889 1029 1954 moenia
1046 1890 1181 1976 patriae,
1201 1887 1241 1953 dii
1259 1897 1354 1974 pudet

356 1975 502 2064 sepulcra
516 1977 680 2053 maiorum,
703 1975 781 2042 iberi
796 1997 870 2040 curn
884 1975 1078 2062 parentibus,
1094 1977 1246 2076 coniuges
1257 1968 1355 2059 pavita

357 2077 413 2126 aut
431 2063 593 2130 excidium
612 2062 849 2163 servitiumque,
870 2075 927 2126 aut
947 2062 1118 2148 imperium
1140 2063 1224 2128 orbrs
1240 2073 1355 2124 unuin

356 2148 437 2214 nihil
453 2149 556 2214 autin
571 2161 701 2226 metum,
717 2161 773 2212 aut
786 2170 821 2212 rn
836 2171 924 2235 spem
939 2147 1082 2213 medium
1097 2161 1275 2214 ostentauit.

403 2237 514 2311 Quum
538 2235 676 2299 maxime
703 2233 781 2299 haec
804 2235 976 2321 imperator
999 2233 1087 2322 apud
1116 2230 1368 2322 canhap'nieaas,

347 2321 456 2386 ‘duces
470 2344 595 2386 suarum
617 2322 762 2408 gentim
782 2321 866 2385 inter
881 2319 1058 2408 populares,
1073 2320 1223 2408 plerique
1237 2339 1287 2406 per
1297 2317 1369 2389 intent

358 2421 464 2496 pretes
479 2409 562 2473 inter
575 2408 736 2472 immixtos
750 2406 945 2494 alienigenis,
961 2422 1102 2495 agerent,
1115 2409 1212 2472 tubae
1226 2425 1307 2470 cornu
1335 2417 1358 2458 ut

358 2496 398 2559 ab
423 2493 577 2559 Romanis
600 2494 804 2560 cecinerunt:
832 2507 1002 2580 tantusque
1024 2494 1147 2559 clamor
1168 2507 1260 2568 ortus,
1279 2501 1333 2552 ute

357 2581 471 2666 phanti
486 2581 520 2644 in
534 2603 617 2659 auos,
633 2579 759 2644 sinistro
774 2580 911 2644 maxime
925 2602 1036 2658 cornu,
1050 2593 1258 2656 verterentur,
1271 2573 1360 2640 Mam

358 2689 395 2730 ac
412 2665 578 2732 Numidas.
625 2666 765 2731 Addidit
777 2665 869 2731 facile
885 2665 1055 2731 Masinissa
1071 2666 1228 2766 perculsis
1245 2677 1360 2729 temon

358 2752 554 2839 nudavitque
578 2753 618 2818 ab
642 2775 680 2816 ea
702 2763 791 2840 parte
814 2752 916 2818 aciem
941 2765 1081 2840 equestri
1108 2753 1237 2818 auxilio.
1276 2747 1361 2812 Pauca

359 2850 467 2904 tamen
482 2838 663 2916 bestiarum,
679 2838 858 2926 intrepidae
872 2839 907 2902 in
922 2838 1045 2904 hostem
1060 2851 1164 2917 actae,
1180 2840 1260 2903 inter
1271 2831 1362 2898 venun

358 2925 486 2991 ordines
501 2947 574 2990 cum
589 2923 696 2989 multia
711 2925 775 2990 suis
790 2923 973 2990 vulneribus
992 2925 1161 3012 ingentem
1179 2938 1301 3010 σαψ]
1315 2913 1362 3014 td*

358 3013 446 3080 baut.
493 3011 685 3077 Resilientes
706 3011 793 3076 enim
813 3010 855 3076 ad
874 3011 1053 3099 manipulos
1070 3012 1196 3088 velites,
1211 3018 1363 3098 quantitm

359 3097 546 3199 elephantis,
558 3121 599 3162 ne
615 3097 843 3174 obtererentur,
855 3096 1020 3174 fecissent3
1036 3098 1071 3162 in
1086 3098 1243 3185 ancipites
1255 3093 1290 3158 ad
1298 3091 1375 3153 ictum?

358 3198 519 3272 utrrmque
534 3184 746 3252 coniiciebant
759 3183 882 3260 hastas3
903 3205 963 3249 nec
977 3183 1043 3270 pila
1055 3185 1096 3248 ab
1111 3178 1313 3270 antesignanis
1322 3191 1364 3237 tt?

359 3271 489 3347 sabaut;
516 3271 619 3336 donec
645 3269 788 3357 undique
812 3269 1026 3336 incidentibus
1049 3269 1122 3334 telis
1145 3269 1251 3336 exacti
1271 3285 1305 3330 ex
1323 3259 1364 3323 Ro

359 3379 454 3422 mana
475 3357 552 3434 acie,
572 3357 606 3420 hi
626 3379 755 3458 quoque
777 3356 812 3419 in
832 3378 890 3420 suo
907 3355 1021 3420 dextro
1043 3378 1145 3421 cornu
1170 3357 1253 3444 ipsos
1269 3345 1365 3416 Carth*

358 3443 550 3530 giniensium
562 3443 687 3530 equites
701 3442 780 3507 rnl'u
822 3455 1035 3507 mverterunt.
1066 3441 1210 3520 Laelius,
1221 3435 1365 3506 utturbstas

358 3528 440 3594 vidit
453 3529 569 3607 hostes,
585 3529 674 3593 addit
687 3551 785 3616 percu
813 3528 840 3593 is
854 3543 1014 3597 terrorem.

291 3662 301 3681 .
404 3615 575 3703 Utrimque
593 3615 701 3703 equite
722 3614 843 3680 nudata
859 3629 927 3680 erat
941 3613 1065 3682 Punica
1084 3615 1180 3694 acies,
1196 3635 1290 3703 quum
1301 3601 1366 3696 peda

391 3831 406 3874 4
422 3815 464 3862 Ad
474 3821 589 3864 moram
597 3813 707 3877 mimam
713 3812 865 3876 elephantos]
900 3827 964 3872 rum,
976 3811 1103 3876 Hispanos
1114 3811 1288 3874 Hispanorum.

360 3877 446 3926 Potius
474 3878 597 3926 videretur
620 3881 721 3940 priam
743 3877 809 3939 quod
836 3891 866 3924 ex
929 3875 948 3926 '6
964 3879 1081 3940 Plerique
1099 3891 1146 3939 par
1169 3869 1315 3936 iratum]
1331 3861 1367 3910 Pl*

358 3940 553 4003 cantabrigiensi
565 3941 649 3990 codice
660 3942 731 3990 affert
742 3941 866 3990 IacGro·
898 3943 970 4003 rique
991 3939 1130 3988 emendavit
1151 3939 1269 3996 Gronau,
1287 3931 1321 3984 ud
1335 3925 1367 3989 Pl*

357 4004 453 4064 nonus,
459 4009 485 4053 et
493 4005 575 4052 firmat
582 4013 664 4053 noster
670 4004 770 4067 Regius.
782 4005 864 4054 Cant.
898 4021 975 4068 raqaa
986 4003 1092 4054 Crevier.
1103 4008 1129 4051 et
1140 4002 1249 4052 Beklrer.
1260 3999 1342 4048 mant

357 4071 455 4118 Primos
465 4067 573 4129 reposuit
585 4068 692 4117 Bekker.
931 4071 994 4128 71a
1015 4068 1150 4130 accipiter}
1179 4065 1302 4125 Utrimque
1318 4065 1368 4128 ξφ

391 4148 404 4193 5
422 4135 504 4181 Ducat
513 4147 617 4178 astaram
625 4135 737 4193 gantiam
746 4133 813 4182 inter
820 4147 864 4194 po-
897 4131 956 4180 sitos
976 4137 1003 4180 et
1023 4137 1136 4194 patentes
1156 4131 1191 4180 ad
1213 4130 1307 4178 talonn
1327 4125 1367 4166 Ψ

355 4197 480 4255 palam}
509 4193 624 4255 Intellige
656 4197 729 4244 dacae
760 4212 865 4244 suoram
897 4195 1050 4257 elephantos.
1067 4194 1186 4244 Gaonor.

358 4271 479 4318 quemque
499 4259 619 4318 gentium,
641 4259 742 4306 Mauros
764 4259 863 4307 Mauro
921 4281 923 4284 ·
