2888 4768
357 227 419 287 188
653 272 655 279 r
745 219 858 287 ΤΙΤΙ
887 219 1023 287 LIVII

199 369 233 419 U.

198 437 228 486 A.

246 371 275 420 e.
291 367 366 434 538!
375 357 483 437 millia,
499 371 555 424 aut
573 359 626 424 cui
640 371 750 448 postea
771 381 822 424 res
839 371 928 424 tanta
948 371 1030 424 esset
1043 359 1135 437 fucta,
1149 371 1279 424 nautam
1296 381 1382 423 unum

246 437 276 486 ⁰·
292 451 449 510 ²¹⁴·‘cum
458 469 515 510 sex
525 447 680 510 mensium
689 445 849 533 stipendio
858 447 961 512 daret:
985 446 1042 533 qui
1050 459 1282 534 supracentum
1290 445 1382 522 millia,

356 541 366 571 ‘
379 554 478 632 usquc
493 532 534 597 ad
549 545 691 598 trecenta
705 532 813 611 millia,
826 546 889 598 tres
897 547 1008 598 nautas
1023 555 1096 597 cum
1111 531 1269 620 stipendio
1278 555 1381 598 annuo:

357 629 433 705 ‘qu1
448 642 543 706 supra
565 631 706 684 trecenta
723 619 831 697 millia,
846 643 948 707 usque
970 619 1011 684 ad
1025 619 1131 684 decies
1152 621 1243 697 aeris,
1258 619 1381 706 quinque

356 716 505 770 ‘nautas:
529 707 586 794 qui
606 729 701 793 supra
722 706 836 784 decies,
852 721 993 793 septem:
1017 719 1177 771 senatores
1198 720 1271 771 octo
1290 717 1384 770 nautas

355 802 450 857 ‘cum
465 815 573 858 annuo
587 792 747 880 stipendio
755 793 888 857 darent)
932 792 985 857 Ex
999 792 1060 858 boc
1075 793 1180 858 edicto
1195 793 1263 858 dati
1277 805 1399 866 nunties

355 880 467 945 armati
487 880 695 967 instructique
711 880 750 944 ab
764 879 911 956 dominis,
928 902 1002 944 cum
1020 880 1150 968 triginta
1164 879 1289 944 dierum
1305 877 1399 944 coctist

355 967 479 1031 cibariis
494 989 590 1032 naves
603 966 867 1031 conscenderunt,
913 965 999 1030 Tum
1013 967 1152 1053 primum
1167 979 1217 1031 est
1227 967 1346 1041 factum,
1356 977 1385 1028 ut

355 1052 460 1118 classis
487 1053 634 1118 Romana
662 1053 754 1118 sociis
779 1053 941 1119 navalibus
966 1052 1089 1141 privata
1115 1053 1263 1141 impensa
1288 1050 1386 1140 paratis

356 1163 425 1204 com
450 1139 575 1205 leretur.

249 1233 297 1292 12.
400 1163 466 1290 Hic
481 1227 580 1291 maior
599 1227 691 1292 solito
706 1240 873 1316 apparatus
891 1227 1059 1315 praecipue
1074 1227 1252 1292 conterruit
1268 1225 1386 1311 Campa·

198 1315 332 1390 Tenentur
356 1336 423 1391 nos,
448 1336 488 1377 ne
515 1315 555 1379 ab
579 1314 743 1379 obsidione
769 1314 899 1402 Capuae
923 1313 1043 1379 bellum
1072 1315 1141 1378 eius
1164 1315 1244 1378 anni
1267 1310 1385 1378 Romani

198 1380 329 1442 Campam.
355 1401 540 1488 inciperent
587 1399 699 1488 Itaque
719 1401 839 1488 legatos
860 1401 901 1466 ad
925 1400 1140 1466 Hannibalem
1163 1415 1291 1465 oratum
1310 1399 1386 1462 mise·

355 1502 440 1564 runt,
463 1502 500 1551 ut
524 1487 670 1575 Capuam
694 1489 869 1553 exercitum
891 1487 1093 1553 admoveret:
1122 1488 1183 1552 ‘ad
1205 1508 1279 1552 eam
1302 1507 1386 1572 oppu-

356 1583 366 1612 ‘
399 1573 536 1637 nandam
551 1597 649 1638 novos
664 1575 820 1640 exercitus
842 1575 936 1639 scribi
952 1573 1095 1651 Romae3
1125 1597 1187 1638 nec
1208 1573 1304 1638 ullius
1317 1571 1385 1634 mbis

356 1597 548 1724 ‘icfectioni
559 1661 658 1747 magis
668 1661 808 1726 infensos
819 1683 929 1726 eorum
940 1661 1062 1726 animos
1073 1661 1159 1725 esse!
1203 1659 1385 1746 quuiatam

356 1745 471 1833 trepidi
491 1747 690 1826 nuntiabant,
707 1747 931 1813 maturandum
953 1747 1116 1812 Hannibal
1137 1759 1236 1825 ratae,
1252 1768 1293 1811 nc
1313 1765 1386 1832 pne·
1429 1769 1430 1826 ξ

256 1890 260 1900 ,
355 1833 502 1897 venirent
524 1833 672 1911 Romani,
689 1834 848 1921 profectus
871 1835 904 1897 A
943 1835 979 1911 is,
995 1833 1037 1898 ad
1059 1833 1167 1898 Tifata
1186 1833 1225 1897 in
1247 1831 1400 1898 veteribus

355 1919 463 1985 castris
472 1941 567 2007 super
577 1919 721 2008 Capuam
733 1920 885 1986 consedit
964 1921 1015 1998 de,
1027 1919 1177 1984 Numidis
1187 1918 1384 2007 Hispanisque
1429 1911 1430 1966 l

355 2007 395 2071 ad
410 2007 603 2095 praesidium
618 2007 713 2072 simul
726 2021 909 2084 castrorum,
925 2007 1020 2071 simul
1037 2006 1167 2095 Capuae
1186 2005 1314 2082 relictis,
1328 2025 1384 2067 cunr
1429 1967 1430 2050 l

355 2107 461 2158 cetero
482 2094 624 2159 exercitu
638 2095 679 2159 ad
699 2094 803 2158 lacum
822 2094 942 2158 Averni
959 2116 1016 2181 per
1037 2093 1175 2181 speciem
1195 2089 1384 2164 sacrificandi,

354 2204 388 2245 re
412 2181 490 2269 ipsa,
511 2194 547 2245 ut
569 2193 705 2246 tentaret
727 2179 887 2257 Puteolos,
911 2181 1063 2267 quodque
1086 2180 1131 2244 ibi
1153 2179 1303 2267 praesidii
1324 2187 1385 2250 erat,
1429 2185 1430 2232 l

356 2267 528 2332 descendit.
574 2266 747 2344 Maximus,
758 2280 926 2354 postquam
943 2266 1157 2332 Hannibalem
1169 2267 1271 2354 Arpis
1305 2263 1386 2330 rofec-

356 2369 434 2430 tum,
453 2367 487 2419 et
508 2355 632 2441 regredi
657 2355 692 2417 in
716 2354 935 2441 Campaniam,
957 2353 1087 2418 allatum
1112 2365 1170 2431 est,
1185 2376 1250 2418 nec
1295 2353 1321 2415 'e
1339 2370 1386 2413 nec

355 2453 448 2504 nocte
469 2441 647 2504 intermisso
665 2441 789 2518 itinere,
805 2440 846 2504 ad
866 2440 1041 2505 exercitum
1059 2439 1159 2505 redit:
1183 2453 1216 2504 et
1239 2439 1290 2504 Ti.
1305 2437 1386 2501 Grac-

355 2525 451 2591 chum
467 2527 506 2590 ab
518 2525 655 2590 Luceria
670 2525 891 2591 Beneventum
903 2549 941 2592 co
964 2527 1009 2592 ias
1024 2526 1203 2604 admovere,
1216 2525 1261 2602 Q,
1272 2525 1385 2589 Fabium

378 2627 533 2676 raetorem
547 2612 589 2700 (is
604 2612 688 2677 filius
699 2613 837 2678 consulis
851 2613 933 2698 erat)
942 2549 1115 2678 incertam
1134 2611 1283 2678 Graccho
1297 2630 1386 2676 succe·

355 2636 430 2762 iare
446 2699 542 2763 iubet.
590 2698 628 2762 In
646 2699 786 2764 Siciliam
802 2700 915 2764 eodem
926 2713 1068 2788 tempore
1080 2700 1145 2764 duo
1160 2713 1319 2787 praetores
1328 2718 1386 2784 pro

354 2785 439 2862 secti,
456 2783 494 2848 Ρ.
509 2783 677 2850 Cornelius
695 2786 737 2850 ad
759 2787 943 2865 exercitum,
961 2786 1127 2864 Otacilius,
1150 2787 1207 2873 qui
1227 2785 1384 2850 maritimae

355 2894 427 2936 orae
443 2872 552 2958 reique
567 2871 670 2936 navali
685 2885 862 2959 praeessu
885 2887 918 2938 et
932 2874 1029 2938 ceteri
1044 2874 1078 2937 in
1093 2895 1164 2938 suas
1179 2873 1315 2960 quisque
1328 2890 1385 2957 pm-

355 2959 474 3023 vincias
487 2957 638 3046 profecti:
663 2973 705 3036 et,
721 2959 838 3046 quibus
851 2973 1053 3046 prorogatum
1064 2959 1236 3047 imperium
1248 2971 1323 3036 crat,
1332 2975 1386 3019 eas-

355 3045 439 3123 dem,
479 3069 535 3110 uas
549 3046 651 3133 priore
667 3069 760 3123 anno,
777 3045 921 3132 regiones
935 3047 1151 3111 obtinuerunt.

248 3146 296 3204 13,
399 3133 455 3196 Ad
508 3131 697 3209 annibalem,
713 3154 813 3218 quum
833 3132 874 3196 ad
888 3132 991 3197 lacum
1007 3133 1131 3198 Averni
1151 3145 1244 3210 esset,
1260 3132 1383 3220 quinque

198 3227 286 3302 Legati
295 3227 343 3276 Ta
355 3219 477 3283 nobiles
485 3219 616 3284 iuvenes
627 3221 667 3284 ab
677 3219 818 3283 Tarento
826 3231 992 3296 venerunt,
1003 3221 1118 3320 partim
1129 3219 1170 3284 ad
1179 3219 1384 3284 'lbasimenun

198 3293 330 3404 {fflbffl
355 3305 469 3382 lacum,
493 3306 609 3393 partim
638 3306 679 3370 ad
705 3305 834 3370 Cannas
859 3328 896 3370 ca
920 3307 954 3382 ti,
980 3306 1164 3394 dimissique
1194 3305 1305 3371 domos
1325 3321 1382 3367 cum

197 3421 253 3470 tem.
355 3391 466 3456 eadem
496 3393 654 3470 comitate,
678 3415 743 3480 qua
768 3415 843 3456 usus
869 3329 1017 3457 sirenus
1042 3415 1152 3457 omnes
1182 3392 1381 3458 Romanorum

354 3481 455 3544 socios
470 3479 598 3543 Poenus
606 3479 716 3544 fuerat.
763 3477 802 3556 Ii,
819 3487 991 3544 ‘memores
1006 3480 1232 3544 beneficiorum
1248 3480 1315 3545 eius
1327 3495 1383 3563 per·

356 3575 365 3604 ‘
376 3565 492 3654 pulisse
507 3587 653 3653 magnam
665 3578 786 3652 partem
798 3589 831 3630 se
843 3565 1016 3630 iuventutis
1025 3566 1238 3644 Tarentinae‚'
1249 3565 1380 3634 referunt,

355 3663 414 3717 ‘ut
428 3652 618 3718 Hannibalis
638 3652 808 3717 amicitiam
824 3675 861 3717 ac
880 3653 1072 3730 societatem,
1087 3675 1185 3740 quam
1202 3651 1311 3740 populi
1329 3647 1381 3713 Ro-

355 3741 471 3816 ‘mani,
487 3738 635 3816 mallent3
658 3738 843 3826 legatosque
865 3739 905 3803 ab
927 3740 990 3804 suis
1012 3741 1123 3805 missos
1141 3762 1251 3826 rogare
1275 3731 1395 3803 Hanni-⁸

356 3825 490 3903 ‘balam
514 3839 550 3889 ut
577 3827 753 3889 exercitum
774 3826 904 3914 propius
930 3826 1104 3891 Tarentum
1133 3825 1307 3892 admoveat.
1355 3817 1379 3883 Si

387 4050 460 4110 5Ea
473 4049 517 4097 boc
532 4051 620 4110 edicto]
649 4049 724 4099 Unde
741 4051 860 4099 rationem
893 4050 948 4101 infr.
958 4051 1025 4101 xxvi.
1037 4051 1076 4112 36.
1092 4051 1176 4100 xxxiv.
1186 4050 1209 4102 6.
1227 4051 1307 4102 Cam.

354 4113 467 4162 classium
492 4113 654 4162 Serviensium
667 4149 669 4152 .
682 4129 731 4161 non
756 4114 863 4176 amplius
928 4127 940 4177 7
960 4117 1056 4176 Tifata]
1069 4115 1152 4165 Colles
1160 4117 1262 4178 Capuae
1270 4109 1379 4162 imminer-

355 4177 463 4225 habitam
479 4177 553 4225 fuisse
570 4178 655 4238 liquet.
681 4178 712 4226 cl'.
724 4177 827 4226 Niebhr.
844 4177 859 4226 i.
892 4184 936 4227 tes
958 4180 989 4227 cl.
1001 4195 1065 4241 supr.
1078 4180 1118 4228 vii.
1130 4193 1169 4242 29.

355 4256 378 4289 n.
393 4255 461 4289 1011.
478 4241 513 4289 iii.
524 4256 548 4289 n.
561 4240 615 4302 564.
925 4243 940 4289 8
956 4245 1117 4306 Lepatosque]
1140 4244 1166 4292 h.
1177 4259 1198 4292 e.
1211 4243 1243 4291 Se
1259 4243 1342 4304 legatos
1353 4234 1377 4282 ab

387 4303 401 4354 6
418 4307 457 4352 Ab
467 4307 582 4364 dominis]
601 4306 638 4353 Ac
655 4303 756 4366 proinde
770 4310 860 4353 nautam
892 4304 941 4353 sins
956 4307 1041 4355 missos
1057 4322 1116 4366 esse,
1132 4311 1256 4370 rognum
1270 4301 1378 4355 Eman-

354 4367 391 4416 illi
408 4373 476 4416 erant
493 4368 564 4429 servi,
580 4375 608 4417 ut
625 4370 689 4418 clare
708 4368 858 4430 exprimitur.
893 4369 950 4428 lem,
962 4375 1008 4417 ut.
1021 4405 1028 4419 .
1040 4406 1066 4420 ..
