<?xml version="1.0" encoding="UTF-8"?>
<!DOCTYPE html PUBLIC "-//W3C//DTD XHTML 1.0 Transitional//EN"
    "http://www.w3.org/TR/xhtml1/DTD/xhtml1-transitional.dtd">
<html xmlns="http://www.w3.org/1999/xhtml" xml:lang="en" lang="en">
 <head>
  <title>
</title>
<meta http-equiv="Content-Type" content="text/html;charset=utf-8" />
  <meta name='ocr-system' content='tesseract 3.04.00' />
  <meta name='ocr-capabilities' content='ocr_page ocr_carea ocr_par ocr_line ocrx_word'/>
</head>
<body>
  <div class='ocr_page' id='page_1' title='image "./tliviipatavinih00kreygoog_0015.png"; bbox 0 0 3002 4798; ppageno 0'>
   <div class='ocr_carea' id='block_1_1' title="bbox 372 206 1030 276">
    <p class='ocr_par' dir='ltr' id='par_1_1' title="bbox 372 206 1030 276">
     <span class='ocr_line' id='line_1_1' title="bbox 372 206 1030 276; baseline -0.003 0"><span class='ocrx_word' id='word_1_1' title='bbox 372 217 393 276; x_wconf 81' lang='lat'>4</span> <span class='ocrx_word' id='word_1_2' title='bbox 755 206 867 274; x_wconf 88' lang='grc' dir='ltr'>ΤΙΤΙ</span> <span class='ocrx_word' id='word_1_3' title='bbox 895 207 1030 274; x_wconf 90' lang='lat' dir='ltr'>LIVII</span> 
     </span>
    </p>
   </div>
   <div class='ocr_carea' id='block_1_2' title="bbox 212 339 1490 3119">
    <p class='ocr_par' dir='ltr' id='par_1_2' title="bbox 212 339 1490 3119">
     <span class='ocr_line' id='line_1_2' title="bbox 377 339 1490 430; baseline 0.001 -26"><span class='ocrx_word' id='word_1_4' title='bbox 377 339 622 428; x_wconf 70' lang='lat' dir='ltr'><strong>Saguntinisque</strong></span> <span class='ocrx_word' id='word_1_5' title='bbox 651 340 764 406; x_wconf 89' lang='lat' dir='ltr'><strong>mediis</strong></span> <span class='ocrx_word' id='word_1_6' title='bbox 787 341 871 407; x_wconf 88' lang='lat' dir='ltr'><strong>inter</strong></span> <span class='ocrx_word' id='word_1_7' title='bbox 899 343 1031 430; x_wconf 89' lang='lat' dir='ltr'><strong>imperia</strong></span> <span class='ocrx_word' id='word_1_8' title='bbox 1058 340 1194 406; x_wconf 91' lang='lat' dir='ltr'><strong>duorum</strong></span> <span class='ocrx_word' id='word_1_9' title='bbox 1287 340 1413 407; x_wconf 86' lang='lat' dir='ltr'><strong>ulorum</strong></span> <span class='ocrx_word' id='word_1_10' title='bbox 1489 389 1490 392; x_wconf 63' lang='lat'><strong>,</strong></span> 
     </span>
     <span class='ocr_line' id='line_1_3' title="bbox 276 363 1415 495; baseline 0.002 -5"><span class='ocrx_word' id='word_1_11' title='bbox 276 431 306 490; x_wconf 88' lang='grc'><strong>3.</strong></span> <span class='ocrx_word' id='word_1_12' title='bbox 374 429 501 493; x_wconf 84' lang='lat' dir='ltr'><strong>libertas</strong></span> <span class='ocrx_word' id='word_1_13' title='bbox 515 441 695 492; x_wconf 87' lang='lat' dir='ltr'><strong>servaretur.</strong></span> <span class='ocrx_word' id='word_1_14' title='bbox 741 429 781 492; x_wconf 92' lang='lat' dir='ltr'><strong>In</strong></span> <span class='ocrx_word' id='word_1_15' title='bbox 803 427 1011 495; x_wconf 76' lang='lat' dir='ltr'><strong>Hasdrubalis</strong></span> <span class='ocrx_word' id='word_1_16' title='bbox 1024 428 1129 494; x_wconf 91' lang='lat' dir='ltr'><strong>locum</strong></span> <span class='ocrx_word' id='word_1_17' title='bbox 1150 363 1348 494; x_wconf 65' lang='lat' dir='ltr'><strong>haudodirbia</strong></span> <span class='ocrx_word' id='word_1_18' title='bbox 1364 451 1415 494; x_wconf 88' lang='lat' dir='ltr'><strong>res</strong></span> 
     </span>
     <span class='ocr_line' id='line_1_4' title="bbox 212 511 1440 604; baseline -0.001 -24"><span class='ocrx_word' id='word_1_19' title='bbox 212 511 244 563; x_wconf 79' lang='lat' dir='ltr'><strong>Ei</strong></span> <span class='ocrx_word' id='word_1_20' title='bbox 257 511 445 591; x_wconf 53' lang='lat' dir='ltr'><strong>succensuit,</strong></span> <span class='ocrx_word' id='word_1_21' title='bbox 463 514 542 600; x_wconf 93' lang='lat' dir='ltr'><strong>quin</strong></span> <span class='ocrx_word' id='word_1_22' title='bbox 562 515 808 602; x_wconf 81' lang='lat' dir='ltr'><strong>praerogativam</strong></span> <span class='ocrx_word' id='word_1_23' title='bbox 830 516 1006 594; x_wconf 87' lang='lat' dir='ltr'><strong>militarem,</strong></span> <span class='ocrx_word' id='word_1_24' title='bbox 1027 538 1090 604; x_wconf 87' lang='lat' dir='ltr'><strong>qua</strong></span> <span class='ocrx_word' id='word_1_25' title='bbox 1110 514 1269 602; x_wconf 84' lang='lat' dir='ltr'><strong>extemplo</strong></span> <span class='ocrx_word' id='word_1_26' title='bbox 1291 514 1440 586; x_wconf 74' lang='lat' dir='ltr'><strong>iuvenis:</strong></span> 
     </span>
     <span class='ocr_line' id='line_1_5' title="bbox 213 577 1416 690; baseline 0 -24"><span class='ocrx_word' id='word_1_27' title='bbox 213 577 348 628; x_wconf 74' lang='lat' dir='ltr'><strong>Hanmbal.</strong></span> <span class='ocrx_word' id='word_1_28' title='bbox 377 600 539 666; x_wconf 78' lang='lat' dir='ltr'><strong>Hannibal</strong></span> <span class='ocrx_word' id='word_1_29' title='bbox 573 601 608 664; x_wconf 92' lang='lat' dir='ltr'><strong>in</strong></span> <span class='ocrx_word' id='word_1_30' title='bbox 640 603 831 690; x_wconf 85' lang='lat' dir='ltr'><strong>praetorium</strong></span> <span class='ocrx_word' id='word_1_31' title='bbox 864 603 995 679; x_wconf 87' lang='lat' dir='ltr'><strong>delatus,</strong></span> <span class='ocrx_word' id='word_1_32' title='bbox 1024 603 1256 690; x_wconf 80' lang='lat' dir='ltr'><strong>imperatorque</strong></span> <span class='ocrx_word' id='word_1_33' title='bbox 1290 602 1416 690; x_wconf 86' lang='lat' dir='ltr'><strong>ingenti</strong></span> 
     </span>
     <span class='ocr_line' id='line_1_6' title="bbox 377 686 1415 778; baseline -0.002 -24"><span class='ocrx_word' id='word_1_34' title='bbox 377 689 518 754; x_wconf 92' lang='lat' dir='ltr'><strong>omnium</strong></span> <span class='ocrx_word' id='word_1_35' title='bbox 534 686 668 754; x_wconf 87' lang='lat' dir='ltr'><strong>clamore</strong></span> <span class='ocrx_word' id='word_1_36' title='bbox 682 703 777 776; x_wconf 87' lang='lat' dir='ltr'><strong>atque</strong></span> <span class='ocrx_word' id='word_1_37' title='bbox 793 712 921 756; x_wconf 85' lang='lat' dir='ltr'><strong>assensu</strong></span> <span class='ocrx_word' id='word_1_38' title='bbox 934 690 1108 778; x_wconf 88' lang='lat' dir='ltr'><strong>appellatus</strong></span> <span class='ocrx_word' id='word_1_39' title='bbox 1125 703 1202 766; x_wconf 89' lang='lat' dir='ltr'><strong>erat,</strong></span> <span class='ocrx_word' id='word_1_40' title='bbox 1217 689 1303 754; x_wconf 82' lang='lat' dir='ltr'><strong>favor</strong></span> <span class='ocrx_word' id='word_1_41' title='bbox 1318 689 1415 754; x_wconf 90' lang='lat' dir='ltr'><strong>etiam</strong></span> 
     </span>
     <span class='ocr_line' id='line_1_7' title="bbox 398 774 1490 877; baseline 0.005 -38"><span class='ocrx_word' id='word_1_42' title='bbox 398 774 477 840; x_wconf 86' lang='lat' dir='ltr'><strong>lebis</strong></span> <span class='ocrx_word' id='word_1_43' title='bbox 510 787 700 860; x_wconf 85' lang='lat' dir='ltr'><strong>sequeretur.</strong></span> <span class='ocrx_word' id='word_1_44' title='bbox 731 775 853 860; x_wconf 37' lang='lat' dir='ltr'><strong>⁸Hunc</strong></span> <span class='ocrx_word' id='word_1_45' title='bbox 881 777 1013 844; x_wconf 82' lang='lat' dir='ltr'><strong>vixdum</strong></span> <span class='ocrx_word' id='word_1_46' title='bbox 1048 777 1200 877; x_wconf 81' lang='lat' dir='ltr'><strong>puberem</strong></span> <span class='ocrx_word' id='word_1_47' title='bbox 1234 775 1439 844; x_wconf 74' lang='lat' dir='ltr'><strong>Hasdrubale</strong></span> <span class='ocrx_word' id='word_1_48' title='bbox 1489 829 1490 832; x_wconf 63' lang='lat'><strong>,</strong></span> 
     </span>
     <span class='ocr_line' id='line_1_8' title="bbox 377 797 1415 951; baseline 0 -25"><span class='ocrx_word' id='word_1_49' title='bbox 377 797 475 926; x_wconf 87' lang='lat' dir='ltr'><strong>literis</strong></span> <span class='ocrx_word' id='word_1_50' title='bbox 489 861 530 926; x_wconf 93' lang='lat' dir='ltr'><strong>ad</strong></span> <span class='ocrx_word' id='word_1_51' title='bbox 544 885 577 928; x_wconf 90' lang='lat' dir='ltr'><strong>se</strong></span> <span class='ocrx_word' id='word_1_52' title='bbox 592 863 787 928; x_wconf 79' lang='lat' dir='ltr'><strong>arcessierat:</strong></span> <span class='ocrx_word' id='word_1_53' title='bbox 811 877 942 951; x_wconf 89' lang='lat' dir='ltr'><strong>actaque</strong></span> <span class='ocrx_word' id='word_1_54' title='bbox 957 887 1007 930; x_wconf 87' lang='lat' dir='ltr'><strong>res</strong></span> <span class='ocrx_word' id='word_1_55' title='bbox 1020 876 1115 928; x_wconf 80' lang='lat' dir='ltr'><strong>etiam</strong></span> <span class='ocrx_word' id='word_1_56' title='bbox 1130 863 1164 928; x_wconf 93' lang='lat' dir='ltr'><strong>in</strong></span> <span class='ocrx_word' id='word_1_57' title='bbox 1178 875 1288 928; x_wconf 89' lang='lat' dir='ltr'><strong>senatu</strong></span> <span class='ocrx_word' id='word_1_58' title='bbox 1303 863 1415 938; x_wconf 74' lang='lat' dir='ltr'><strong>litarat,</strong></span> 
     </span>
     <span class='ocr_line' id='line_1_9' title="bbox 380 948 1416 1037; baseline 0.001 -25"><span class='ocrx_word' id='word_1_59' title='bbox 380 948 521 1014; x_wconf 80' lang='lat' dir='ltr'><strong>Barcinis</strong></span> <span class='ocrx_word' id='word_1_60' title='bbox 535 949 717 1027; x_wconf 84' lang='lat' dir='ltr'><strong>nitentibus,</strong></span> <span class='ocrx_word' id='word_1_61' title='bbox 733 965 770 1014; x_wconf 91' lang='lat' dir='ltr'><strong>ut</strong></span> <span class='ocrx_word' id='word_1_62' title='bbox 783 965 974 1016; x_wconf 81' lang='lat' dir='ltr'><strong>assuesceret</strong></span> <span class='ocrx_word' id='word_1_63' title='bbox 987 950 1116 1015; x_wconf 89' lang='lat' dir='ltr'><strong>militiae</strong></span> <span class='ocrx_word' id='word_1_64' title='bbox 1132 948 1304 1028; x_wconf 83' lang='lat' dir='ltr'><strong>Hannibal,</strong></span> <span class='ocrx_word' id='word_1_65' title='bbox 1320 963 1416 1037; x_wconf 90' lang='lat' dir='ltr'><strong>atque</strong></span> 
     </span>
     <span class='ocr_line' id='line_1_10' title="bbox 379 1036 1417 1124; baseline 0.001 -25"><span class='ocrx_word' id='word_1_66' title='bbox 379 1037 413 1099; x_wconf 94' lang='lat' dir='ltr'><strong>in</strong></span> <span class='ocrx_word' id='word_1_67' title='bbox 441 1048 586 1124; x_wconf 87' lang='lat' dir='ltr'><strong>paternas</strong></span> <span class='ocrx_word' id='word_1_68' title='bbox 614 1036 797 1102; x_wconf 87' lang='lat' dir='ltr'><strong>succederet</strong></span> <span class='ocrx_word' id='word_1_69' title='bbox 828 1062 848 1103; x_wconf 95' lang='lat' dir='ltr'><strong>o</strong></span> <span class='ocrx_word' id='word_1_70' title='bbox 889 1062 912 1103; x_wconf 90' lang='lat' dir='ltr'><strong>s.</strong></span> <span class='ocrx_word' id='word_1_71' title='bbox 958 1037 1086 1114; x_wconf 89' lang='lat' dir='ltr'><strong>Hanno,</strong></span> <span class='ocrx_word' id='word_1_72' title='bbox 1116 1037 1243 1102; x_wconf 88' lang='lat' dir='ltr'><strong>alterius</strong></span> <span class='ocrx_word' id='word_1_73' title='bbox 1271 1036 1417 1101; x_wconf 84' lang='lat' dir='ltr'><strong>factionis</strong></span> 
     </span>
     <span class='ocr_line' id='line_1_11' title="bbox 378 1061 1490 1212; baseline 0.003 -27"><span class='ocrx_word' id='word_1_74' title='bbox 378 1122 754 1210; x_wconf 85' lang='lat' dir='ltr'><strong>princeps‚‘Etaequum</strong></span> <span class='ocrx_word' id='word_1_75' title='bbox 763 1061 1416 1212; x_wconf 57' lang='lat' dir='ltr'><strong>postullirevideturjinquit,‘Haut-ubal,</strong></span> <span class='ocrx_word' id='word_1_76' title='bbox 1489 1205 1490 1208; x_wconf 8' lang='grc' dir='ltr'><strong>Ἴ</strong></span> 
     </span>
     <span class='ocr_line' id='line_1_12' title="bbox 380 1210 1416 1298; baseline 0 -24"><span class='ocrx_word' id='word_1_77' title='bbox 380 1218 390 1248; x_wconf 77' lang='lat'><strong><em>⁶</em></strong></span> <span class='ocrx_word' id='word_1_78' title='bbox 401 1221 434 1274; x_wconf 88' lang='lat' dir='ltr'><strong>et</strong></span> <span class='ocrx_word' id='word_1_79' title='bbox 442 1231 501 1296; x_wconf 81' lang='lat' dir='ltr'><strong>ego</strong></span> <span class='ocrx_word' id='word_1_80' title='bbox 513 1224 619 1274; x_wconf 91' lang='lat' dir='ltr'><strong>tamen</strong></span> <span class='ocrx_word' id='word_1_81' title='bbox 630 1233 693 1275; x_wconf 93' lang='lat' dir='ltr'><strong>non</strong></span> <span class='ocrx_word' id='word_1_82' title='bbox 705 1233 828 1289; x_wconf 88' lang='lat' dir='ltr'><strong>censeo,</strong></span> <span class='ocrx_word' id='word_1_83' title='bbox 840 1211 927 1298; x_wconf 91' lang='lat' dir='ltr'><strong>quod</strong></span> <span class='ocrx_word' id='word_1_84' title='bbox 937 1211 1026 1298; x_wconf 87' lang='lat' dir='ltr'><strong>petit,</strong></span> <span class='ocrx_word' id='word_1_85' title='bbox 1038 1210 1260 1276; x_wconf 63' lang='lat' dir='ltr'><strong>tribuendum)</strong></span> <span class='ocrx_word' id='word_1_86' title='bbox 1306 1211 1416 1285; x_wconf 81' lang='lat' dir='ltr'><strong>Quum</strong></span> 
     </span>
     <span class='ocr_line' id='line_1_13' title="bbox 380 1294 1417 1384; baseline 0 -24"><span class='ocrx_word' id='word_1_87' title='bbox 380 1294 585 1360; x_wconf 84' lang='lat' dir='ltr'><strong>admiratione</strong></span> <span class='ocrx_word' id='word_1_88' title='bbox 605 1309 669 1360; x_wconf 89' lang='lat' dir='ltr'><strong>tam</strong></span> <span class='ocrx_word' id='word_1_89' title='bbox 691 1297 835 1384; x_wconf 88' lang='lat' dir='ltr'><strong>ancipitis</strong></span> <span class='ocrx_word' id='word_1_90' title='bbox 853 1299 1027 1379; x_wconf 88' lang='lat' dir='ltr'><strong>sententiae</strong></span> <span class='ocrx_word' id='word_1_91' title='bbox 1047 1298 1081 1362; x_wconf 90' lang='lat' dir='ltr'><strong>in</strong></span> <span class='ocrx_word' id='word_1_92' title='bbox 1100 1321 1133 1364; x_wconf 89' lang='lat' dir='ltr'><strong>se</strong></span> <span class='ocrx_word' id='word_1_93' title='bbox 1156 1319 1264 1362; x_wconf 90' lang='lat' dir='ltr'><strong>omnes</strong></span> <span class='ocrx_word' id='word_1_94' title='bbox 1286 1319 1417 1362; x_wconf 86' lang='lat' dir='ltr'><strong>conver-</strong></span> 
     </span>
     <span class='ocr_line' id='line_1_14' title="bbox 381 1382 1490 1534; baseline 0.001 -88"><span class='ocrx_word' id='word_1_95' title='bbox 381 1383 476 1461; x_wconf 82' lang='lat' dir='ltr'><strong>tisset,</strong></span> <span class='ocrx_word' id='word_1_96' title='bbox 494 1382 638 1448; x_wconf 89' lang='lat' dir='ltr'><strong>‘Florem</strong></span> <span class='ocrx_word' id='word_1_97' title='bbox 653 1384 781 1460; x_wconf 55' lang='lat' dir='ltr'><strong>aetatis?</strong></span> <span class='ocrx_word' id='word_1_98' title='bbox 794 1384 909 1472; x_wconf 91' lang='lat' dir='ltr'><strong>inquit,</strong></span> <span class='ocrx_word' id='word_1_99' title='bbox 926 1384 1134 1461; x_wconf 73' lang='lat' dir='ltr'><strong>‘Hasdrubal</strong></span> <span class='ocrx_word' id='word_1_100' title='bbox 1144 1407 1239 1471; x_wconf 92' lang='lat' dir='ltr'><strong>quem</strong></span> <span class='ocrx_word' id='word_1_101' title='bbox 1239 1385 1321 1534; x_wconf 74' lang='lat' dir='ltr'><strong>fiipse</strong></span> <span class='ocrx_word' id='word_1_102' title='bbox 1336 1384 1417 1470; x_wconf 88' lang='lat' dir='ltr'><strong>patri</strong></span> <span class='ocrx_word' id='word_1_103' title='bbox 1489 1443 1490 1470; x_wconf 49' lang='lat'><strong>,</strong></span> 
     </span>
     <span class='ocr_line' id='line_1_15' title="bbox 383 1469 1490 1560; baseline -0.001 -26"><span class='ocrx_word' id='word_1_104' title='bbox 383 1469 592 1535; x_wconf 88' lang='lat' dir='ltr'><strong>‘Hannibalis</strong></span> <span class='ocrx_word' id='word_1_105' title='bbox 601 1470 771 1536; x_wconf 89' lang='lat' dir='ltr'><strong>fruendum</strong></span> <span class='ocrx_word' id='word_1_106' title='bbox 784 1472 938 1560; x_wconf 89' lang='lat' dir='ltr'><strong>praebuit,</strong></span> <span class='ocrx_word' id='word_1_107' title='bbox 948 1472 1031 1536; x_wconf 88' lang='lat' dir='ltr'><strong>iusto</strong></span> <span class='ocrx_word' id='word_1_108' title='bbox 1041 1472 1109 1536; x_wconf 88' lang='lat' dir='ltr'><strong>iure</strong></span> <span class='ocrx_word' id='word_1_109' title='bbox 1124 1494 1198 1536; x_wconf 89' lang='lat' dir='ltr'><strong>eum</strong></span> <span class='ocrx_word' id='word_1_110' title='bbox 1212 1494 1232 1534; x_wconf 88' lang='lat' dir='ltr'><strong>a</strong></span> <span class='ocrx_word' id='word_1_111' title='bbox 1285 1469 1418 1557; x_wconf 87' lang='lat' dir='ltr'><strong>orepeti</strong></span> <span class='ocrx_word' id='word_1_112' title='bbox 1489 1493 1490 1500; x_wconf 53' lang='lat'>¹</span> 
     </span>
     <span class='ocr_line' id='line_1_16' title="bbox 323 1558 1418 1635; baseline -0.001 -14"><span class='ocrx_word' id='word_1_113' title='bbox 323 1599 328 1606; x_wconf 77' lang='lat'><em>·</em></span> <span class='ocrx_word' id='word_1_114' title='bbox 381 1565 525 1622; x_wconf 86' lang='lat' dir='ltr'><strong>‘censet:</strong></span> <span class='ocrx_word' id='word_1_115' title='bbox 549 1580 607 1622; x_wconf 89' lang='lat' dir='ltr'><strong>nos</strong></span> <span class='ocrx_word' id='word_1_116' title='bbox 622 1571 728 1623; x_wconf 88' lang='lat' dir='ltr'><strong>tamen</strong></span> <span class='ocrx_word' id='word_1_117' title='bbox 738 1558 868 1624; x_wconf 88' lang='lat' dir='ltr'><strong>minime</strong></span> <span class='ocrx_word' id='word_1_118' title='bbox 883 1558 1193 1635; x_wconf 88' lang='lat' dir='ltr'><strong>decet,iuventutem</strong></span> <span class='ocrx_word' id='word_1_119' title='bbox 1207 1572 1345 1622; x_wconf 84' lang='lat' dir='ltr'><strong>nostram</strong></span> <span class='ocrx_word' id='word_1_120' title='bbox 1380 1578 1418 1620; x_wconf 89' lang='lat' dir='ltr'><strong>ro</strong></span> 
     </span>
     <span class='ocr_line' id='line_1_17' title="bbox 382 1579 1417 1733; baseline 0 -25"><span class='ocrx_word' id='word_1_121' title='bbox 382 1643 527 1708; x_wconf 90' lang='lat' dir='ltr'><strong>‘militari</strong></span> <span class='ocrx_word' id='word_1_122' title='bbox 536 1644 715 1710; x_wconf 88' lang='lat' dir='ltr'><strong>rudimento</strong></span> <span class='ocrx_word' id='word_1_123' title='bbox 724 1644 915 1710; x_wconf 64' lang='lat' dir='ltr'><strong>assuefmre</strong></span> <span class='ocrx_word' id='word_1_124' title='bbox 923 1645 1047 1710; x_wconf 91' lang='lat' dir='ltr'><strong>libidini</strong></span> <span class='ocrx_word' id='word_1_125' title='bbox 1058 1657 1245 1733; x_wconf 82' lang='lat' dir='ltr'><strong>praetonrm.</strong></span> <span class='ocrx_word' id='word_1_126' title='bbox 1292 1579 1417 1708; x_wconf 72' lang='lat' dir='ltr'><strong>Anioc</strong></span> 
     </span>
     <span class='ocr_line' id='line_1_18' title="bbox 383 1729 1419 1818; baseline -0.002 -24"><span class='ocrx_word' id='word_1_127' title='bbox 383 1732 559 1808; x_wconf 72' lang='lat' dir='ltr'><strong>‘timemus</strong></span> <span class='ocrx_word' id='word_1_128' title='bbox 571 1753 611 1796; x_wconf 89' lang='lat' dir='ltr'><strong>ne</strong></span> <span class='ocrx_word' id='word_1_129' title='bbox 628 1730 816 1796; x_wconf 87' lang='lat' dir='ltr'><strong>Hamilcaris</strong></span> <span class='ocrx_word' id='word_1_130' title='bbox 827 1731 911 1796; x_wconf 89' lang='lat' dir='ltr'><strong>filius</strong></span> <span class='ocrx_word' id='word_1_131' title='bbox 919 1733 1013 1796; x_wconf 89' lang='lat' dir='ltr'><strong>nimis</strong></span> <span class='ocrx_word' id='word_1_132' title='bbox 1023 1755 1091 1796; x_wconf 92' lang='lat' dir='ltr'><strong>sero</strong></span> <span class='ocrx_word' id='word_1_133' title='bbox 1107 1732 1239 1818; x_wconf 90' lang='lat' dir='ltr'><strong>imperia</strong></span> <span class='ocrx_word' id='word_1_134' title='bbox 1249 1729 1419 1795; x_wconf 86' lang='lat' dir='ltr'><strong>immodica</strong></span> 
     </span>
     <span class='ocr_line' id='line_1_19' title="bbox 382 1817 1417 1968; baseline -0.001 -88"><span class='ocrx_word' id='word_1_135' title='bbox 382 1825 435 1881; x_wconf 91' lang='lat' dir='ltr'><strong>‘et</strong></span> <span class='ocrx_word' id='word_1_136' title='bbox 456 1819 545 1904; x_wconf 78' lang='lat' dir='ltr'><strong>regni</strong></span> <span class='ocrx_word' id='word_1_137' title='bbox 566 1819 689 1918; x_wconf 80' lang='lat' dir='ltr'><strong>patenti</strong></span> <span class='ocrx_word' id='word_1_138' title='bbox 710 1820 847 1967; x_wconf 86' lang='lat' dir='ltr'><strong>speciem</strong></span> <span class='ocrx_word' id='word_1_139' title='bbox 867 1819 989 1896; x_wconf 79' lang='lat' dir='ltr'><strong>videat:</strong></span> <span class='ocrx_word' id='word_1_140' title='bbox 1022 1832 1064 1897; x_wconf 83' lang='lat' dir='ltr'><strong>et,</strong></span> <span class='ocrx_word' id='word_1_141' title='bbox 1087 1818 1177 1884; x_wconf 90' lang='lat' dir='ltr'><strong>euius</strong></span> <span class='ocrx_word' id='word_1_142' title='bbox 1197 1817 1279 1968; x_wconf 63' lang='lat' dir='ltr'><strong>repis</strong></span> <span class='ocrx_word' id='word_1_143' title='bbox 1299 1839 1417 1904; x_wconf 89' lang='lat' dir='ltr'><strong>genero</strong></span> 
     </span>
     <span class='ocr_line' id='line_1_20' title="bbox 383 1904 1490 1991; baseline -0.003 -24"><span class='ocrx_word' id='word_1_144' title='bbox 383 1904 583 1969; x_wconf 79' lang='lat' dir='ltr'><strong>‘hereditarii</strong></span> <span class='ocrx_word' id='word_1_145' title='bbox 605 1905 667 1968; x_wconf 90' lang='lat' dir='ltr'><strong>sint</strong></span> <span class='ocrx_word' id='word_1_146' title='bbox 689 1926 722 1968; x_wconf 89' lang='lat' dir='ltr'><strong>re</strong></span> <span class='ocrx_word' id='word_1_147' title='bbox 735 1905 789 1970; x_wconf 92' lang='lat' dir='ltr'><strong>icti</strong></span> <span class='ocrx_word' id='word_1_148' title='bbox 815 1906 972 1970; x_wconf 86' lang='lat' dir='ltr'><strong>exercitus</strong></span> <span class='ocrx_word' id='word_1_149' title='bbox 993 1906 1100 1982; x_wconf 91' lang='lat' dir='ltr'><strong>nostri,</strong></span> <span class='ocrx_word' id='word_1_150' title='bbox 1123 1905 1191 1970; x_wconf 88' lang='lat' dir='ltr'><strong>eins</strong></span> <span class='ocrx_word' id='word_1_151' title='bbox 1212 1904 1277 1968; x_wconf 83' lang='lat' dir='ltr'><strong>fiio</strong></span> <span class='ocrx_word' id='word_1_152' title='bbox 1306 1925 1417 1991; x_wconf 89' lang='lat' dir='ltr'><strong>parum</strong></span> <span class='ocrx_word' id='word_1_153' title='bbox 1489 1921 1490 1964; x_wconf 74' lang='lat'>1</span> 
     </span>
     <span class='ocr_line' id='line_1_21' title="bbox 382 1990 1416 2079; baseline -0.001 -25"><span class='ocrx_word' id='word_1_154' title='bbox 382 1998 523 2064; x_wconf 81' lang='lat' dir='ltr'><strong>‘mature</strong></span> <span class='ocrx_word' id='word_1_155' title='bbox 543 1991 736 2056; x_wconf 75' lang='lat' dir='ltr'><strong>serviamus?¹</strong></span> <span class='ocrx_word' id='word_1_156' title='bbox 757 1991 837 2079; x_wconf 78' lang='lat' dir='ltr'><strong>Ego,</strong></span> <span class='ocrx_word' id='word_1_157' title='bbox 852 1993 947 2056; x_wconf 88' lang='lat' dir='ltr'><strong>istum</strong></span> <span class='ocrx_word' id='word_1_158' title='bbox 965 1992 1111 2057; x_wconf 89' lang='lat' dir='ltr'><strong>invenem</strong></span> <span class='ocrx_word' id='word_1_159' title='bbox 1126 1991 1213 2056; x_wconf 91' lang='lat' dir='ltr'><strong>domi</strong></span> <span class='ocrx_word' id='word_1_160' title='bbox 1232 1990 1416 2066; x_wconf 84' lang='lat' dir='ltr'><strong>tenendum,</strong></span> 
     </span>
     <span class='ocr_line' id='line_1_22' title="bbox 381 2076 1417 2165; baseline 0 -25"><span class='ocrx_word' id='word_1_161' title='bbox 381 2078 460 2142; x_wconf 74' lang='lat' dir='ltr'><strong>‘sub</strong></span> <span class='ocrx_word' id='word_1_162' title='bbox 475 2076 605 2164; x_wconf 81' lang='lat' dir='ltr'><strong>legibus,</strong></span> <span class='ocrx_word' id='word_1_163' title='bbox 617 2079 674 2142; x_wconf 91' lang='lat' dir='ltr'><strong>sub</strong></span> <span class='ocrx_word' id='word_1_164' title='bbox 689 2078 918 2165; x_wconf 81' lang='lat' dir='ltr'><strong>magistratibus</strong></span> <span class='ocrx_word' id='word_1_165' title='bbox 928 2077 1107 2144; x_wconf 87' lang='lat' dir='ltr'><strong>docendum</strong></span> <span class='ocrx_word' id='word_1_166' title='bbox 1118 2078 1222 2150; x_wconf 66' lang='lat' dir='ltr'><strong>virere</strong></span> <span class='ocrx_word' id='word_1_167' title='bbox 1237 2100 1339 2164; x_wconf 86' lang='lat' dir='ltr'><strong>aequo</strong></span> <span class='ocrx_word' id='word_1_168' title='bbox 1350 2077 1417 2141; x_wconf 88' lang='lat' dir='ltr'><strong>iure</strong></span> 
     </span>
     <span class='ocr_line' id='line_1_23' title="bbox 382 2164 1418 2252; baseline -0.002 -24"><span class='ocrx_word' id='word_1_169' title='bbox 382 2172 475 2229; x_wconf 89' lang='lat' dir='ltr'><strong>‘eum</strong></span> <span class='ocrx_word' id='word_1_170' title='bbox 487 2166 607 2242; x_wconf 89' lang='lat' dir='ltr'><strong>ceteris,</strong></span> <span class='ocrx_word' id='word_1_171' title='bbox 619 2187 748 2230; x_wconf 87' lang='lat' dir='ltr'><strong>censeo:</strong></span> <span class='ocrx_word' id='word_1_172' title='bbox 773 2189 813 2230; x_wconf 90' lang='lat' dir='ltr'><strong>ne</strong></span> <span class='ocrx_word' id='word_1_173' title='bbox 829 2165 1019 2252; x_wconf 92' lang='lat' dir='ltr'><strong>quandoque</strong></span> <span class='ocrx_word' id='word_1_174' title='bbox 1030 2187 1143 2252; x_wconf 88' lang='lat' dir='ltr'><strong>parvus</strong></span> <span class='ocrx_word' id='word_1_175' title='bbox 1154 2164 1206 2228; x_wconf 93' lang='lat' dir='ltr'><strong>hic</strong></span> <span class='ocrx_word' id='word_1_176' title='bbox 1217 2165 1299 2252; x_wconf 76' lang='lat' dir='ltr'><strong>ignis</strong></span> <span class='ocrx_word' id='word_1_177' title='bbox 1309 2165 1418 2228; x_wconf 90' lang='lat' dir='ltr'><strong>incen-</strong></span> 
     </span>
     <span class='ocr_line' id='line_1_24' title="bbox 275 2250 1416 2350; baseline -0.003 -33"><span class='ocrx_word' id='word_1_178' title='bbox 275 2258 306 2319; x_wconf 85' lang='lat'><strong>4.</strong></span> <span class='ocrx_word' id='word_1_179' title='bbox 382 2250 490 2315; x_wconf 91' lang='lat' dir='ltr'><strong>‘dium</strong></span> <span class='ocrx_word' id='word_1_180' title='bbox 500 2252 611 2338; x_wconf 80' lang='lat' dir='ltr'><strong>ingens</strong></span> <span class='ocrx_word' id='word_1_181' title='bbox 619 2252 808 2316; x_wconf 78' lang='lat' dir='ltr'><strong>exsuscitet&#39;</strong></span> <span class='ocrx_word' id='word_1_182' title='bbox 829 2275 832 2280; x_wconf 92' lang='lat'>·</span> <span class='ocrx_word' id='word_1_183' title='bbox 850 2251 1109 2329; x_wconf 83' lang='lat' dir='ltr'><strong>Pauci,acfe1me</strong></span> <span class='ocrx_word' id='word_1_184' title='bbox 1124 2251 1262 2338; x_wconf 86' lang='lat' dir='ltr'><strong>optimus</strong></span> <span class='ocrx_word' id='word_1_185' title='bbox 1273 2250 1416 2350; x_wconf 88' lang='lat' dir='ltr'><strong>quisque,</strong></span> 
     </span>
     <span class='ocr_line' id='line_1_25' title="bbox 382 2336 1417 2425; baseline 0.001 -25"><span class='ocrx_word' id='word_1_186' title='bbox 382 2336 535 2401; x_wconf 87' lang='lat' dir='ltr'><strong>Hannoni</strong></span> <span class='ocrx_word' id='word_1_187' title='bbox 549 2338 813 2403; x_wconf 80' lang='lat' dir='ltr'><strong>assentiebantur:</strong></span> <span class='ocrx_word' id='word_1_188' title='bbox 837 2338 903 2415; x_wconf 89' lang='lat' dir='ltr'><strong>sed,</strong></span> <span class='ocrx_word' id='word_1_189' title='bbox 916 2353 951 2403; x_wconf 90' lang='lat' dir='ltr'><strong>ut</strong></span> <span class='ocrx_word' id='word_1_190' title='bbox 969 2339 1092 2425; x_wconf 89' lang='lat' dir='ltr'><strong>plerum</strong></span> <span class='ocrx_word' id='word_1_191' title='bbox 1118 2361 1157 2402; x_wconf 89' lang='lat' dir='ltr'><strong>ue</strong></span> <span class='ocrx_word' id='word_1_192' title='bbox 1172 2338 1219 2415; x_wconf 88' lang='lat' dir='ltr'><strong>fit,</strong></span> <span class='ocrx_word' id='word_1_193' title='bbox 1234 2359 1334 2402; x_wconf 84' lang='lat' dir='ltr'><strong>malor</strong></span> <span class='ocrx_word' id='word_1_194' title='bbox 1347 2357 1417 2424; x_wconf 83' lang='lat' dir='ltr'><strong>pars</strong></span> 
     </span>
     <span class='ocr_line' id='line_1_26' title="bbox 219 2362 1425 2514; baseline 0.002 -29"><span class='ocrx_word' id='word_1_195' title='bbox 219 2435 367 2514; x_wconf 64' lang='lat' dir='ltr'><strong>nantoatis</strong></span> <span class='ocrx_word' id='word_1_196' title='bbox 382 2421 543 2486; x_wconf 88' lang='lat' dir='ltr'><strong>meliorem</strong></span> <span class='ocrx_word' id='word_1_197' title='bbox 569 2423 653 2486; x_wconf 91' lang='lat' dir='ltr'><strong>vicit.</strong></span> <span class='ocrx_word' id='word_1_198' title='bbox 699 2421 816 2488; x_wconf 88' lang='lat' dir='ltr'><strong>Missus</strong></span> <span class='ocrx_word' id='word_1_199' title='bbox 845 2423 1007 2490; x_wconf 85' lang='lat' dir='ltr'><strong>Hannibal</strong></span> <span class='ocrx_word' id='word_1_200' title='bbox 1036 2426 1070 2488; x_wconf 94' lang='lat' dir='ltr'><strong>in</strong></span> <span class='ocrx_word' id='word_1_201' title='bbox 1094 2362 1286 2511; x_wconf 70' lang='lat' dir='ltr'><strong>Hispaniam</strong></span> <span class='ocrx_word' id='word_1_202' title='bbox 1339 2425 1425 2488; x_wconf 89' lang='lat' dir='ltr'><strong>rimo</strong></span> 
     </span>
     <span class='ocr_line' id='line_1_27' title="bbox 218 2503 1417 2579; baseline -0.005 0"><span class='ocrx_word' id='word_1_203' title='bbox 218 2503 288 2579; x_wconf 51' lang='lat'><strong>‘¹⁰¹5‘</strong></span> <span class='ocrx_word' id='word_1_204' title='bbox 298 2509 324 2553; x_wconf 50' lang='grc' dir='ltr'><strong>Εἴ</strong></span> <span class='ocrx_word' id='word_1_205' title='bbox 337 2519 372 2552; x_wconf 88' lang='lat'>¹¹¹·</span> <span class='ocrx_word' id='word_1_206' title='bbox 380 2509 486 2573; x_wconf 88' lang='lat' dir='ltr'><strong>statim</strong></span> <span class='ocrx_word' id='word_1_207' title='bbox 501 2509 639 2573; x_wconf 89' lang='lat' dir='ltr'><strong>adventu</strong></span> <span class='ocrx_word' id='word_1_208' title='bbox 651 2532 780 2574; x_wconf 88' lang='lat' dir='ltr'><strong>omnem</strong></span> <span class='ocrx_word' id='word_1_209' title='bbox 795 2511 969 2576; x_wconf 87' lang='lat' dir='ltr'><strong>exercitum</strong></span> <span class='ocrx_word' id='word_1_210' title='bbox 983 2511 1016 2575; x_wconf 92' lang='lat' dir='ltr'><strong>in</strong></span> <span class='ocrx_word' id='word_1_211' title='bbox 1032 2535 1064 2577; x_wconf 88' lang='lat' dir='ltr'><strong>se</strong></span> <span class='ocrx_word' id='word_1_212' title='bbox 1085 2512 1248 2577; x_wconf 83' lang='lat' dir='ltr'><strong>convertit.</strong></span> <span class='ocrx_word' id='word_1_213' title='bbox 1329 2509 1417 2574; x_wconf 89' lang='lat' dir='ltr'><strong>amil-</strong></span> 
     </span>
     <span class='ocr_line' id='line_1_28' title="bbox 217 2581 1416 2677; baseline 0.001 -17"><span class='ocrx_word' id='word_1_214' title='bbox 217 2581 324 2629; x_wconf 46' lang='grc' dir='ltr'><strong>ΜΨ·</strong></span> <span class='ocrx_word' id='word_1_215' title='bbox 380 2617 483 2660; x_wconf 88' lang='lat' dir='ltr'><strong>carem</strong></span> <span class='ocrx_word' id='word_1_216' title='bbox 497 2623 499 2630; x_wconf 52' lang='lat'>&gt;</span> <span class='ocrx_word' id='word_1_217' title='bbox 513 2595 659 2660; x_wconf 89' lang='lat' dir='ltr'><strong>iuvenem</strong></span> <span class='ocrx_word' id='word_1_218' title='bbox 693 2596 853 2661; x_wconf 87' lang='lat' dir='ltr'><strong>redditum</strong></span> <span class='ocrx_word' id='word_1_219' title='bbox 881 2597 941 2662; x_wconf 89' lang='lat' dir='ltr'><strong>sibi</strong></span> <span class='ocrx_word' id='word_1_220' title='bbox 969 2612 1089 2677; x_wconf 80' lang='lat' dir='ltr'><strong>veteres</strong></span> <span class='ocrx_word' id='word_1_221' title='bbox 1121 2598 1237 2664; x_wconf 88' lang='lat' dir='ltr'><strong>milites</strong></span> <span class='ocrx_word' id='word_1_222' title='bbox 1268 2597 1416 2670; x_wconf 79' lang='lat' dir='ltr'><strong>credere:</strong></span> 
     </span>
     <span class='ocr_line' id='line_1_29' title="bbox 380 2679 1416 2771; baseline 0.002 -25"><span class='ocrx_word' id='word_1_223' title='bbox 380 2681 518 2746; x_wconf 89' lang='lat' dir='ltr'><strong>eundem</strong></span> <span class='ocrx_word' id='word_1_224' title='bbox 532 2683 672 2769; x_wconf 79' lang='lat' dir='ltr'><strong>vigorem</strong></span> <span class='ocrx_word' id='word_1_225' title='bbox 694 2683 728 2748; x_wconf 91' lang='lat' dir='ltr'><strong>in</strong></span> <span class='ocrx_word' id='word_1_226' title='bbox 743 2684 842 2760; x_wconf 89' lang='lat' dir='ltr'><strong>vultu,</strong></span> <span class='ocrx_word' id='word_1_227' title='bbox 858 2685 985 2771; x_wconf 88' lang='lat' dir='ltr'><strong>vimque</strong></span> <span class='ocrx_word' id='word_1_228' title='bbox 1001 2685 1035 2748; x_wconf 92' lang='lat' dir='ltr'><strong>in</strong></span> <span class='ocrx_word' id='word_1_229' title='bbox 1057 2684 1164 2763; x_wconf 88' lang='lat' dir='ltr'><strong>oculis,</strong></span> <span class='ocrx_word' id='word_1_230' title='bbox 1181 2679 1324 2750; x_wconf 83' lang='lat' dir='ltr'><strong>habitum</strong></span> <span class='ocrx_word' id='word_1_231' title='bbox 1346 2683 1416 2759; x_wconf 88' lang='lat' dir='ltr'><strong>oris,</strong></span> 
     </span>
     <span class='ocr_line' id='line_1_30' title="bbox 380 2768 1417 2855; baseline 0.002 -24"><span class='ocrx_word' id='word_1_232' title='bbox 380 2768 633 2855; x_wconf 85' lang='lat' dir='ltr'><strong>lineamentaque</strong></span> <span class='ocrx_word' id='word_1_233' title='bbox 653 2770 778 2849; x_wconf 76' lang='lat' dir='ltr'><strong>intueri.</strong></span> <span class='ocrx_word' id='word_1_234' title='bbox 823 2769 910 2834; x_wconf 91' lang='lat' dir='ltr'><strong>Dein</strong></span> <span class='ocrx_word' id='word_1_235' title='bbox 930 2772 1016 2836; x_wconf 86' lang='lat' dir='ltr'><strong>brevi</strong></span> <span class='ocrx_word' id='word_1_236' title='bbox 1036 2772 1150 2848; x_wconf 86' lang='lat' dir='ltr'><strong>effecit,</strong></span> <span class='ocrx_word' id='word_1_237' title='bbox 1169 2783 1205 2835; x_wconf 91' lang='lat' dir='ltr'><strong>nt</strong></span> <span class='ocrx_word' id='word_1_238' title='bbox 1246 2785 1313 2836; x_wconf 88' lang='lat' dir='ltr'><strong>ater</strong></span> <span class='ocrx_word' id='word_1_239' title='bbox 1333 2771 1366 2833; x_wconf 90' lang='lat' dir='ltr'><strong>in</strong></span> <span class='ocrx_word' id='word_1_240' title='bbox 1384 2792 1417 2833; x_wconf 88' lang='lat' dir='ltr'><strong>se</strong></span> 
     </span>
     <span class='ocr_line' id='line_1_31' title="bbox 380 2855 1441 2932; baseline 0.003 -15"><span class='ocrx_word' id='word_1_241' title='bbox 380 2855 546 2918; x_wconf 87' lang='lat' dir='ltr'><strong>minimum</strong></span> <span class='ocrx_word' id='word_1_242' title='bbox 583 2869 779 2928; x_wconf 86' lang='lat' dir='ltr'><strong>momentum</strong></span> <span class='ocrx_word' id='word_1_243' title='bbox 811 2857 851 2922; x_wconf 90' lang='lat' dir='ltr'><strong>ad</strong></span> <span class='ocrx_word' id='word_1_244' title='bbox 884 2857 1021 2922; x_wconf 89' lang='lat' dir='ltr'><strong>favorem</strong></span> <span class='ocrx_word' id='word_1_245' title='bbox 1057 2857 1212 2922; x_wconf 89' lang='lat' dir='ltr'><strong>coneilian</strong></span> <span class='ocrx_word' id='word_1_246' title='bbox 1236 2879 1291 2923; x_wconf 91' lang='lat' dir='ltr'><strong>um</strong></span> <span class='ocrx_word' id='word_1_247' title='bbox 1327 2869 1441 2932; x_wconf 72' lang='lat' dir='ltr'><strong>esseae</strong></span> 
     </span>
     <span class='ocr_line' id='line_1_32' title="bbox 322 2940 1418 3030; baseline 0.001 -25"><span class='ocrx_word' id='word_1_248' title='bbox 322 2967 325 2972; x_wconf 94' lang='lat'>·</span> <span class='ocrx_word' id='word_1_249' title='bbox 381 2940 556 3028; x_wconf 87' lang='lat' dir='ltr'><strong>Nunquam</strong></span> <span class='ocrx_word' id='word_1_250' title='bbox 577 2942 740 3029; x_wconf 78' lang='lat' dir='ltr'><strong>ingenium</strong></span> <span class='ocrx_word' id='word_1_251' title='bbox 763 2943 849 3007; x_wconf 89' lang='lat' dir='ltr'><strong>idem</strong></span> <span class='ocrx_word' id='word_1_252' title='bbox 871 2943 975 3008; x_wconf 91' lang='lat' dir='ltr'><strong>adres</strong></span> <span class='ocrx_word' id='word_1_253' title='bbox 997 2944 1227 3021; x_wconf 88' lang='lat' dir='ltr'><strong>diversissimas,</strong></span> <span class='ocrx_word' id='word_1_254' title='bbox 1243 2943 1418 3030; x_wconf 88' lang='lat' dir='ltr'><strong>parendum</strong></span> 
     </span>
     <span class='ocr_line' id='line_1_33' title="bbox 380 3029 1418 3119; baseline 0.002 -28"><span class='ocrx_word' id='word_1_255' title='bbox 380 3041 474 3115; x_wconf 90' lang='lat' dir='ltr'><strong>atque</strong></span> <span class='ocrx_word' id='word_1_256' title='bbox 487 3029 715 3114; x_wconf 90' lang='lat' dir='ltr'><strong>imperandum,</strong></span> <span class='ocrx_word' id='word_1_257' title='bbox 725 3029 859 3094; x_wconf 88' lang='lat' dir='ltr'><strong>habilius</strong></span> <span class='ocrx_word' id='word_1_258' title='bbox 873 3030 942 3096; x_wconf 77' lang='lat' dir='ltr'><strong>fuit</strong></span> <span class='ocrx_word' id='word_1_259' title='bbox 988 3030 1198 3119; x_wconf 77' lang='lat' dir='ltr'><strong>Itaque&#39;haud</strong></span> <span class='ocrx_word' id='word_1_260' title='bbox 1209 3030 1298 3094; x_wconf 89' lang='lat' dir='ltr'><strong>facile</strong></span> <span class='ocrx_word' id='word_1_261' title='bbox 1310 3029 1418 3094; x_wconf 88' lang='lat' dir='ltr'><strong>decer·</strong></span> 
     </span>
    </p>
   </div>
   <div class='ocr_carea' id='block_1_3' title="bbox 380 3115 1417 3266">
    <p class='ocr_par' dir='ltr' id='par_1_3' title="bbox 380 3115 1417 3266">
     <span class='ocr_line' id='line_1_34' title="bbox 380 3115 1417 3266; baseline 0.001 -88"><span class='ocrx_word' id='word_1_262' title='bbox 380 3137 480 3191; x_wconf 81' lang='lat' dir='ltr'><strong>nerea,</strong></span> <span class='ocrx_word' id='word_1_263' title='bbox 496 3128 602 3178; x_wconf 89' lang='lat' dir='ltr'><strong>utrum</strong></span> <span class='ocrx_word' id='word_1_264' title='bbox 624 3115 813 3201; x_wconf 85' lang='lat' dir='ltr'><strong>imperatori,</strong></span> <span class='ocrx_word' id='word_1_265' title='bbox 829 3140 870 3180; x_wconf 90' lang='lat' dir='ltr'><strong>an</strong></span> <span class='ocrx_word' id='word_1_266' title='bbox 892 3119 1055 3195; x_wconf 87' lang='lat' dir='ltr'><strong>exercitui,</strong></span> <span class='ocrx_word' id='word_1_267' title='bbox 1071 3118 1170 3183; x_wconf 88' lang='lat' dir='ltr'><strong>carior</strong></span> <span class='ocrx_word' id='word_1_268' title='bbox 1192 3131 1290 3182; x_wconf 87' lang='lat' dir='ltr'><strong>esset:</strong></span> <span class='ocrx_word' id='word_1_269' title='bbox 1313 3139 1417 3266; x_wconf 81' lang='lat' dir='ltr'><strong>neque</strong></span> 
     </span>
    </p>
   </div>
   <div class='ocr_carea' id='block_1_4' title="bbox 379 3200 1418 3551">
    <p class='ocr_par' dir='ltr' id='par_1_4' title="bbox 379 3200 1418 3551">
     <span class='ocr_line' id='line_1_35' title="bbox 381 3200 1418 3291; baseline 0.001 -27"><span class='ocrx_word' id='word_1_270' title='bbox 381 3200 561 3266; x_wconf 87' lang='lat' dir='ltr'><strong>Hasdrubal</strong></span> <span class='ocrx_word' id='word_1_271' title='bbox 576 3201 672 3266; x_wconf 90' lang='lat' dir='ltr'><strong>alium</strong></span> <span class='ocrx_word' id='word_1_272' title='bbox 688 3225 880 3290; x_wconf 84' lang='lat' dir='ltr'><strong>quemquam</strong></span> <span class='ocrx_word' id='word_1_273' title='bbox 894 3205 1063 3291; x_wconf 84' lang='lat' dir='ltr'><strong>praeficere</strong></span> <span class='ocrx_word' id='word_1_274' title='bbox 1078 3203 1181 3281; x_wconf 86' lang='lat' dir='ltr'><strong>malle,</strong></span> <span class='ocrx_word' id='word_1_275' title='bbox 1193 3204 1248 3268; x_wconf 91' lang='lat' dir='ltr'><strong>nbi</strong></span> <span class='ocrx_word' id='word_1_276' title='bbox 1286 3203 1343 3266; x_wconf 92' lang='lat' dir='ltr'><strong>uid</strong></span> <span class='ocrx_word' id='word_1_277' title='bbox 1369 3224 1418 3267; x_wconf 91' lang='lat' dir='ltr'><strong>or-</strong></span> 
     </span>
     <span class='ocr_line' id='line_1_36' title="bbox 381 3227 1416 3378; baseline 0.001 -27"><span class='ocrx_word' id='word_1_278' title='bbox 381 3288 453 3352; x_wconf 86' lang='lat' dir='ltr'><strong>titer</strong></span> <span class='ocrx_word' id='word_1_279' title='bbox 474 3311 510 3353; x_wconf 90' lang='lat' dir='ltr'><strong>ac</strong></span> <span class='ocrx_word' id='word_1_280' title='bbox 532 3300 658 3354; x_wconf 89' lang='lat' dir='ltr'><strong>strenue</strong></span> <span class='ocrx_word' id='word_1_281' title='bbox 681 3290 839 3376; x_wconf 87' lang='lat' dir='ltr'><strong>agendum</strong></span> <span class='ocrx_word' id='word_1_282' title='bbox 862 3305 958 3356; x_wconf 87' lang='lat' dir='ltr'><strong>esset:</strong></span> <span class='ocrx_word' id='word_1_283' title='bbox 987 3315 1091 3378; x_wconf 91' lang='lat' dir='ltr'><strong>neque</strong></span> <span class='ocrx_word' id='word_1_284' title='bbox 1115 3291 1229 3355; x_wconf 91' lang='lat' dir='ltr'><strong>milites</strong></span> <span class='ocrx_word' id='word_1_285' title='bbox 1254 3227 1316 3353; x_wconf 73' lang='lat' dir='ltr'><strong>:ilio</strong></span> <span class='ocrx_word' id='word_1_286' title='bbox 1338 3289 1416 3353; x_wconf 88' lang='lat' dir='ltr'><strong>duce</strong></span> 
     </span>
     <span class='ocr_line' id='line_1_37' title="bbox 380 3374 1418 3462; baseline 0 -24"><span class='ocrx_word' id='word_1_287' title='bbox 380 3374 450 3461; x_wconf 89' lang='lat' dir='ltr'><strong>plns</strong></span> <span class='ocrx_word' id='word_1_288' title='bbox 461 3375 629 3452; x_wconf 88' lang='lat' dir='ltr'><strong>confidere,</strong></span> <span class='ocrx_word' id='word_1_289' title='bbox 642 3391 697 3440; x_wconf 88' lang='lat' dir='ltr'><strong>aut</strong></span> <span class='ocrx_word' id='word_1_290' title='bbox 712 3376 836 3442; x_wconf 87' lang='lat' dir='ltr'><strong>audere.</strong></span> <span class='ocrx_word' id='word_1_291' title='bbox 882 3377 1058 3442; x_wconf 89' lang='lat' dir='ltr'><strong>Plurimum</strong></span> <span class='ocrx_word' id='word_1_292' title='bbox 1067 3377 1215 3443; x_wconf 88' lang='lat' dir='ltr'><strong>audaciae</strong></span> <span class='ocrx_word' id='word_1_293' title='bbox 1231 3375 1418 3462; x_wconf 87' lang='lat' dir='ltr'><strong>adpericula</strong></span> 
     </span>
     <span class='ocr_line' id='line_1_38' title="bbox 379 3461 1418 3551; baseline -0.001 -25"><span class='ocrx_word' id='word_1_294' title='bbox 379 3463 578 3548; x_wconf 88' lang='lat' dir='ltr'><strong>capessenda,</strong></span> <span class='ocrx_word' id='word_1_295' title='bbox 592 3462 761 3549; x_wconf 91' lang='lat' dir='ltr'><strong>plurimum</strong></span> <span class='ocrx_word' id='word_1_296' title='bbox 772 3462 892 3528; x_wconf 88' lang='lat' dir='ltr'><strong>consilii</strong></span> <span class='ocrx_word' id='word_1_297' title='bbox 904 3465 987 3528; x_wconf 90' lang='lat' dir='ltr'><strong>inter</strong></span> <span class='ocrx_word' id='word_1_298' title='bbox 997 3466 1064 3550; x_wconf 86' lang='lat' dir='ltr'><strong>ipsa</strong></span> <span class='ocrx_word' id='word_1_299' title='bbox 1074 3463 1215 3551; x_wconf 85' lang='lat' dir='ltr'><strong>pericula</strong></span> <span class='ocrx_word' id='word_1_300' title='bbox 1224 3477 1308 3527; x_wconf 85' lang='lat' dir='ltr'><strong>erat:</strong></span> <span class='ocrx_word' id='word_1_301' title='bbox 1332 3461 1418 3526; x_wconf 92' lang='lat' dir='ltr'><strong>nullo</strong></span> 
     </span>
    </p>
   </div>
   <div class='ocr_carea' id='block_1_5' title="bbox 290 3657 1490 4423">
    <p class='ocr_par' dir='ltr' id='par_1_5' title="bbox 290 3657 1490 4423">
     <span class='ocr_line' id='line_1_39' title="bbox 414 3657 1417 3722; baseline -0.001 -16"><span class='ocrx_word' id='word_1_302' title='bbox 414 3659 643 3718; x_wconf 76' lang='lat' dir='ltr'><strong>7Praeropatioam</strong></span> <span class='ocrx_word' id='word_1_303' title='bbox 660 3660 802 3716; x_wconf 79' lang='lat' dir='ltr'><strong>militarem]</strong></span> <span class='ocrx_word' id='word_1_304' title='bbox 829 3658 883 3706; x_wconf 84' lang='lat' dir='ltr'><strong>Sus·</strong></span> <span class='ocrx_word' id='word_1_305' title='bbox 915 3659 990 3707; x_wconf 80' lang='lat' dir='ltr'><strong>fenne</strong></span> <span class='ocrx_word' id='word_1_306' title='bbox 1006 3661 1076 3709; x_wconf 85' lang='lat' dir='ltr'><strong>annis</strong></span> <span class='ocrx_word' id='word_1_307' title='bbox 1092 3659 1221 3722; x_wconf 85' lang='lat' dir='ltr'><strong>imperium</strong></span> <span class='ocrx_word' id='word_1_308' title='bbox 1236 3657 1341 3706; x_wconf 88' lang='lat' dir='ltr'><strong>obtinuit</strong></span> <span class='ocrx_word' id='word_1_309' title='bbox 1356 3657 1417 3706; x_wconf 73' lang='lat' dir='ltr'><strong>Has</strong></span> 
     </span>
     <span class='ocr_line' id='line_1_40' title="bbox 290 3719 1418 3786; baseline 0.004 -22"><span class='ocrx_word' id='word_1_310' title='bbox 290 3755 294 3764; x_wconf 88' lang='lat'><em>.</em></span> <span class='ocrx_word' id='word_1_311' title='bbox 380 3719 482 3782; x_wconf 70' lang='lat' dir='ltr'><strong>litigium</strong></span> <span class='ocrx_word' id='word_1_312' title='bbox 499 3727 556 3768; x_wconf 88' lang='lat' dir='ltr'><strong>ante</strong></span> <span class='ocrx_word' id='word_1_313' title='bbox 575 3736 591 3768; x_wconf 89' lang='lat' dir='ltr'><strong>a</strong></span> <span class='ocrx_word' id='word_1_314' title='bbox 606 3721 725 3769; x_wconf 88' lang='lat' dir='ltr'><strong>militibus</strong></span> <span class='ocrx_word' id='word_1_315' title='bbox 744 3723 828 3770; x_wconf 84' lang='lat' dir='ltr'><strong>latum.</strong></span> <span class='ocrx_word' id='word_1_316' title='bbox 852 3723 882 3772; x_wconf 84' lang='lat' dir='ltr'><strong>cf.</strong></span> <span class='ocrx_word' id='word_1_317' title='bbox 915 3723 1011 3776; x_wconf 82' lang='lat' dir='ltr'><strong>drubal.</strong></span> <span class='ocrx_word' id='word_1_318' title='bbox 1029 3740 1060 3772; x_wconf 84' lang='lat' dir='ltr'><strong>ex</strong></span> <span class='ocrx_word' id='word_1_319' title='bbox 1079 3724 1167 3786; x_wconf 86' lang='lat' dir='ltr'><strong>quibus</strong></span> <span class='ocrx_word' id='word_1_320' title='bbox 1187 3723 1207 3771; x_wconf 89' lang='lat' dir='ltr'><strong>si</strong></span> <span class='ocrx_word' id='word_1_321' title='bbox 1228 3722 1359 3771; x_wconf 86' lang='lat' dir='ltr'><strong>triennium</strong></span> <span class='ocrx_word' id='word_1_322' title='bbox 1379 3723 1418 3769; x_wconf 85' lang='lat' dir='ltr'><strong>dc-</strong></span> 
     </span>
     <span class='ocr_line' id='line_1_41' title="bbox 379 3783 1417 3849; baseline 0.004 -20"><span class='ocrx_word' id='word_1_323' title='bbox 379 3797 445 3844; x_wconf 82' lang='lat' dir='ltr'><strong>supr.</strong></span> <span class='ocrx_word' id='word_1_324' title='bbox 457 3783 490 3830; x_wconf 90' lang='lat' dir='ltr'><strong>iii.</strong></span> <span class='ocrx_word' id='word_1_325' title='bbox 503 3797 540 3844; x_wconf 80' lang='lat'><strong>51·</strong></span> <span class='ocrx_word' id='word_1_326' title='bbox 916 3789 1025 3846; x_wconf 82' lang='lat' dir='ltr'><strong>traxeris,</strong></span> <span class='ocrx_word' id='word_1_327' title='bbox 1038 3804 1086 3849; x_wconf 91' lang='lat' dir='ltr'><strong>quo</strong></span> <span class='ocrx_word' id='word_1_328' title='bbox 1102 3791 1147 3836; x_wconf 88' lang='lat' dir='ltr'><strong>sub</strong></span> <span class='ocrx_word' id='word_1_329' title='bbox 1165 3804 1194 3836; x_wconf 91' lang='lat' dir='ltr'><strong>eo</strong></span> <span class='ocrx_word' id='word_1_330' title='bbox 1210 3787 1355 3848; x_wconf 82' lang='lat' dir='ltr'><strong>imperatore</strong></span> <span class='ocrx_word' id='word_1_331' title='bbox 1369 3801 1417 3834; x_wconf 86' lang='lat' dir='ltr'><strong>mc·</strong></span> 
     </span>
     <span class='ocr_line' id='line_1_42' title="bbox 412 3848 1419 3911; baseline 0.004 -18"><span class='ocrx_word' id='word_1_332' title='bbox 412 3851 427 3893; x_wconf 84' lang='lat'>8</span> <span class='ocrx_word' id='word_1_333' title='bbox 443 3848 544 3896; x_wconf 64' lang='grc' dir='ltr'><strong>Μανῆ</strong></span> <span class='ocrx_word' id='word_1_334' title='bbox 554 3849 681 3909; x_wconf 79' lang='lat' dir='ltr'><strong>puberem]</strong></span> <span class='ocrx_word' id='word_1_335' title='bbox 698 3849 755 3896; x_wconf 82' lang='lat' dir='ltr'><strong>Non</strong></span> <span class='ocrx_word' id='word_1_336' title='bbox 767 3849 838 3898; x_wconf 82' lang='lat' dir='ltr'><strong>facile</strong></span> <span class='ocrx_word' id='word_1_337' title='bbox 848 3850 883 3898; x_wconf 91' lang='lat' dir='ltr'><strong>in·</strong></span> <span class='ocrx_word' id='word_1_338' title='bbox 916 3852 964 3900; x_wconf 88' lang='lat' dir='ltr'><strong>ruit</strong></span> <span class='ocrx_word' id='word_1_339' title='bbox 980 3853 1114 3911; x_wconf 84' lang='lat' dir='ltr'><strong>Hannibal,</strong></span> <span class='ocrx_word' id='word_1_340' title='bbox 1125 3851 1228 3900; x_wconf 86' lang='lat' dir='ltr'><strong>efficitur</strong></span> <span class='ocrx_word' id='word_1_341' title='bbox 1244 3851 1419 3906; x_wconf 84' lang='lat' dir='ltr'><strong>Hannibalem,</strong></span> 
     </span>
     <span class='ocr_line' id='line_1_43' title="bbox 379 3910 1419 3977; baseline 0.003 -20"><span class='ocrx_word' id='word_1_342' title='bbox 379 3910 497 3972; x_wconf 77' lang='lat' dir='ltr'><strong>telligitur</strong></span> <span class='ocrx_word' id='word_1_343' title='bbox 523 3913 644 3972; x_wconf 87' lang='lat' dir='ltr'><strong>quomodo</strong></span> <span class='ocrx_word' id='word_1_344' title='bbox 672 3912 757 3961; x_wconf 82' lang='lat' dir='ltr'><strong>Livius</strong></span> <span class='ocrx_word' id='word_1_345' title='bbox 784 3916 883 3963; x_wconf 71' lang='lat' dir='ltr'><strong>nirdam</strong></span> <span class='ocrx_word' id='word_1_346' title='bbox 916 3922 1060 3977; x_wconf 83' lang='lat' dir='ltr'><strong>tuncquum</strong></span> <span class='ocrx_word' id='word_1_347' title='bbox 1077 3919 1108 3964; x_wconf 90' lang='lat' dir='ltr'><strong>ab</strong></span> <span class='ocrx_word' id='word_1_348' title='bbox 1122 3915 1278 3966; x_wconf 86' lang='lat' dir='ltr'><strong>Hasdrubale</strong></span> <span class='ocrx_word' id='word_1_349' title='bbox 1293 3915 1419 3963; x_wconf 82' lang='lat' dir='ltr'><strong>arcessitus</strong></span> 
     </span>
     <span class='ocr_line' id='line_1_44' title="bbox 376 3976 1305 4044; baseline 0.005 -21"><span class='ocrx_word' id='word_1_350' title='bbox 376 3976 492 4036; x_wconf 72' lang='lat' dir='ltr'><strong>paedorem</strong></span> <span class='ocrx_word' id='word_1_351' title='bbox 518 3977 644 4038; x_wconf 84' lang='lat' dir='ltr'><strong>appellare</strong></span> <span class='ocrx_word' id='word_1_352' title='bbox 672 3977 746 4038; x_wconf 84' lang='lat' dir='ltr'><strong>possit</strong></span> <span class='ocrx_word' id='word_1_353' title='bbox 771 3977 883 4026; x_wconf 85' lang='lat' dir='ltr'><strong>iuvenem</strong></span> <span class='ocrx_word' id='word_1_354' title='bbox 916 3981 1207 4044; x_wconf 64' lang='lat' dir='ltr'><strong>est‚annuma3.effi&#39;sse.</strong></span> <span class='ocrx_word' id='word_1_355' title='bbox 1224 3980 1305 4028; x_wconf 81' lang='lat' dir='ltr'><strong>Gnav.</strong></span> 
     </span>
     <span class='ocr_line' id='line_1_45' title="bbox 379 4039 1490 4108; baseline 0.003 -22"><span class='ocrx_word' id='word_1_356' title='bbox 379 4054 444 4096; x_wconf 86' lang='lat' dir='ltr'><strong>eum,</strong></span> <span class='ocrx_word' id='word_1_357' title='bbox 455 4039 506 4099; x_wconf 89' lang='lat' dir='ltr'><strong>qui,</strong></span> <span class='ocrx_word' id='word_1_358' title='bbox 516 4047 544 4086; x_wconf 89' lang='lat' dir='ltr'><strong>ut</strong></span> <span class='ocrx_word' id='word_1_359' title='bbox 555 4055 586 4088; x_wconf 83' lang='lat' dir='ltr'><strong>ex</strong></span> <span class='ocrx_word' id='word_1_360' title='bbox 599 4041 675 4101; x_wconf 87' lang='lat' dir='ltr'><strong>ipsius</strong></span> <span class='ocrx_word' id='word_1_361' title='bbox 687 4041 822 4091; x_wconf 86' lang='lat' dir='ltr'><strong>narratione</strong></span> <span class='ocrx_word' id='word_1_362' title='bbox 834 4044 881 4090; x_wconf 87' lang='lat' dir='ltr'><strong>col·</strong></span> <span class='ocrx_word' id='word_1_363' title='bbox 946 4047 1112 4108; x_wconf 76' lang='lat' dir='ltr'><strong>pMa&#39;m&#39;mam</strong></span> <span class='ocrx_word' id='word_1_364' title='bbox 1126 4047 1281 4104; x_wconf 63' lang='lat' dir='ltr'><strong>mamertum]</strong></span> <span class='ocrx_word' id='word_1_365' title='bbox 1305 4043 1418 4092; x_wconf 64' lang='lat' dir='ltr'><strong>nana</strong></span> <span class='ocrx_word' id='word_1_366' title='bbox 1489 4045 1490 4048; x_wconf 77' lang='grc'>’</span> 
     </span>
     <span class='ocr_line' id='line_1_46' title="bbox 379 4103 1418 4169; baseline 0.002 -18"><span class='ocrx_word' id='word_1_367' title='bbox 379 4103 469 4164; x_wconf 79' lang='lat' dir='ltr'><strong>ligitur,</strong></span> <span class='ocrx_word' id='word_1_368' title='bbox 479 4118 570 4151; x_wconf 88' lang='lat' dir='ltr'><strong>annum</strong></span> <span class='ocrx_word' id='word_1_369' title='bbox 581 4111 689 4152; x_wconf 75' lang='lat' dir='ltr'><strong>tuncne.</strong></span> <span class='ocrx_word' id='word_1_370' title='bbox 701 4105 788 4153; x_wconf 79' lang='lat' dir='ltr'><strong>aetatis</strong></span> <span class='ocrx_word' id='word_1_371' title='bbox 800 4123 881 4155; x_wconf 81' lang='lat' dir='ltr'><strong>excea-</strong></span> <span class='ocrx_word' id='word_1_372' title='bbox 914 4107 1006 4157; x_wconf 85' lang='lat' dir='ltr'><strong>nimam</strong></span> <span class='ocrx_word' id='word_1_373' title='bbox 1033 4109 1082 4157; x_wconf 85' lang='lat' dir='ltr'><strong>vin:</strong></span> <span class='ocrx_word' id='word_1_374' title='bbox 1109 4109 1209 4156; x_wconf 84' lang='lat' dir='ltr'><strong>haberet</strong></span> <span class='ocrx_word' id='word_1_375' title='bbox 1235 4107 1310 4169; x_wconf 85' lang='lat' dir='ltr'><strong>patris</strong></span> <span class='ocrx_word' id='word_1_376' title='bbox 1336 4107 1418 4168; x_wconf 77' lang='lat' dir='ltr'><strong>gratia.</strong></span> 
     </span>
     <span class='ocr_line' id='line_1_47' title="bbox 378 4167 1418 4233; baseline 0.003 -19"><span class='ocrx_word' id='word_1_377' title='bbox 378 4173 448 4215; x_wconf 84' lang='lat' dir='ltr'><strong>serat.</strong></span> <span class='ocrx_word' id='word_1_378' title='bbox 482 4167 608 4216; x_wconf 89' lang='lat' dir='ltr'><strong>Hannibal</strong></span> <span class='ocrx_word' id='word_1_379' title='bbox 623 4183 709 4217; x_wconf 86' lang='lat' dir='ltr'><strong>novem</strong></span> <span class='ocrx_word' id='word_1_380' title='bbox 722 4169 881 4218; x_wconf 80' lang='lat' dir='ltr'><strong>senneanno</strong></span> <span class='ocrx_word' id='word_1_381' title='bbox 916 4173 956 4220; x_wconf 86' lang='lat' dir='ltr'><strong>lta</strong></span> <span class='ocrx_word' id='word_1_382' title='bbox 968 4171 1076 4220; x_wconf 82' lang='lat' dir='ltr'><strong>Iustinus</strong></span> <span class='ocrx_word' id='word_1_383' title='bbox 1088 4171 1138 4221; x_wconf 77' lang='lat' dir='ltr'><strong>xiii.</strong></span> <span class='ocrx_word' id='word_1_384' title='bbox 1147 4170 1170 4220; x_wconf 84' lang='grc' dir='ltr'><strong>ό.</strong></span> <span class='ocrx_word' id='word_1_385' title='bbox 1182 4171 1320 4233; x_wconf 75' lang='lat' dir='ltr'><strong>Olympias,</strong></span> <span class='ocrx_word' id='word_1_386' title='bbox 1332 4169 1418 4231; x_wconf 84' lang='lat' dir='ltr'><strong>inquit,</strong></span> 
     </span>
     <span class='ocr_line' id='line_1_48' title="bbox 378 4233 1418 4297; baseline 0.004 -19"><span class='ocrx_word' id='word_1_387' title='bbox 378 4246 430 4278; x_wconf 83' lang='lat' dir='ltr'><strong>runt</strong></span> <span class='ocrx_word' id='word_1_388' title='bbox 446 4237 592 4293; x_wconf 85' lang='lat' dir='ltr'><strong>erat‚quum</strong></span> <span class='ocrx_word' id='word_1_389' title='bbox 605 4233 733 4281; x_wconf 87' lang='lat' dir='ltr'><strong>Hamilcar</strong></span> <span class='ocrx_word' id='word_1_390' title='bbox 748 4233 774 4281; x_wconf 91' lang='lat' dir='ltr'><strong>in</strong></span> <span class='ocrx_word' id='word_1_391' title='bbox 791 4234 881 4297; x_wconf 85' lang='lat' dir='ltr'><strong>Hispa·</strong></span> <span class='ocrx_word' id='word_1_392' title='bbox 913 4241 992 4284; x_wconf 86' lang='lat' dir='ltr'><strong>mater</strong></span> <span class='ocrx_word' id='word_1_393' title='bbox 1012 4237 1153 4294; x_wconf 74' lang='lat' dir='ltr'><strong>Alexandri,</strong></span> <span class='ocrx_word' id='word_1_394' title='bbox 1170 4252 1219 4284; x_wconf 89' lang='lat' dir='ltr'><strong>non</strong></span> <span class='ocrx_word' id='word_1_395' title='bbox 1239 4237 1355 4284; x_wconf 72' lang='lat' dir='ltr'><strong>audiuere</strong></span> <span class='ocrx_word' id='word_1_396' title='bbox 1373 4251 1418 4282; x_wconf 82' lang='lat' dir='ltr'><strong>mo·</strong></span> 
     </span>
     <span class='ocr_line' id='line_1_49' title="bbox 378 4295 1278 4362; baseline 0.007 -20"><span class='ocrx_word' id='word_1_397' title='bbox 378 4295 444 4343; x_wconf 83' lang='lat' dir='ltr'><strong>niam</strong></span> <span class='ocrx_word' id='word_1_398' title='bbox 463 4296 570 4345; x_wconf 86' lang='lat' dir='ltr'><strong>traiecit:</strong></span> <span class='ocrx_word' id='word_1_399' title='bbox 591 4312 676 4346; x_wconf 77' lang='lat' dir='ltr'><strong>novem</strong></span> <span class='ocrx_word' id='word_1_400' title='bbox 695 4297 765 4346; x_wconf 88' lang='lat' dir='ltr'><strong>annis</strong></span> <span class='ocrx_word' id='word_1_401' title='bbox 781 4297 805 4345; x_wconf 91' lang='lat' dir='ltr'><strong>in</strong></span> <span class='ocrx_word' id='word_1_402' title='bbox 824 4299 881 4346; x_wconf 86' lang='lat' dir='ltr'><strong>His-</strong></span> <span class='ocrx_word' id='word_1_403' title='bbox 914 4307 1019 4349; x_wconf 77' lang='lat' dir='ltr'><strong>mentam</strong></span> <span class='ocrx_word' id='word_1_404' title='bbox 1031 4301 1144 4362; x_wconf 85' lang='lat' dir='ltr'><strong>partium.</strong></span> <span class='ocrx_word' id='word_1_405' title='bbox 1162 4301 1278 4351; x_wconf 77' lang='lat' dir='ltr'><strong>Gnosuv.</strong></span> 
     </span>
     <span class='ocr_line' id='line_1_50' title="bbox 377 4359 881 4423; baseline 0.008 -17"><span class='ocrx_word' id='word_1_406' title='bbox 377 4359 450 4421; x_wconf 85' lang='lat' dir='ltr'><strong>panis</strong></span> <span class='ocrx_word' id='word_1_407' title='bbox 477 4375 526 4408; x_wconf 88' lang='lat' dir='ltr'><strong>rem</strong></span> <span class='ocrx_word' id='word_1_408' title='bbox 554 4361 625 4423; x_wconf 80' lang='lat' dir='ltr'><strong>gessit</strong></span> <span class='ocrx_word' id='word_1_409' title='bbox 653 4361 796 4411; x_wconf 85' lang='lat' dir='ltr'><strong>Hamilcar:</strong></span> <span class='ocrx_word' id='word_1_410' title='bbox 827 4369 881 4410; x_wconf 88' lang='lat' dir='ltr'><strong>octo</strong></span> 
     </span>
    </p>
   </div>
   <div class='ocr_carea' id='block_1_6' title="bbox 0 0 1510 4798">
    <p class='ocr_par' dir='ltr' id='par_1_6' title="bbox 0 0 1510 4798">
     <span class='ocr_line' id='line_1_51' title="bbox 0 0 1510 4798; baseline 0 0"><span class='ocrx_word' id='word_1_411' title='bbox 0 0 1510 4798; x_wconf 95' lang='lat' dir='ltr'><strong> </strong></span> 
     </span>
    </p>
   </div>
  </div>
 </body>
</html>
