2878 4772
327 244 390 307 376
713 236 828 303 ΤΙΤΙ
860 236 995 304 LIVII

176 393 208 443 U.
221 393 252 442 ο.
268 386 340 456 544·‘
353 377 422 440 viae
444 374 583 439 laborem
605 395 753 462 passurus
771 375 942 452 videretur,
961 387 995 440 et
1011 374 1053 438 de
1068 373 1219 438 Tarento
1238 370 1387 436 sollicitus

176 458 206 507 A.
224 459 254 507 ⁰·
270 458 325 506 ²⁰⁸·
335 473 345 502 ‘
355 475 446 538 esset,
457 484 498 525 ne
509 484 551 526 ex
563 461 697 526 Bruttiis
708 459 872 526 Hannibal
886 484 925 526 eo
940 473 1142 526 converteret
1156 481 1292 546 agmen.
1333 457 1387 522 Le·

336 558 444 636 ‘gatos
459 569 538 634 opus
552 569 619 612 esse
634 547 676 614 ad
693 569 726 612 se
741 548 836 625 mitti,
850 549 934 613 viros
948 547 1143 635 prudentes:
1169 568 1252 610 cum
1267 544 1385 631 quibus,

336 645 438 722 ‘quae
453 633 557 711 vellet,
573 635 614 699 de
629 635 791 722 republica
809 634 1011 722 loqueretru?
1055 631 1130 697 Hae
1145 632 1267 696 liteaae
1283 633 1385 696 recin-

335 735 386 786 tae
406 743 558 808 magnum
580 734 613 785 et
634 720 756 785 luctum
778 734 879 785 morte
902 720 1030 785 alterius
1047 719 1202 795 consulis,
1219 732 1258 782 et
1272 733 1385 782 metum

335 808 376 872 de
398 806 496 872 altero
517 807 670 872 feceruut
716 806 829 894 Itaque
845 821 879 871 et
895 806 1080 882 Q.Fabium
1103 804 1213 868 filium
1238 803 1284 868 ad
1306 826 1385 868 exer·

335 894 433 960 citum
449 893 623 958 Venusiam
639 894 811 957 miserunt:
838 905 872 957 et
885 893 927 957 ad
940 891 1104 958 consulem
1118 905 1187 956 tres
1202 890 1309 977 legati
1323 890 1386 952 mis-

335 981 372 1057 si,
390 979 476 1044 Sext.
490 978 591 1044 Iulius
608 979 735 1055 Caesar,
759 979 796 1042 L.
811 979 955 1044 Licinius
968 978 1083 1055 Pollio,
1108 976 1148 1041 L.
1165 975 1312 1041 Cincius
1326 975 1386 1038 Ali-

336 1079 472 1143 mentua,
488 1088 587 1152 quum
610 1065 718 1152 paucis
739 1079 813 1130 ante
833 1065 946 1130 diebus
960 1087 1001 1129 ex
1018 1063 1128 1128 Sicilia
1150 1063 1303 1128 mamea
1349 1061 1384 1124 lii

336 1153 482 1216 nuntiare
498 1151 620 1216 consuli
637 1151 722 1228 iussi,
738 1166 784 1228 ut,
800 1151 826 1217 si
840 1151 882 1215 ad
895 1151 1046 1217 comitiai
1121 1148 1272 1214 Romam
1286 1149 1384 1212 venire

336 1261 401 1303 non
417 1251 531 1324 posset,
546 1237 734 1302 dictatorem
748 1238 781 1301 in
797 1259 872 1324 agro
885 1238 1031 1302 Romano
1046 1173 1172 1301 drideret
1187 1235 1398 1302 comitioruus

336 1347 438 1388 causa
486 1323 520 1388 Si
542 1324 652 1388 consul
670 1324 846 1388 Tarentum
869 1323 1027 1412 profectus
1042 1336 1135 1399 esset,
1154 1321 1200 1396 Q.
1216 1320 1384 1386 Claudiurn

335 1424 513 1511 praetorem
527 1409 652 1510 placere
667 1410 702 1473 in
717 1432 787 1474 eam
802 1411 965 1496 regionem
975 1408 1051 1474 inde
1062 1408 1229 1474 abducere
1241 1408 1384 1495 legion&

336 1520 371 1560 m
409 1519 450 1560 ua
463 1496 614 1582 plunmas
629 1496 783 1560 sociorum
799 1498 893 1561 urbes
906 1497 989 1562 tueri
1004 1508 1119 1583 posset.

181 1601 328 1650 clausae
381 1519 503 1647 lisdem
518 1594 636 1647 aestate
648 1581 695 1646 M.
704 1581 850 1648 Valerius
861 1606 934 1648 cum
946 1583 1042 1646 classe
1054 1594 1188 1646 centum
1203 1582 1340 1645 navium
1351 1601 1384 1642 er

180 1681 254 1713 ¹¹¹²ssss
262 1666 324 1714 Μή·
339 1666 492 1732 Siciliain
502 1667 642 1732 Africam
654 1669 839 1734 transmisit:
859 1683 901 1746 et,
912 1668 1117 1754 adClupeam
1127 1669 1250 1732 urbem
1263 1689 1383 1731 emacu-

179 1744 245 1841 ffi
251 1745 328 1792 1³01>ss-
336 1754 425 1818 sione
439 1754 531 1830 facta,
547 1777 656 1841 agrum
674 1755 747 1833 late,
763 1754 852 1820 nullo
865 1756 965 1820 ferme
979 1755 1072 1819 obvio
1088 1766 1227 1830 armato,
1240 1754 1382 1818 vastabat

245 1830 251 1843 ⁸
337 1839 418 1905 Inde
430 1841 471 1905 ad
482 1861 578 1904 naves
588 1841 702 1928 raptim
717 1841 918 1928 praedatores
928 1841 1057 1928 recepti,
1069 1841 1146 1926 quia
1158 1853 1302 1926 repente
1312 1839 1383 1902 fama

336 1927 461 2004 accidit,
484 1926 615 1991 classem
637 1926 793 1992 Punicam
815 1928 993 1992 adventme.
1042 1927 1224 2013 Octoginta
1247 1940 1340 1991 erant
1357 1943 1383 1988 et

180 2025 266 2074 vineis
336 2027 399 2078 tres
414 2035 518 2078 naves.
567 2011 653 2076 Cum
667 2013 707 2078 iis
721 2013 808 2078 baud
826 2014 937 2102 procul
954 2012 1115 2101 Clupeap
1211 2035 1251 2076 re
1272 2025 1382 2098 pugnat

180 2091 283 2166 ⁰¹⁸⁸i⁹¹¹¹
338 2099 510 2165 Romanus
565 2098 689 2164 Decem
711 2113 745 2165 et
770 2113 842 2165 octo
871 2101 1002 2166 navibus
1028 2123 1065 2164 ca
1087 2035 1290 2185 tiffiffl
1316 2097 1382 2172 alis¹

180 2155 307 2204 Punicam.
336 2207 409 2251 cum
425 2208 541 2273 magua
554 2186 693 2249 terrestri
708 2185 874 2276 navalique
889 2185 1014 2286 praeda,
1029 2122 1228 2272 Lilybaeum
1243 2185 1348 2249 rediit

380 2272 503 2337 Eadem
518 2283 635 2336 aestate
650 2285 684 2336 et
698 2271 784 2336 Phili
808 2295 867 2359 pus
888 2272 1130 2360 implorantibus
1145 2271 1298 2336 Achaeis
1316 2291 1383 2334 aux·

335 2358 425 2422 ilium
448 2357 537 2423 tulitz
564 2379 644 2444 quos
663 2370 696 2423 et
714 2295 923 2422 Machanidas
944 2372 1097 2446 tyrannus
1111 2357 1381 2422 Lacedaemonio·

335 2467 406 2508 rum
429 2445 565 2509 finitimo
586 2442 670 2509 bello
693 2445 821 2522 urebat3
845 2459 879 2509 et
893 2445 1011 2522 Aetoli,
1027 2444 1162 2508 navibus
1180 2466 1245 2544 per
1266 2445 1381 2516 fretum,

336 2531 423 2616 quod
443 2530 648 2618 Naupactum
669 2544 703 2594 et
724 2529 834 2596 Patras
855 2531 1018 2608 interfluit,
1033 2529 1160 2616 (Rhion
1185 2530 1318 2595 incolae
1337 2552 1382 2592 ro·

335 2617 425 2702 cant)
439 2617 581 2682 exercitu
597 2615 737 2693 uaiecto,
753 2617 937 2704 depopulati
952 2629 1051 2682 eraut
1090 2615 1247 2681 Attalum
1264 2638 1380 2704 quoque

335 2723 444 2787 regem
467 2702 573 2779 Asiae,
589 2703 665 2788 quia
683 2702 792 2767 Aetoli
814 2725 972 2768 summum
996 2703 1099 2790 gentis
1121 2724 1201 2767 suae
1224 2705 1380 2790 magisne·

336 2799 404 2851 tum
419 2787 460 2851 ad
475 2810 549 2851 eum
566 2789 712 2874 proximo
727 2789 861 2855 concilio
875 2789 1065 2867 detulerant,
1080 2789 1166 2853 fama
1182 2806 1258 2854 erat
1277 2791 1313 2854 in
1328 2789 1381 2853 Eu·

226 2881 278 2941 30.
335 2895 443 2960 ropam
467 2874 680 2940 traiecturum.
728 2875 781 2942 Ob
804 2875 883 2940 haec
904 2875 1054 3026 Philippo
1075 2876 1110 2939 in
1135 2874 1318 2940 Graeciam
1338 2876 1380 2939 de·

178 2963 315 3013 aeratae
335 2961 499 3025 scandenti
526 2960 567 3025 ad
593 2961 738 3025 Lamiam
764 2962 875 3026 urbem
902 2963 988 3027 Aeto
1001 2963 1022 3041 i,
1046 2961 1128 3026 duce
1155 2961 1315 3050 Pyrrhia,
1337 2963 1381 3048 qui

178 3027 237 3076 ⁰5³⁰·
334 3061 459 3133 praetor
480 3049 515 3111 in
539 3069 612 3112 enm
636 3069 755 3111 annum
777 3071 851 3112 cum
873 3051 1003 3114 absente
1026 3046 1138 3112 Attalo
1159 3063 1297 3114 creatus
1317 3066 1380 3122 erat.

335 3147 548 3198 occurrerunt.
595 3133 767 3198 Habebunt
792 3147 825 3200 et
850 3136 891 3199 ab
912 3134 1024 3200 Attalo
1050 3132 1168 3198 auxilia
1196 3157 1334 3200 secum:
1357 3151 1382 3196 et

334 3219 421 3283 mille
438 3220 537 3284 ferme
558 3242 599 3285 ex
623 3221 769 3285 Romana
782 3220 889 3298 classe,
906 3243 925 3284 a
939 3220 975 3286 P.
990 3219 1044 3286 Sal
1068 3221 1130 3284 icio
1145 3220 1277 3286 mimus.
1325 3221 1383 3286 hd·

334 3327 442 3369 versus
457 3306 543 3370 hunc
555 3307 670 3371 ducem
685 3319 781 3392 atque
794 3306 853 3398 ¹has
868 3307 973 3394 copias
983 3243 1153 3394 Philippus
1168 3307 1222 3371 bis
1237 3331 1381 3396 prospera

334 3403 451 3456 eventu
466 3415 510 3479 pu
556 3392 636 3457 avit:
660 3393 746 3456 mille
765 3391 937 3458 admodum
960 3393 1097 3459 bostium
1118 3405 1264 3480 unaque
1287 3399 1397 3482 pugusi

334 3477 459 3543 occidit.
546 3478 587 3542 de
603 3501 703 3565 quum
726 3478 835 3543 Aetoli
859 3491 948 3544 metu
967 3502 1036 3543 com
1062 3479 1122 3544 ulsi
1143 3478 1287 3545 Lamiae
1310 3481 1381 3545 urb'u

334 3564 500 3630 moenibus
523 3577 670 3629 tenerent
695 3587 772 3641 sese,
796 3565 964 3653 Philippus
986 3567 1028 3630 ad
1076 3565 1184 3630 halara
1208 3569 1381 3632 exercitum

333 3650 469 3714 reduxit.
516 3651 556 3715 In
572 3650 711 3716 Maliaco
729 3651 801 3715 sinu
821 3653 847 3716 is
868 3651 956 3716 locus
974 3666 1031 3729 est,
1046 3650 1214 3738 quondam
1238 3652 1398 3740 frequen:

334 3748 382 3799 ter
403 3738 561 3802 habitatus
583 3750 713 3824 propter
727 3738 889 3825 egregium
905 3752 1042 3825 portum,
1058 3752 1210 3824 tutasque
1227 3739 1318 3804 circa
1331 3755 1382 3803 sta·

333 3821 444 3899 tiones,
461 3837 494 3888 et
509 3823 602 3888 aliam
625 3824 894 3911 opportunitatem
915 3825 1103 3889 maritimam
1125 3837 1317 3890 terrestrem
1340 3849 1381 3888 ue.

333 3906 382 3969 Eo
398 3907 493 4056 lepati
509 3911 548 3974 ab
563 3931 597 3974 re
619 3933 637 3974 e
651 3910 792 3998 Aegypti
804 3909 999 3988 Ptolemaeo,
1011 3909 1227 3996 Rhodiisque,
1237 3927 1274 3977 et
1289 3851 1382 3976 Aba

331 3991 434 4056 niensi
457 4017 503 4072 us,
522 4008 556 4059 et
611 3997 671 4060 hiis
696 4010 863 4073 venerunt,
888 3997 929 4060 ad
953 3994 1169 4060 dirimendum
1196 3997 1291 4062 inter
1315 3999 1381 4063 Plri-

363 4179 426 4238 5In
445 4193 505 4238 apro
521 4179 642 4237 Romam]
669 4195 701 4228 ac.
716 4181 769 4237 Qui
786 4181 836 4229 Ro-
870 4179 988 4242 Doering.
1001 4181 1107 4243 positum
1118 4189 1283 4232 mecenas.

329 4254 417 4288 manae
427 4239 526 4288 ditionis
537 4247 607 4289 esset.
630 4242 659 4290 ci.
672 4257 737 4304 supr.
750 4255 772 4304 5.
903 4256 915 4305 7
932 4247 966 4293 In
982 4247 1093 4294 Maliaco
1108 4247 1180 4304 aaa]
1205 4246 1242 4295 ln
1258 4263 1305 4296 ora
1323 4249 1379 4296 adae

360 4301 376 4349 6
392 4305 466 4352 Mille
480 4305 619 4362 admodum]
644 4307 780 4354 Admodum
797 4307 837 4354 bic
869 4313 940 4356 cente
951 4309 984 4355 ad
994 4308 1075 4357 sinum
1086 4305 1236 4360 Maliacum.
1260 4311 1324 4362 Vid.
1335 4311 1379 4358 infr.

329 4378 372 4423 pro
381 4365 438 4422 sere
449 4367 540 4428 accipit
551 4367 697 4426 Gronovius,
709 4383 752 4429 pro
760 4371 836 4430 plara
869 4370 953 4422 xxviii.
966 4383 988 4432 5.
1008 4373 1089 4422 Oaav.
