2966 4778
371 245 464 312 LIB.
487 243 620 310 XXIIL
651 244 763 311 CAP.
786 251 839 310 42.
1068 249 1129 312 165

76 381 191 468 Mago,
213 381 338 448 nobiles
361 380 656 470 Carthaginienses:
682 381 781 470 Mago
803 405 844 447 ex
887 394 961 448 ente
983 382 1128 459 Barcina,
1139 398 1216 449 [Lo.
1231 407 1286 459 53⁷·

75 468 262 554 propinqua
283 470 471 554 cognatione
497 468 671 534 Hannibali
695 469 841 546 iunctus3
909 491 994 534 anno
1019 483 1129 534 auctor
1137 463 1169 512 A.
1185 463 1218 513 ⁰³
1232 473 1287 524 ²¹⁵·

74 553 261 619 rebellionis
278 553 394 633 Sardis,
410 555 549 640 bellique
563 555 632 619 eius
646 555 733 619 baud
750 554 846 619 dubie
861 556 1011 620 concitur.
1057 554 1128 620 Nec

78 639 256 705 Sardorum
271 641 368 706 duces
388 642 493 705 minus
508 641 647 705 nobilem
665 664 735 705 eam
750 663 891 728 pugnam
908 640 1050 706 cladibus
1064 642 1129 705 suis

75 726 235 791 fecerunt.
286 726 371 790 Nam
401 742 434 792 et
462 726 546 790 filius
576 726 804 814 Hampsicorae
835 726 968 791 Hiostus
996 729 1031 790 in
1061 727 1128 792 acie

76 812 215 877 cecidit:
239 823 273 876 et
295 812 513 899 Hampsicora,
531 835 605 877 cum
622 814 731 899 paucis
748 813 910 899 equitibus
930 813 1065 900 fugiens,
1093 827 1130 878 ut

76 921 180 997 super
202 897 331 963 afflictas
353 920 404 963 res
429 920 542 963 necem
565 921 630 984 quo
654 921 695 962 ue
718 898 776 962 filii
802 899 933 976 audivit,
957 913 1060 976 nocte,
1087 921 1128 963 ne

76 1006 174 1048 curus
193 985 390 1048 interventus
409 997 522 1071 coepta
540 921 719 1071 impediret,
735 997 869 1048 mortem
887 985 947 1049 sibi
967 984 1127 1049 conscivit.

79 1069 210 1134 Ceteris
225 1071 298 1134 urbs
315 1070 442 1135 Cornus
455 1070 578 1146 eadem,
594 1093 676 1156 quae
692 1082 776 1147 ante,
787 1070 880 1157 fugae
896 1069 1130 1157 receptaculum

76 1156 160 1220 fuit:
185 1179 280 1242 quam
293 1155 444 1234 Manlius,
453 1157 572 1220 victore
583 1156 725 1220 exercitu
735 1179 906 1243 aggressae,
918 1158 1003 1221 intra
1013 1177 1131 1245 paucos

77 1243 151 1307 dies
165 1243 292 1329 recepit.
339 1241 467 1307 Deinde
479 1242 557 1306 aliae
572 1265 700 1329 quoque
715 1242 865 1319 civitates,
878 1266 959 1342 quae
971 1243 1013 1309 ad
1028 1242 1131 1308 Ham·

76 1329 237 1416 psicoram
252 1328 441 1428 Poenosque
456 1327 647 1404 defecerant,
660 1328 821 1394 obsidibus
832 1328 924 1406 datis,
936 1328 1130 1395 dediderunt

78 1437 159 1478 sese.
208 1414 334 1490 Quibus
353 1413 511 1501 stipendio
526 1413 748 1501 frumentoque
769 1415 933 1513 imperato,
972 1439 1007 1480 ro
1025 1417 1129 1480 cinus-
1138 1431 1278 1482 Perdomita

79 1523 146 1586 que
162 1515 217 1564 aut
231 1501 349 1564 viribus
363 1513 418 1564 aut
429 1497 556 1576 delicto,
574 1498 703 1564 Carales
717 1511 893 1564 exercitum
904 1523 938 1564 re
961 1502 1040 1566 uxit.
1079 1495 1258 1566 Ibisardmia

79 1587 216 1650 navibus
236 1585 338 1673 longis
360 1584 515 1662 deductis,
535 1585 755 1685 impositoque,
771 1609 868 1672 quem
887 1609 994 1668 secum
1012 1588 1130 1652 advex-

80 1685 160 1749 erat,
184 1672 293 1750 milite,
318 1671 455 1736 Romam
484 1672 621 1758 navigat,
647 1670 888 1772 Sardiniamque
918 1673 1130 1760 perdomitam

80 1758 210 1822 nuntiat
229 1758 392 1822 Patribus:
417 1769 451 1821 et
471 1758 511 1822 sti
535 1757 665 1826 endium
688 1759 916 1844 quaestoribus,
934 1759 1129 1825 frumentum

80 1843 247 1921 aedilibus,
262 1845 401 1931 captivos
419 1843 500 1918 QF
534 1845 585 1907 vio
600 1844 737 1930 praetori
751 1843 890 1909 tradidit.
1031 1895 1033 1900 .

54 1945 72 1994 3
126 1929 192 1994 Per
218 1929 306 1995 idem
336 1943 461 2016 tempus
491 1929 533 1993 Τ.
549 1928 704 1994 Otacilius
732 1942 869 2016 praetor,
898 1931 978 2017 quin
1002 1932 1131 2018 uaginta

80 2016 212 2080 narium
228 2016 268 2080 ab
283 2015 437 2103 Lilybaeo
448 2015 545 2079 classe
560 2015 594 2078 in
610 2014 752 2078 Africam
766 2029 971 2093 transvectus,
979 1955 1131 2104 ‹depopu-

81 2102 229 2188 latusque
252 2123 363 2189 agrum
391 2100 699 2186 Carthaginiensem,
722 2122 822 2185 quum
850 2099 1028 2165 Sardiniam
1053 2102 1130 2167 inde

81 2200 215 2275 peteret,
239 2210 304 2275 quo
327 2188 411 2252 fama
434 2199 501 2251 erat
525 2185 759 2250 Hasdrubalem
784 2209 803 2249 a
826 2185 1004 2252 Baliaribus
1029 2211 1133 2275 nuper

81 2275 250 2350 traiecisse,
271 2273 362 2338 classi
385 2272 527 2338 Africam
546 2271 704 2358 repetenti
724 2273 869 2349 occurrit,
884 2272 1011 2358 levique
1030 2286 1132 2337 certa-

81 2360 169 2424 mine
184 2361 220 2424 in
234 2360 298 2425 alto
313 2359 495 2436 commisso,
504 2371 626 2444 septem
640 2356 716 2420 inde
731 2379 827 2422 naves
841 2381 915 2423 cum
930 2359 1022 2423 sociis
1036 2382 1133 2425 nava·

82 2445 167 2546 libus
189 2468 226 2511 ce
249 2447 292 2546 it:
313 2459 443 2547 ⁸ceteras
467 2457 570 2509 metus
593 2442 680 2508 haud
702 2465 802 2522 secus,
828 2467 924 2534 quam
950 2459 1130 2532 tempestas,

167 2555 200 2596 m
275 2547 345 2597 eclt.

82 2555 192 2682 paqillst
220 2618 349 2683 eosdem
375 2617 454 2683 forte
478 2616 547 2682 dies
570 2629 604 2681 et
628 2616 789 2682 Bomilcar
808 2639 883 2682 cum
902 2617 1067 2696 militibus,
1090 2617 1132 2682 ad

83 2703 341 2792 supplementum
366 2701 558 2789 Carthagine
581 2702 693 2780 missis,
716 2702 966 2790 elephantisque,
990 2717 1023 2768 et
1044 2727 1132 2769 com-

83 2803 202 2868 meatu,
227 2791 346 2855 Locros
371 2789 510 2854 accessit.
558 2788 665 2864 Quem
690 2801 727 2852 ut
749 2789 914 2853 incautum
939 2791 1132 2877 opprimeret

85 2877 118 2941 A
142 2875 330 2953 .Claudius‚
353 2899 412 2964 per
429 2874 663 2940 simulationem
684 2875 864 2961 provinciae
887 2875 1130 2940 circumeundae

55 2899 269 3032 «sllfdssanam
291 2963 406 3048 raptim
430 2961 573 3026 exercitu
597 2960 704 3037 ducto,
730 2973 819 3024 aestu
842 2961 982 3024 secundo
1012 2959 1131 3024 Locros

85 3049 217 3113 traiecit.
263 3047 333 3112 Iam
358 3046 433 3112 inde
458 3045 618 3111 Bomilcar
643 3045 684 3109 ad
711 3044 906 3110 Hannonem
930 3046 965 3108 in
989 3043 1130 3110 Bruttios

84 3135 244 3223 profectus
266 3146 351 3210 erat3
382 3145 416 3196 et
436 3132 613 3197 Locrenses
633 3143 739 3217 portas
765 3129 920 3196 Romanis
941 3129 1129 3195 clauserunt

86 3222 119 3286 A
164 3221 213 3286 im
228 3243 344 3307 magno
358 3231 474 3283 conatu
489 3215 577 3281 nulla
591 3239 624 3280 re
639 3228 736 3303 gesta,
753 3215 934 3280 Messanam
948 3216 1071 3315 repetit.

201 3329 253 3371 em
275 3319 392 3370 aestate
416 3301 588 3368 Marcellus
606 3303 646 3366 ab
670 3301 763 3376 Nola,
779 3323 874 3387 quam
897 3301 1053 3387 praesidio
1075 3303 1132 3367 ob-

85 3393 217 3469 tinebat,
227 3393 351 3457 crebras
361 3390 565 3455 excursiones
576 3389 609 3451 in
619 3409 728 3472 agmm
743 3385 917 3472 Hirpinum
929 3399 962 3450 et
975 3385 1131 3453 Samnites

86 3477 252 3544 Caudinos
266 3477 358 3542 fecit:
382 3476 462 3540 adeo
486 3497 526 3538 ue
541 3473 648 3538 omnia
661 3471 743 3536 ferro
754 3485 850 3557 atque
865 3472 932 3558 igni
941 3474 1082 3550 vastavit,
1095 3485 1132 3538 ut

83 3566 286 3651 antiquarum
302 3563 440 3628 cladium
457 3499 585 3625 gammo
601 3558 783 3622 memoriam
799 3571 972 3622 renovaret.
1017 3556 1130 3645 Itaque
1186 3562 1239 3624 42.

84 3649 248 3738 extemplo
273 3649 379 3737 legati,
402 3647 443 3711 ad
467 3643 681 3711 Hannibalem
705 3644 792 3708 mini
815 3643 971 3708 simules
996 3657 1130 3731 utraque
1140 3645 1226 3694 Oratio

83 3751 192 3826 gente,
209 3737 255 3800 ita
268 3734 416 3801 Poenum
437 3731 565 3798 allocuti
583 3743 675 3796 sunt:
700 3729 839 3794 ‘Hostes
853 3729 964 3818 populi
980 3730 1129 3810 Romani,
1140 3709 1280 3822 {fflffl

1139 3839 1229 3890 halem

120 4005 135 4053 3
153 3995 179 4041 T.
195 3994 315 4042 Otacilius
331 3992 444 4054 praeta]
473 3989 594 4038 Otacilius
625 3988 710 4037 hibent
725 3994 807 4038 mmen
827 3989 874 4038 hoc
890 3987 952 4038 Livii
970 3990 1025 4038 loco
1046 3989 1130 4066 scripti

85 4071 136 4106 non
153 4056 199 4103 hoc
213 4055 341 4114 armo,sed
357 4055 481 4117 superiore
498 4059 594 4115 praetor
626 4053 721 4102 codices
732 4061 847 4116 aulaque
856 4069 907 4103 auo.
940 4053 989 4102 Sed
999 4054 1040 4103 hie
1051 4061 1132 4116 potior

85 4119 141 4169 fuit.
158 4119 190 4167 et.
201 4133 266 4180 supr.
278 4133 317 4180 40.
626 4117 694 4165 nobis
702 4123 738 4166 est
749 4117 869 4164 editorum
881 4117 1021 4176 auctoritas,
1030 4118 1069 4166 cui
1078 4133 1130 4166 sen-

119 4184 229 4243 4Aestu
239 4183 355 4242 mado]
373 4182 443 4231 Soita
456 4185 481 4230 et
496 4181 518 4228 el
565 4195 594 4228 ns
626 4195 667 4228 sus
681 4181 743 4228 ratio
758 4187 784 4228 et
798 4180 914 4228 sermonis
925 4181 1046 4242 elegantia
1056 4181 1130 4229 lavet.

86 4246 188 4306 locutio,
205 4261 254 4308 qua
272 4261 330 4293 usus
348 4253 385 4294 est
407 4245 506 4300 Sallust.
554 4243 593 4293 ist.
625 4243 706 4292 Cam.
738 4246 816 4292 Aeeta
835 4260 879 4292 aro
896 4243 987 4292 Stroth.
1006 4245 1131 4312 aarum

86 4309 213 4372 Fragmi.
241 4312 329 4373 Itaque
341 4311 465 4360 Sertorim
524 4315 593 4356 aestu
625 4323 669 4356 mo
681 4307 780 4356 Bekker
790 4306 905 4368 reposuit.

85 4375 191 4426 secundo
207 4374 355 4437 furtiuaque
376 4373 505 4424 celeritate.
543 4371 592 4418 Ex·
