2878 4772
252 357 288 408 U.

251 422 283 474 A.
301 425 331 474 0.

407 223 471 283 404
791 217 905 284 ΤΙΤῙ
933 217 1070 284 LIVII

300 358 329 410 0·
346 353 591 440 ⁵45·frequentes
605 376 647 417 ex
661 351 780 440 oppido
794 375 861 418 sese
873 353 1046 430 eiecerunt,
1059 364 1148 418 scuta
1160 374 1226 440 prae
1238 373 1265 414 se
1276 357 1369 413 amnui

347 437 451 503 ²⁰⁷·11e
468 438 531 503 tela
544 439 654 525 procul
669 439 920 517 coniicerentur3
942 439 1071 504 dextras
1086 439 1183 504 nudas
1195 447 1369 504 nunaunt

410 524 532 612 gladios
546 525 695 590 abiecisse
711 537 883 612 appareret.
930 523 969 589 Id
984 539 1092 590 utrum
1109 545 1213 612 parum
1225 545 1259 586 ex
1270 515 1369 584 inundo

411 610 452 675 sit
473 623 688 698 conspectum,
709 634 751 675 an
772 611 865 676 dolus
889 611 1003 698 aliquis
1025 623 1186 698 suspectus
1204 607 1370 683 factitiam

254 710 377 774 Ortngira
411 709 537 784 per-tum
563 709 619 761 est.
664 696 808 784 Impetus
833 696 955 762 hostilis
980 698 1015 761 in
1040 697 1210 783 transfirgas
1230 693 1321 757 facum
1340 707 1369 749 ut

253 845 333 900 capte.

254 773 511 860 asapionsgecus,
527 805 623 882 quam
646 781 776 847 adversa
796 783 889 860 acies,
910 783 1000 846 caesi.
1047 781 1226 868 Eademque
1243 789 1311 864 porta
1324 774 1369 857 s'gu

411 867 526 932 infesta
540 890 574 931 m
590 868 700 932 urbem
715 867 820 932 illata:
845 881 878 932 et
892 868 960 933 aliis
973 868 1116 955 partibus
1130 866 1272 932 secun‘bus
1283 857 1369 925 totta

302 1005 311 1026 ,
412 976 474 1041 que
497 954 710 1019 caedebantur
731 966 764 1018 et
785 953 1037 1040 refringebantur
1058 967 1177 1040 portae,
1196 961 1279 1048 et,·ut
1294 946 1369 1031 quisqu

412 1039 583 1104 intraverat
596 1061 703 1139 eques,
719 1038 761 1103 ad
774 1039 877 1104 sonim
893 1039 1113 1126 occupandum
1128 1039 1187 1126 (ita
1199 1057 1271 1100 emm
1283 1049 1369 1124 praeut

412 1124 584 1211 tumeret)
610 1139 706 1190 citato
732 1147 816 1225 equo
841 1127 1001 1212 pergebat
1046 1123 1204 1189 Additum
1226 1131 1280 1186 erat
1297 1134 1319 1180 et
1335 1128 1370 1176 ra

411 1211 530 1275 riorum
550 1233 568 1275 e
592 1211 651 1274 uiti
669 1211 870 1298 pracsrdium.
916 1211 964 1275 Le
988 1211 1098 1275 'onarii
1118 1225 1232 1275 ceteras
1248 1217 1370 1296 panapa-

412 1295 551 1361 vadunt:
600 1297 754 1382 ’reptione
775 1310 809 1361 et
830 1297 926 1361 caede
949 1234 1123 1372 obviorum,
1146 1296 1204 1360 nisi
1224 1291 1270 1380 qui
1285 1303 1370 1387 armet

412 1383 591 1459 tuebantur,
615 1382 843 1446 abstinuenmt
891 1380 1169 1469 Carthaginienses
1193 1399 1285 1445 omnes
1300 1389 1370 1462 inta'*¹

412 1467 531 1531 todiam
546 1467 612 1532 dati
627 1480 718 1532 sunt:
740 1491 782 1555 op
805 1467 971 1532 idanorum
986 1489 1113 1554 quoque
1130 1465 1254 1532 trecenti
1264 1462 1371 1538 temera

410 1551 586 1618 clauserant
608 1566 722 1640 portas
770 1491 895 1618 deteris
921 1553 1071 1618 traditum
1093 1553 1250 1640 oppidum,
1268 1537 1371 1637 marl

410 1636 495 1701 ditae
519 1661 576 1703 rea.
624 1637 780 1704 Cecidere
804 1639 838 1702 in
862 1639 947 1704 urbis
969 1639 1037 1704 eiua
1058 1661 1122 1726 opp
1207 1638 1279 1700 tione
1294 1631 1371 1729 lanu

410 1721 475 1787 duo
490 1723 589 1788 millia
601 1723 720 1789 ferme:
745 1725 965 1790 Romanorum
979 1725 1066 1789 haud
1079 1747 1154 1811 amp
1168 1725 1213 1788 'us
1225 1727 1361 1804 nonagullt·⁸

333 1853 341 1872 .
454 1808 555 1874 Laeta
576 1823 609 1874 et
630 1811 716 1896 ipsis,
726 1811 792 1911 'qui
814 1833 881 1875 rem
903 1833 1036 1898 gessere,
1059 1810 1147 1875 urbis
1170 1811 1233 1873 eius
1252 1811 1371 1905 oppugffll³

409 1895 479 1973 firit,
500 1908 535 1960 et
555 1897 735 1983 imperatori
757 1909 927 1983 ceteroque
948 1896 1122 1972 exercitui3
1147 1909 1180 1960 et
1200 1877 1372 1980 specionntl

409 1993 542 2046 ventum
556 2003 658 2059 suum,
674 1982 708 2045 in
731 1994 838 2046 entem
855 1983 978 2046 turbam
999 1982 1194 2068 captivorum
1212 1999 1275 2066 prae
1288 1995 1311 2036 st
1322 1986 1372 2052 Ψ

410 2079 467 2144 tes,
496 2067 649 2132 fecerunt.
747 2069 822 2154 ipio,
852 2066 1030 2132 collaudato
1058 2067 1164 2146 fratre,
1195 2085 1287 2153 quum,
1308 2065 1372 2142 quur

409 2165 533 2240 poterat
546 2153 714 2217 verborum
732 2154 862 2230 honore,
880 2153 1067 2240 Carthagini
1087 2154 1127 2219 ab
1147 2176 1181 2218 se
1200 2161 1291 2236 capue
1305 2154 1371 2225 ΨΜ

351 2238 358 2253 ’
409 2239 449 2303 ab
473 2261 512 2304 eo
536 2237 673 2326 Oringin
695 2252 868 2338 aequasset,
891 2238 967 2326 quia
988 2252 1022 2304 et
1044 2239 1147 2304 hiems
1170 2236 1295 2308 insuta,
1310 2238 1371 2290 utar

250 2843 342 2895 Olearia

250 2907 325 2958 Rom.
337 2923 380 2972 po·

250 2973 351 3033 palatur

250 3034 366 3090 Affiaam.

409 2337 531 2390 tentare
549 2323 666 2401 Gades,
682 2347 742 2389 nec
757 2325 924 2389 disiectum
945 2325 1058 2412 passim
1078 2347 1138 2424 per
1156 2319 1318 2424 provinciam
1327 2325 1371 2407 {1²¹²

408 2411 507 2474 citum
529 2408 737 2475 Hasdrubalis
758 2411 931 2475 consectari
952 2424 1067 2498 posset,
1083 2433 1118 2474 m
1138 2410 1298 2475 citeriorem
1312 2395 1370 2497 lltt?

408 2495 495 2558 niam
518 2517 629 2560 omnes
651 2517 722 2560 suas
744 2496 850 2583 copias
871 2496 1015 2562 reduxit:
1041 2495 1238 2582 dimissisque
1258 2485 1370 2554 inhtbtffl

408 2578 596 2665 legionibus,
617 2581 655 2646 L
671 2581 819 2668 Scipione
842 2581 935 2646 fratre
959 2581 1095 2647 Romam
1117 2582 1220 2658 misso,
1234 2589 1263 2643 et
1280 2571 1370 2638 ΗΜΘΝ

408 2663 548 2730 hostium
562 2666 761 2754 imperatore,
777 2667 953 2756 ceterisque
967 2667 1126 2732 nobilibus
1140 2665 1273 2756 captivis,
1282 2649 1371 2746 iprela

408 2771 558 2816 raconem
573 2754 735 2818 concessit
1348 2820 1353 2833 ,

453 2835 577 2902 Eodem
590 2861 684 2903 ‘anno
706 2839 811 2904 classis
834 2839 988 2920 Romana,
1004 2863 1077 2907 eum
1100 2839 1148 2906 M.
1162 2836 1280 2904 Valerio
1295 2829 1371 2926 latmi

431 2923 594 2989 reconsule
617 2947 658 2990 ex
682 2924 789 2990 Sicilia
813 2927 848 2990 in
870 2927 1012 2992 Africam
1038 2927 1224 3000 transmissa,
1246 2915 1371 2996 ntum

407 2943 732 3111 llarthaginiensique
752 3035 828 3098 agro
848 3011 909 3076 late
929 3008 1150 3100 populationes
1162 3011 1244 3076 fecit
1282 3001 1372 3068 Εῐῑῐῖωδε

408 3095 525 3160 finibus
542 3095 853 3182 Carthaginiensium
868 3098 952 3162 circa
965 3100 1034 3185 ipsa
1048 3097 1175 3162 moenia
1187 3095 1288 3160 Uticae

408 3193 495 3245 actae
515 3195 598 3246 sunt
645 3181 876 3268 Repetentibus
893 3181 1031 3248 Siciliam
1051 3183 1157 3248 classis
1171 3181 1284 3247 Punica
1307 3179 1372 3252 tell*

407 3266 496 3352 ginta
525 3280 615 3332 erant
643 3267 756 3354 longae
785 3267 897 3354 nares)
926 3269 1070 3334 ocorurit
1116 3268 1238 3333 Decem
1262 3274 1289 3326 et
1309 3261 1372 3335 ,epta

407 3373 503 3416 naves
523 3375 564 3415 ex
583 3353 622 3418 iis
641 3375 680 3417 ca
702 3367 751 3418 tae
772 3367 855 3432 sunt,
872 3367 1021 3441 quattuor
1041 3355 1075 3418 iu
1098 3353 1161 3418 alto
1183 3367 1305 3417 mersae:
1321 3347 1374 3402 oeua

406 3436 476 3502 fusa
490 3459 526 3502 ac
540 3437 649 3524 fugata
662 3375 775 3503 classis.
811 3439 912 3504 Terra
925 3441 1068 3526 marique
1082 3440 1183 3504 vietor
1198 3432 1383 3525 Romaest,

406 3545 522 3609 magna
546 3524 649 3588 omnis
673 3525 799 3623 generis
824 3525 942 3612 praeda
965 3525 1163 3613 Libybaeum
1185 3520 1297 3609 repetit
1332 3503 1382 3568 Τὼ

406 3609 483 3672 inde
506 3609 584 3672 mari
606 3607 703 3694 pulsis
726 3608 864 3674 hostium
886 3610 1027 3688 naribus,
1045 3610 1154 3697 magni
1172 3613 1334 3674 commutat

407 3694 507 3758 menti
523 3693 660 3758 Romam
675 3695 825 3760 subvecti.

328 3818 337 3835 ·
450 3777 557 3843 Princi
581 3780 612 3843 io
632 3781 758 3845 aestatis
778 3780 855 3859 eius,
873 3802 937 3867 qua
950 3779 1029 3846 haec
1043 3793 1118 3846 sunt
1131 3790 1228 3868 gesta,
1239 3775 1272 3840 P.
1282 3757 1376 3850 suptar

407 3885 541 3948 procons
589 3878 622 3929 et
637 3863 765 3931 Attalus
782 3890 839 3931 rex
853 3888 954 3954 quum
970 3867 1125 3954 Aeginae,
1140 3866 1221 3930 sicut
1237 3871 1299 3926 ante
1310 3851 1376 3915 dina

406 3961 464 4026 est,
487 3949 715 4030 hibernassent,
733 3953 894 4018 Itemnum
916 3951 1002 4032 inde,
1027 3952 1123 4018 classe
1145 3951 1259 4025 iuncta,
1277 3942 1375 4008 Roma

400 4211 401 4216 ’
438 4205 595 4254 aTotolnda
604 4205 680 4265 Μή]
701 4208 762 4256 turo
775 4209 833 4258 lado
846 4211 911 4258 morl
942 4209 1003 4258 sime
1020 4209 1045 4257 in
1062 4221 1116 4260 uss.
1132 4207 1308 4258 commutam-
1321 4191 1373 4239 aar

403 4264 430 4312 ln
450 4267 506 4315 edd.
528 4266 679 4329 principibus
700 4269 818 4330 scriptum
836 4271 910 4321 habe-
942 4272 1008 4323 xxiv.
1021 4283 1059 4334 32.

406 4341 468 4378 mua.
501 4329 583 4377 Voces
596 4335 675 4379 tutam
690 4335 716 4378 et
730 4338 805 4382 totum
821 4334 910 4397 saepia
