2966 4778
376 184 472 252 LIB.
497 183 611 252 XXII.
643 183 754 252 CAP.
779 191 830 252 38.
1094 193 1134 257 97

76 331 168 388 ‘turo
189 334 309 400 tenore,
324 344 366 388 ex
381 345 446 410 quo
466 323 501 386 in
520 321 692 388 amicitiam
711 321 822 410 populi
838 321 977 388 Romani
997 325 1130 404 venerit,
1142 341 1175 392 υ.
1188 343 1217 394 c.
1233 343 1288 407 ⁵3⁶·

75 409 196 474 ‘fidem
220 408 364 486 coluisse,
380 431 417 473 ac
439 430 508 473 rem
533 407 713 474 Romanam
731 408 820 472 omni
840 422 982 496 tempore
1001 433 1039 476 ac
1059 409 1169 477 locet·
1186 409 1215 458 ⁰·
1232 407 1287 458 ²¹⁶·

75 495 250 560 ‘munifice
265 494 431 560 adiuvisse.
462 493 512 572 Id,
524 493 858 581 perindeaodeberet,
869 507 995 581 gratum
1052 497 1128 585 pulo

74 581 339 681 ‘Romano-asae.
377 581 505 647 Aurum
519 593 584 645 eta
597 579 777 680 civitatibus
785 581 974 667 quibusdam
1029 597 1126 684 amm,

73 666 1127 840 ‹tttdttttttttttpttttttttttblt

72 847 166 904 ‘aare
193 839 400 926 Capitolium,
423 839 578 925 templum
600 837 685 904 Iovia
704 860 724 901 o
748 839 817 903 timi
839 840 979 906 maximi.
1025 841 1065 906 ln
1086 865 1126 908 ea

72 935 168 990 ‘arce
198 926 285 990 urbia
315 925 480 990 Romanae
504 937 667 1001 sacratam,
693 861 853 992 volentem
879 926 1123 1076 prppitiamque,

71 1012 218 1076 ‘firmam
241 1033 279 1076 ac
308 1011 453 1076 stabilem
476 1011 542 1074 fore
566 1009 685 1098 populo
710 1010 877 1076 Romano!
950 1012 1122 1092 unditorea,

68 1097 302 1184 sagittariique,
327 1111 360 1161 et
383 1097 579 1162 frumentum
603 1096 755 1160 traditum
779 1098 970 1164 consulibua.
1018 1099 1223 1174 Quin-claui·

42 1205 241 1271 7queremea
262 1182 304 1247 ad
321 1183 450 1248 navium
468 1182 608 1259 clamem,
630 1205 712 1269 quae
734 1205 808 1247 cum
831 1183 871 1248 T.
889 1183 1029 1251 Otacilio
1050 1185 1212 1274 pro-⁸³⁰²

68 1283 218 1358 praetore
233 1269 267 1333 in
284 1268 392 1334 Sicilia
405 1281 483 1347 erat,
499 1268 642 1355 quinque
656 1281 690 1333 et
706 1268 819 1355 viginti
839 1270 975 1348 additae,
1032 1273 1124 1338 rrnia-

67 1378 207 1455 sumque
218 1369 291 1506 teet,
314 1369 360 1434 ut,
382 1356 410 1420 si
431 1379 450 1420 e
471 1354 634 1442 republica
655 1369 800 1422 censeret
821 1379 899 1433 eme,
922 1357 956 1422 in
1042 1359 1121 1424 'cam

69 1455 240 1506 traucere.

114 1526 255 1592 Delectu
312 1528 421 1605 rfecto,
438 1526 583 1592 consules
597 1549 715 1614 paucos
730 1528 843 1594 morati
857 1527 936 1606 dies,
951 1528 1029 1594 dum
1043 1529 1119 1596 socii
1177 1531 1230 1594 38.

36 1613 110 1676 aab
126 1613 255 1678 nomine
306 1614 394 1679 atino
407 1613 562 1678 venirent.
608 1613 731 1678 Milites
751 1627 838 1692 tune,
854 1615 942 1702 quod
956 1638 1024 1680 nun
1047 1639 1121 1682 uam

64 1711 166 1798 antea
184 1699 303 1764 factum
320 1713 396 1778 erat,
416 1699 620 1764 iureiurando
639 1699 679 1765 ab
698 1700 832 1800 tribunis
852 1699 989 1768 militum
1007 1639 1121 1780 elect,
1129 1761 1210 1810 M

63 1805 157 1850 rusau
172 1785 338 1850 eonaulum
352 1798 575 1862 conventuros,
591 1808 697 1872 neque
712 1809 833 1852 rmuasu
848 1787 996 1854 abituros.
1035 1787 1121 1854 Nam
1213 1797 1219 1812 '

102 2027 116 2080 7
133 2019 176 2066 Ad
190 2020 291 2066 muium
308 2019 420 2079 οἱαιιιιιι]
439 2017 579 2067 Numerum
611 2015 665 2077 Et,'
675 2018 726 2067 rive
737 2017 828 2080 potius,
839 2020 890 2067 ‘At
906 2019 948 2067 ubi
964 2021 997 2068 ad
1013 2020 1121 2071 decuma·

62 2081 115 2129 hoc
132 2083 187 2129 loco
200 2081 473 2143 intercidirae,utrupr.
486 2095 523 2144 3¹·
537 2096 579 2130 an-
611 2085 683 2140 turn‚'
699 2087 746 2130 ete.
781 2081 844 2130 Vult
865 2081 939 2144 igitur
960 2083 1045 2133 Livius
1066 2089 1119 2133 turn

61 2145 183 2206 teLipaii
192 2145 358 2194 coniecturam
370 2145 489 2204 defuerat,
497 2151 580 2194 oenaet
611 2144 718 2206 primum
727 2143 956 2196 militaratribunia
965 2147 1120 2198 iureiurando

63 2208 178 2257 Gronov.
194 2209 237 2272 qui
256 2223 331 2258 nares
346 2223 407 2258 cxx.
424 2209 449 2256 in
467 2209 515 2257 bac
531 2213 577 2256 ata·
610 2209 718 2257 adactoa
755 2209 831 2266 Quod
852 2214 936 2258 autem
957 2211 1030 2259 luent
1056 2211 1120 2262 illud

60 2270 476 2334 tionefuimerrupioatur,aimodo
484 2272 578 2334 legatur
609 2270 787 2332 iusiurandum,
800 2271 863 2320 infra
879 2273 1018 2335 exponitur.
1051 2271 1119 2324 Nam

62 2335 178 2393 Otacilii,
185 2336 289 2398 qumilli
299 2335 578 2384 deducendarSerriliua
610 2334 642 2382 ad
659 2349 714 2383 eam
730 2335 805 2395 diem,
821 2335 908 2397 inquit,
925 2337 960 2385 nil
979 2337 1066 2397 iuerat,
1082 2339 1117 2388 nil

60 2400 206 2474 reliquerat,
228 2401 336 2448 Romam
357 2399 439 2448 adhue
464 2414 514 2448 non
536 2399 577 2448 de·
609 2397 752 2460 exigebatur
771 2413 787 2447 a
808 2399 936 2460 militibus,
954 2407 1051 2463 praeter
1071 2404 1118 2452 rol·

60 2465 184 2514 duxmet
209 2464 303 2513 Contra
311 2462 577 2526 Doeangaocemaa
609 2462 684 2509 lenna
710 2461 773 2510 illud
801 2463 904 2512 militiae
930 2471 1118 2526 recrementum,

59 2529 259 2589 clematium.
272 2541 310 2590 3⁴-
324 2527 438 2586 mditam,
452 2526 576 2574 abundum
609 2526 679 2574 imru
700 2527 826 2574 amalum
849 2536 1018 2588 conventuros,
1038 2545 1070 2579 aa

59 2597 147 2652 putat.
607 2589 705 2637 initiam
716 2591 831 2639 abiturae.
856 2591 891 2638 At
902 2589 957 2654 ipsi,
968 2593 1010 2641 ubi
1021 2594 1116 2656 peditat

96 2655 113 2702 8
130 2655 226 2703 Milite·
243 2655 315 2713 tuno]
340 2651 422 2702 Loeua
440 2651 575 2702 intricatur.
607 2651 633 2700 in
653 2653 782 2712 centuriae,
798 2653 892 2715 equites
909 2655 934 2702 in
951 2656 1064 2705 decuriae
1079 2672 1115 2706 or-

59 2716 151 2764 Primo
160 2717 227 2764 enim
238 2722 417 2766 sacramentum
431 2715 495 2764 illud
505 2719 574 2765 imru
607 2715 685 2764 dinati
698 2717 803 2776 fuerant,
816 2732 860 2764 aua
874 2718 1001 2769 voluntate
1014 2720 1077 2768 inter
1089 2736 1115 2770 aa

58 2782 191 2830 cumulum
203 2787 462 2843 aerumnamque
477 2781 575 2828 initura
606 2777 727 2838 iurabant,
738 2795 764 2828 ae
780 2780 852 2842 flagae
868 2786 893 2829 et
909 2781 1044 2832 formidinis
1058 2799 1114 2846 argo

58 2847 183 2903 abiturae,
200 2843 396 2905 antiquiuimum
418 2848 463 2900 eat,
481 2844 573 2891 nedum
606 2855 655 2891 non
670 2843 788 2903 abiturae,
803 2851 849 2892 eto.
884 2845 941 2893 Hoc
959 2846 1033 2908 igitur
1050 2847 1114 2896 illud

57 2909 141 2956 hoeoe
167 2907 274 2970 primum
297 2913 408 2970 tompore
433 2906 572 2956 institutum
605 2905 829 2968 arianimirum,
840 2923 889 2970 quo
900 2924 966 2958 nuuc
980 2909 1114 2972 primuma

58 2972 110 3028 ait;
126 2969 226 3032 eiurque
237 2976 317 3020 exstat
327 2971 433 3018 formula
446 2969 572 3033 ipaiaaimia
604 2969 708 3018 tribunis
731 2971 838 3020 militum
862 2971 1007 3033 adiguntur:
1036 2988 1113 3034 quum

57 3034 192 3082 hiarerbia
206 3033 445 3096 conceptampr.u1
458 3047 496 3082 eo.
529 3033 571 3082 Se-
603 3037 678 3082 antea
690 3035 1113 3097 merameatetanturnmode‚prireo

57 3098 145 3147 crmde
156 3113 205 3146 non
215 3097 360 3160 intelligitur
367 3097 426 3159 quid
437 3096 483 3145 arbi
494 3097 571 3146 velint
603 3096 647 3144 illo
658 3102 684 3144 et
693 3097 830 3156 sollennia
841 3100 947 3148 tutante
956 3107 1112 3161 narrantur,

57 3161 124 3210 haec
146 3163 234 3212 verber
257 3177 315 3210 aem
331 3163 366 3210 ad
381 3177 435 3210 eam
453 3162 516 3210 diem
533 3162 572 3210 all
603 3159 1007 3224 utatmonunmsmtegmar.
1040 3164 1112 3213 cue

54 3231 162 3288 praem
170 3226 450 3286 memmentamfueret.
483 3223 570 3280 Quod·
602 3237 656 3271 nrm
676 3224 741 3285 quod
762 3221 915 3286 aupieamur
935 3223 976 3273 hic
998 3226 1111 3274 luxatum

56 3303 120 3337 nam
137 3287 183 3336 erit
198 3289 246 3336 hoe
260 3293 448 3346 sacramentum,
459 3287 492 3334 ab
507 3285 570 3334 anti·
602 3300 655 3335 ema
664 3286 768 3335 duorum
777 3286 892 3334 orationir
901 3289 1065 3336 membrorum
1074 3303 1110 3336 or·

56 3366 111 3414 qm
129 3350 174 3400 illa
191 3351 297 3400 formula
315 3351 456 3400 diram?
492 3349 569 3399 Dani·
602 3349 685 3398 dinem
697 3349 945 3407 intermidmirum
960 3351 990 3399 iia
1006 3365 1110 3402 nonae-

54 3411 569 3528 intermittebat·
600 3412 1110 3539 taurania-fatuata·

561 3512 569 3536 ι
943 3511 951 3536 ι
1099 3505 1109 3516 ·

53 3542 568 3603 mammaemamma-
600 3538 667 3588 tibur
687 3539 792 3601 scriptia,
809 3544 835 3588 et
853 3539 879 3588 in
898 3541 992 3602 optimo
1010 3555 1044 3602 qu
1077 3555 1108 3590 ue

54 3603 568 3678 tumabssumamubimupb·
600 3603 1051 3666 illoPutmreperiri:r.g.totam
1081 3619 1108 3654 u·

54 3675 138 3728 catur,
147 3671 215 3718 aliud
224 3669 392 3718 indurandum
403 3666 462 3715 huic
471 3667 567 3716 aubirei·
600 3666 722 3716 cronenrir
744 3666 870 3716 reditionis
893 3667 1056 3717 narrationem
1082 3675 1107 3718 et

52 3735 304 3846 ,ῗῶῗῶῗῶῗῶ
318 3732 568 3844 tutatum
598 3730 1107 3846 pmqmffimr

52 3861 97 3909 aa
116 3831 337 3910 aamm'maaea
356 3873 435 3922 pone,
453 3857 474 3906 a
493 3858 567 3906 mea
599 3856 790 3906 umanum
799 3857 897 3908 uuum
907 3858 1106 3922 nereum„

53 3923 125 3973 male
134 3923 236 3972 uateete
250 3925 277 3972 in
292 3937 364 3971 auum
374 3919 567 3970 munerarium
599 3927 681 3970 oanmt
694 3921 759 3970 inter
773 3921 941 3972 indurandum
957 3923 1023 3972 ultro
1037 3939 1105 3986 prae·
1128 3969 1134 3980 ,

53 3990 150 4046 locum,
172 3987 220 4036 hoe
240 3987 322 4036 modo.
356 3984 477 4034 “trinta
497 3990 567 4044 tune,
598 3985 692 4043 rtitum,
712 3986 778 4047 quod
798 3991 851 4034 arat
870 3994 1058 4047 tauromenum,
1079 3994 1105 4036 et

51 4052 124 4114 qnod
139 4065 266 4112 nunqnam
281 4055 355 4099 antea
370 4049 463 4098 tamum
477 4049 566 4108 marat,
597 4049 742 4112 legitimum,
752 4049 785 4100 ad
796 4050 862 4110 qued
876 4051 967 4100 militar
976 4067 993 4100 a
1002 4051 1105 4100 tubania

51 4114 213 4165 iuratmendo
228 4116 261 4163 ab
275 4112 381 4162 tribunis
396 4111 504 4162 militum
522 4113 565 4162 ad·
596 4112 763 4175 adigebantur.
785 4113 1049 4177 Ceterumdeduplioa
1059 4114 1104 4160 mi-

49 4179 112 4227 aeti.
148 4177 215 4226 Nam
231 4178 264 4227 ad
279 4191 335 4226 eam
346 4177 412 4225 diam
422 4175 458 4226 nil
468 4181 565 4236 praeter
596 4176 668 4226 litum
684 4175 846 4236 iureiurando,
863 4178 894 4227 es.
910 4179 999 4240 Polyb.
1016 4178 1047 4226 vi.
1065 4189 1104 4227 ιι.

49 4245 236 4292 mmamantum
252 4241 341 4300 marat
352 4240 420 4289 iuno
435 4240 564 4288 conmtum
598 4253 635 4301 3³·

49 4311 228 4364 conventuros,
243 4319 323 4367 nequa
339 4303 432 4354 iniurru
449 4301 563 4352 abiturer.

98 4388 174 4432 Vola·
191 4388 226 4431 11.
906 4387 930 4426 ll
