2866 4770
366 279 463 346 mn.
490 279 603 344 xxx.
639 281 750 347 cnr.
774 287 826 346 42.
1056 286 1118 346 545
1151 259 1158 270 '

64 413 258 484 ‘violatumr
282 429 316 482 et
336 416 426 504 quod
444 417 537 482 sociis
556 416 666 504 populi
686 415 825 481 Romani
844 416 976 480 iniurias
994 417 1115 494 fecerit,
1128 430 1161 481 U.
1173 433 1202 482 c,
1219 441 1273 496 ⁵51·

63 511 75 542 ‘
87 501 173 569 bello
203 503 361 590 armisque
390 502 579 568 lacessierit:
618 516 652 567 et
678 501 766 590 qnod
794 501 900 568 hostes
929 502 1054 568 auxiliis
1083 517 1116 568 et
1124 495 1155 544 ⁴·
1172 497 1201 546 0·
1219 513 1276 549 ²0¹·

62 590 226 676 ‘pecunia
254 589 377 655 iuverit.
424 588 469 654 Et
496 588 534 654 P.
550 587 733 676 Scipionem
762 601 847 653 recte
873 603 970 676 atque
1003 588 1114 655 ordine

61 675 188 742 ‘videri
202 675 312 741 fecisse
324 689 357 741 et
368 676 481 752 facere,
494 675 581 775 quod
595 697 659 752 eos,
672 675 728 763 qui
743 697 831 740 arma
840 689 951 740 contra
960 675 1114 776 populum

35 769 74 825 5‘
88 761 271 827 Romanum
285 761 422 827 ferentes
434 775 518 862 captr
533 773 616 839 sunt,
629 761 768 826 hostium
784 783 916 826 numero
931 761 965 826 iu
980 762 1115 827 vinculis

61 848 217 913 ‘habeatt
248 861 281 914 et
303 847 352 913 M.
369 847 539 912 Aurelrnm
562 871 579 912 e
605 846 768 935 republica
789 847 901 924 facere,
924 859 1113 935 gratumque

60 943 74 973 ‘
88 933 122 998 id
140 935 264 1000 senatui
279 957 357 1012 esse,
373 934 460 1021 quod
475 933 576 999 socios
596 933 708 1021 populi
729 933 878 1011 Romani,
894 934 1023 1021 quando
1044 935 1112 998 iure

61 1017 223 1086 ‘foederis
237 1043 302 1084 non
317 1035 432 1108 possm,
449 1021 543 1084 armis
558 1021 703 1085 tueatur.’

112 1106 196 1171 Cum
226 1107 287 1172 hoe
316 1121 381 1171 tam
411 1107 491 1171 tristi
520 1129 670 1206 responso
700 1106 836 1172 dimissis
870 1105 1111 1185 Macedonibus,
1122 1121 1271 1185 Lanuen-

58 1193 160 1279 legati
177 1191 456 1281 Carthaginienses
475 1207 585 1258 vocatr.
634 1192 780 1269 Quorum
801 1194 956 1259 aetatibus
975 1193 1006 1257 di
1053 1185 1256 1260 iwtnaginien·

61 1280 213 1366 tibusque
234 1280 419 1366 conspectis,
436 1279 526 1366 (nam
541 1278 635 1366 longe
655 1279 750 1366 primi
766 1279 900 1343 civitatis
922 1294 1012 1344 erant
1043 1263 1193 1345 tum⁸¹¹¹¹¹²‘

59 1388 122 1466 pro
141 1388 174 1430 se
195 1365 330 1453 quisque
351 1364 467 1442 dicere,
485 1388 558 1430 vere
579 1365 619 1430 de
663 1389 718 1430 ace
741 1365 800 1452 agi.
846 1364 985 1452 Insignis
1005 1379 1112 1431 tamen

59 1465 149 1516 rnter
169 1465 291 1516 eeteros
317 1450 498 1516 Hasdrubal
518 1463 594 1529 erat,
616 1451 629 1534 (
668 1451 783 1516 aedum
807 1451 974 1539 populares
994 1475 1112 1540 cogno·

58 1538 149 1602 rnine
162 1537 378 1627 appellabant)
389 1539 475 1626 pacis
490 1560 615 1638 semper
628 1550 746 1614 auctor,
756 1537 968 1624 adversusque
980 1538 1110 1604 factioni

30 1623 227 1690 6Barcinae.
275 1623 324 1689 Eo
345 1637 414 1689 tum
432 1624 504 1711 plus
524 1623 571 1688 illr
590 1624 784 1689 auctoritatis
803 1625 873 1700 fuit,
889 1624 964 1690 belli
983 1624 1111 1713 culpam

59 1710 99 1774 in
126 1733 299 1797 paucorum
325 1710 532 1811 cupiditatem
558 1733 577 1776 a
602 1710 765 1798 republica
788 1711 994 1776 transferenti.
1043 1711 1110 1788 Qui

59 1819 163 1882 quum
188 1797 275 1862 varia
296 1810 437 1861 oratione
459 1819 534 1861 usus
556 1809 647 1872 esset,
670 1818 757 1860 nunc
779 1797 945 1884 purgando
967 1798 1108 1874 crimina,

60 1905 149 1946 nuno
174 1882 331 1968 quaedam
352 1882 492 1959 fatendo,
515 1905 557 1947 ne
584 1881 787 1970 impudenter
808 1895 895 1947 certa
919 1884 1109 1969 negantibus

60 1967 219 2033 difficilior
232 1969 326 2034 venia
341 1981 432 2046 esset,
448 1991 535 2034 nune
556 1967 716 2033 monendo
730 1967 826 2032 etiarn
846 1967 958 2033 Patres
972 1970 1110 2034 conscri-

58 2054 494 2227 Piiieuitiiiuiaiiiiii
503 2054 665 2205 ,tritt
678 2053 1110 2226 dahssiiiiisiieiinihi

61 2235 161 2313 ‘pore
176 2227 224 2290 nti
238 2226 420 2304 volnissent,
436 2227 564 2291 daturos
586 2227 681 2292 fuisse
701 2225 787 2313 pacis
807 2226 1014 2303 conditiones,
1031 2250 1110 2315 quas

62 2319 162 2376 ‘tunc
183 2325 337 2400 peterent.
385 2313 471 2377 Raro
493 2311 587 2376 simul
609 2313 791 2377 hominibus
813 2313 928 2376 bonam
951 2311 1109 2378 fortunam

61 2405 73 2436 ‘
84 2399 263 2486 bonamque
282 2411 423 2464 mentem
443 2399 521 2463 dari.
566 2396 727 2548 Populum
748 2398 930 2462 Romanum
951 2421 990 2463 eo
1010 2399 1109 2464 invic-

61 2494 151 2549 ‘tum
166 2507 244 2562 esse,
260 2485 349 2572 quod
363 2485 397 2550 in
417 2484 564 2550 secundis
579 2507 612 2548 re
635 2507 672 2548 us
686 2505 795 2570 sapere
816 2496 850 2548 et
863 2485 1026 2550 consulere
1042 2509 1109 2550 me-

60 2571 230 2636 ‘mineritt
255 2585 297 2649 et,
317 2571 457 2648 hercule,
478 2569 658 2635 mirandum
675 2569 781 2646 fuisse,
802 2569 828 2634 si
848 2569 939 2635 aliter
958 2570 1106 2637 facerent

32 2655 134 2722 7‘Ex
156 2657 333 2736 insolentia,
354 2657 471 2744 quibus
492 2679 575 2721 nova
596 2657 680 2720 bona
701 2656 826 2721 fortuna
848 2657 897 2733 sit,
916 2656 1108 2744 impotentes

59 2742 220 2808 ‘laetitiae
236 2743 382 2808 insanire.
429 2742 554 2830 Populo
575 2743 723 2807 Romano
743 2743 858 2808 usitata
873 2766 910 2808 ac
925 2766 1024 2832 prope
1044 2745 1108 2810 iam

59 2827 220 2894 ‘obsoleta
239 2852 281 2894 ex
299 2829 431 2894 victoria
448 2829 565 2916 gaudia
584 2851 662 2906 esse,
682 2851 718 2892 ac
737 2828 809 2915 plus
826 2852 928 2918 paene
947 2831 1107 2916 parcendo

59 2923 71 2954 ‘
83 2915 184 2992 victis,
215 2937 311 3001 qnam
340 2915 508 2991 vincendo,
540 2915 708 3001 imperinm
737 2914 861 2978 auxisse
874 2916 897 2978 :'
930 2928 1106 2981 ceterorum

55 2999 267 3066 miserabilior
295 3003 395 3066 oratio
423 3001 494 3078 fuit,
525 2999 851 3076 commemorantium,
880 2999 951 3063 ‘Ex
1003 3001 1108 3067 nantis

57 3086 192 3174 ‘opibus
235 3111 276 3152 uo
297 3087 482 3154 recidissent
504 3085 816 3171 Carthaginiensium
835 3107 895 3152 res.
942 3024 1035 3150 Nihil
1057 3087 1106 3163 iis,

57 3173 136 3258 ‘qui
158 3111 254 3238 ruodo
274 3175 384 3239 orbem
429 3196 463 3237 ro
527 3185 680 3236 terrarum
702 3171 912 3236 obtinuissent
934 3173 1038 3251 armis,
1054 3195 1107 3238 su-

57 3269 214 3345 ‘peresse,
236 3273 361 3346 praeter
385 3195 463 3324 Cin
487 3259 588 3345 aginis
616 3258 750 3322 moenia.
799 3256 844 3321 Iis
869 3257 1016 3336 inclusos,
1039 3281 1106 3324 non

57 3355 170 3423 ‘terra
186 3368 252 3410 non
267 3347 345 3410 mari
360 3346 531 3433 quicquam
547 3345 595 3408 sui
611 3344 687 3408 iuris
702 3365 841 3408 eernere.
889 3343 1011 3409 Urbem
1026 3367 1106 3433 quo-

56 3442 144 3519 ‘que
159 3431 259 3518 ipsam
280 3455 316 3497 ac
333 3445 465 3519 penates
485 3431 530 3494 ita
549 3429 721 3507 habituros,
736 3430 763 3493 si
778 3452 844 3494 non
861 3430 895 3493 in
910 3453 948 3494 ea
965 3452 1030 3517 quo
1053 3455 1104 3512 ne,

55 3528 143 3602 ‘quo
167 3517 248 3582 nihil
273 3517 405 3584 ulterius
428 3518 479 3593 sit,
503 3516 623 3580 saevire
652 3515 788 3603 populus
819 3514 984 3580 Romanus
1010 3453 1107 3582 redit?

56 3605 172 3677 Quum
181 3604 265 3668 flecti
280 3603 494 3668 misericordia
507 3602 618 3667 Patres
628 3614 803 3688 appareret,
812 3615 992 3666 senatorum
1004 3626 1105 3668 unum

53 3689 208 3754 infestum
238 3689 390 3777 perfidiae
416 3687 729 3776 Carthaginiensium
756 3686 961 3752 succlamasse
987 3689 1104 3766 ferunt,

53 3774 143 3839 ‘Per
165 3797 245 3863 quos
262 3774 339 3840 deos
361 3775 472 3840 foedus
489 3774 583 3840 icturi
604 3785 719 3851 essent,
741 3795 841 3860 quiam
861 3797 926 3852 eos,
946 3797 1004 3862 per
1026 3797 1106 3862 quos

88 3987 102 4035 5
121 3971 195 4037 Capti
213 3977 284 4034 sunt]
305 3977 361 4024 Sint
377 3991 408 4023 ex
426 3975 564 4024 coniectura
597 3976 633 4025 illi
646 3974 837 4025 faciliushaberi
848 3979 952 4040 poterat.
970 3977 1050 4027 Cass.

52 4037 162 4096 Dukeri,
180 4045 267 4100 utpote
285 4039 310 4087 in
331 4039 440 4088 oratione
456 4039 565 4100 obliqua,
632 4051 645 4101 7
662 4043 704 4089 Er
715 4042 859 4102 insolentia]
879 4041 929 4090 Eos
940 4041 1028 4104 quibus
1041 4056 1105 4089 nora

48 4101 165 4163 reposuit
198 4101 305 4152 Beklrer.
332 4103 480 4152 assentiente
506 4103 565 4152 Cre
597 4104 891 4167 bonafortunasit‚quia
905 4104 931 4153 id
947 4104 995 4152 illis
1011 4110 1106 4166 praeter

49 4165 139 4214 viaria.
598 4167 698 4216 solitum
709 4167 814 4226 accidat,
826 4183 874 4216 non
886 4167 1010 4229 capientes
1022 4167 1106 4214 animo

85 4227 160 4277 ono
187 4237 238 4278 tam
264 4233 322 4292 plus
349 4232 386 4277 llll
410 4231 565 4280 arwtoritmls
597 4231 753 4280 immodicam
766 4232 894 4288 laetitiam,
905 4231 936 4280 ad
951 4230 1105 4280 insanitatem

41 4294 117 4353 suit]
142 4293 180 4341 Eo
196 4298 250 4341 turn
267 4299 292 4341 et
309 4294 433 4342 decentior
449 4293 565 4355 gravique
598 4295 685 4343 efferri.
703 4297 785 4344 Canu.

51 4356 107 4402 viro
123 4355 218 4417 dignior
235 4355 287 4404 eins
304 4358 381 4405 oratio
397 4359 452 4416 fuit,
463 4363 488 4405 et
507 4358 566 4405 fides

100 4439 178 4482 VOla.
196 4439 230 4482 ll.
873 4441 894 4482 N
912 4444 932 4482 Π
