2866 4770
351 231 448 298 ura.
472 187 604 298 xxix.
636 230 742 298 car.
770 237 818 296 12.
1046 234 1107 302 471

102 366 277 456 Neglectae
292 391 332 433 eo
346 368 476 434 biennio
490 391 540 434 rer
555 369 589 432 in
606 367 742 436 Graecia
756 379 855 434 erant.
901 367 919 432 I
974 389 1014 434 ue
1029 366 1151 434 Phi-U.
1163 385 1193 434 e.
1209 396 1264 448 547·

33 453 163 541 8lippus
194 453 336 532 Aetolos,
367 455 507 520 desertos
536 455 576 520 ab
608 454 765 532 Romano,
789 455 842 520 cui
870 454 927 520 uni
977 448 1146 531 debant&
1163 448 1193 498 0·
1209 463 1263 512 ’05-

57 540 186 618 auxilio,
202 541 318 627 quibus
332 539 434 606 voluit
448 540 693 618 conditionibus,
709 541 751 606 ad
770 541 941 628 petendam
957 553 991 606 et
1004 541 1105 628 pacis·
1164 517 1212 610 li·

56 626 191 691 cendam
206 627 333 714 subegit
350 649 469 714 pacem.
519 626 617 702 Quod
637 627 699 690 nisi
714 627 801 692 omni
816 628 847 690 vi
867 627 1018 714 perlicere
1038 597 1250 711 ma·{¹,‘{f,⁰¹c¹,¹{,‡

55 725 198 791 iurasset,
221 713 392 779 bellantem
413 736 487 778 eum
507 735 580 778 cum
604 712 728 778 Aetol'e
750 713 786 778 P.
806 711 1011 800 Sempronius
1030 725 1231 801 pro-Philippo

54 799 176 878 consul,
191 821 352 865 successor
370 801 413 863 im
457 800 496 864 rii
510 799 622 864 missus
642 798 792 885 Sulpicio,
808 821 882 864 cum
900 799 1012 864 decem
1033 789 1214 864 mipfaemnt.

53 884 137 950 libus
148 886 304 972 peditum,
316 899 350 950 et
364 886 408 950 mi
432 909 450 950 e
466 885 635 972 equitibus,
649 898 683 950 et
697 885 825 972 triginta
837 885 979 972 quinque
989 899 1104 951 rostra·

54 972 95 1035 tis
115 972 249 1037 navibus
266 971 367 1058 (baud
389 994 521 1058 parvum
543 984 740 1036 momentum
763 971 805 1036 ad
823 993 918 1058 opem
940 971 1103 1037 ferendam

52 1057 161 1143 sociis)
175 1059 387 1145 oppressisset
437 1057 578 1123 Vixdum
592 1060 771 1144 pace-facte,
783 1058 915 1122 nuntius
926 1058 993 1144 regi
1004 1058 1101 1135 venit,

53 1143 219 1208 Romanos
240 1143 479 1232 Dyrrhachium
499 1144 639 1208 reniae:
664 1143 796 1208 Parthiu
857 1167 897 1208 ue
919 1156 953 1208 et
996 1143 1103 1230 ropin-

52 1251 132 1314 quss
146 1228 222 1295 alias
236 1243 347 1318 gentes
364 1241 465 1296 motas
479 1253 546 1294 esse
567 1230 608 1294 ad
622 1251 710 1316 spem
730 1166 869 1296 heradii
884 1252 953 1294 res:
974 1166 1103 1294 litma-

26 1314 185 1402 9lumque
196 1316 381 1418 oppugnari
422 1315 471 1380 Eo
483 1339 516 1381 se
527 1329 687 1382 verterant
699 1315 837 1381 Romani
848 1317 889 1382 ab
902 1315 1101 1393 Aetolorum,

52 1425 119 1487 quo
143 1403 229 1467 miser
252 1414 352 1480 erant,
375 1402 503 1479 auxilio,
526 1403 608 1480 irati,
632 1402 719 1489 quod
744 1403 813 1467 sine
839 1402 1023 1468 auctoritate
1046 1424 1103 1466 sua

28 1487 201 1552 radversus
216 1489 327 1553 foedus
347 1510 421 1554 cum
441 1511 516 1575 rege
534 1511 646 1575 pacem
660 1488 815 1554 fecissent
863 1487 911 1552 Ea
926 1509 1026 1575 quum
1045 1511 1102 1552 au·

50 1573 151 1639 disset
168 1575 346 1662 Philippus,
362 1575 476 1661 nequi
494 1587 599 1639 motus
617 1575 717 1639 maior
736 1575 771 1638 in
790 1574 933 1638 finitimis
952 1575 1101 1661 gentibus

95 1660 240 1747 pulisque
261 1661 404 1737 oriretur,
420 1661 542 1747 magnis
558 1661 725 1725 itineribus
745 1659 950 1747 Apolloniam
968 1673 1101 1726 conten·

88 1759 118 1823 t;
142 1769 207 1832 quo
231 1745 437 1846 Sempronius
458 1769 491 1810 se
513 1760 684 1833 receperat,
708 1747 802 1810 misso
825 1745 974 1810 Laetorio
995 1745 1100 1832 legato

23 1855 124 1896 acum
139 1845 229 1918 parte
243 1855 405 1919 copiarum
421 1843 454 1898 et
468 1833 653 1919 quindecim
670 1833 803 1898 navibus
821 1832 854 1895 iu
873 1831 1045 1908 Aetoliam,
1060 1831 1102 1896 ad

47 1918 196 1982 visendas
217 1941 276 1996 res,
297 1941 483 2019 pacemque,
505 1919 529 1982 si
552 1930 667 2004 posset,
688 1917 887 1984 turbandam.
933 1916 1101 2003 Philippus

46 2026 142 2090 agros
158 2004 412 2091 Apollou1atium
431 2003 572 2081 vastavit,
589 2016 631 2081 et,
647 2003 689 2069 ad
710 2004 821 2067 urbem
841 2002 976 2068 admotis
990 2002 1100 2088 copiis,

48 2103 242 2176 potestatem
258 2113 385 2178 pugnae
403 2089 550 2156 Romano
564 2091 648 2154 fecit
698 2089 804 2164 Quem
826 2101 994 2174 postquam
1010 2087 1101 2188 quie-

48 2190 120 2241 tum
135 2197 242 2241 muros
253 2175 475 2242 tantummodo
490 2177 573 2240 tueri
587 2175 679 2253 vidit,
691 2198 751 2239 nec
767 2173 841 2238 satis
855 2173 958 2238 fidens
972 2173 1099 2251 viribus,

47 2274 87 2326 ut
102 2262 213 2327 urbem
233 2273 440 2350 oppugnaret,
456 2275 488 2328 et
506 2284 580 2326 cum
602 2261 755 2326 Romanis
770 2282 909 2346 quoque,
925 2260 1007 2324 sicut
1025 2281 1100 2325 curu

47 2347 185 2426 Aetolis,
198 2350 330 2448 cupiens
344 2371 465 2448 paoem,
476 2349 502 2413 si
517 2359 633 2434 posset,
644 2346 694 2412 sin
709 2347 825 2422 minus,
837 2344 975 2410 indutias
986 2345 1099 2423 faeere,

46 2433 131 2498 nihil
145 2433 230 2499 ultra
244 2435 373 2499 irritans
392 2457 475 2499 novo
495 2432 668 2498 certamine
683 2433 774 2510 odiis,
790 2432 825 2496 in
842 2454 876 2496 re
921 2454 977 2496 um
996 2453 1029 2498 se
1049 2453 1100 2496 re·

45 2519 143 2605 cepit
190 2519 255 2585 Per
280 2520 365 2584 idem
396 2532 530 2606 tempus,
556 2519 661 2584 taedio
684 2518 802 2584 diutini
824 2518 875 2582 bel
889 2518 911 2594 i,
938 2517 1224 2605 Epirotae,1temque

45 2617 172 2670 tentata
207 2607 273 2670 rius
294 2605 512 2670 Romanorum
532 2605 705 2683 voluntate,
721 2605 840 2692 legatos
860 2603 900 2670 de
918 2625 997 2691 pace
1012 2597 1223 2669 ,mauman

44 2691 139 2754 muni
222 2690 408 2779 Philippum
430 2693 561 2768 misere3
585 2692 659 2756 satis
681 2691 852 2767 confidere,
870 2703 1099 2756 conventuram

44 2799 129 2853 eam,
145 2777 344 2855 affirmantes,
363 2778 390 2841 si
411 2777 452 2842 ad
472 2777 666 2864 colloquium
687 2799 761 2844 cum
782 2777 819 2842 P.
835 2775 1024 2863 Sempronio
1037 2778 1099 2840 im-

15 2875 192 2951 eperatore
224 2863 371 2929 Romano
400 2864 544 2930 venisset
596 2863 700 2928 Facile
730 2863 945 2950 impetratum,
975 2863 1097 2949 (neque

43 2949 135 3013 euim
150 2971 191 3014 ne
203 2949 303 3049 ipsius
340 2948 448 3014 uidem
464 2949 547 3036 regis
562 2949 749 3014 abhorrebat
763 2947 902 3032 animus)
917 2959 954 3011 ut
968 2947 1003 3010 in
1019 2947 1097 3034 Epi·

41 3057 119 3100 rum
135 3047 289 3101 trausnet.
363 3035 497 3099 hoenice
513 3035 587 3098 urbs
601 3045 649 3098 est
665 3033 775 3119 Epiri:
799 3033 844 3098 ibi
858 3033 945 3118 prius
960 3031 1098 3098 collocu-

13 3134 98 3190 stus
119 3143 177 3186 rex
200 3145 273 3187 eum
297 3121 438 3208 Aeropo,
461 3132 494 3184 et
517 3119 637 3197 Darda,
660 3132 694 3184 et
719 3118 870 3204 Philippo
893 3117 1096 3204 Epirotarum

41 3208 254 3295 praetoribus,
266 3219 376 3296 postea
390 3228 464 3272 cum
479 3206 516 3271 P.
530 3205 718 3292 Sempronio
732 3203 945 3291 congreditur.
992 3205 1097 3269 Affuit

40 3293 128 3358 collo
152 3293 206 3358 uio
228 3306 261 3358 et
283 3292 495 3381 Amynander
512 3291 732 3357 Athamanum
752 3313 819 3366 rex,
843 3302 876 3354 et
897 3288 1096 3376 magistratus

39 3378 99 3444 alii
145 3379 318 3466 piratarum
334 3392 367 3444 et
382 3379 597 3444 Acamauum.
643 3377 769 3442 Primus
787 3375 956 3462 Philippus
970 3391 1096 3462 praetor

38 3600 169 3652 Martialis
186 3600 250 3650 alius
267 3601 299 3648 ab
316 3599 361 3648 illo
378 3599 419 3658 tit,
435 3611 468 3647 an
487 3595 553 3646 idem
586 3609 659 3657 quem
677 3601 802 3644 auderem
820 3601 918 3644 secutus
935 3599 972 3643 est
987 3595 1094 3644 Behker.

37 3667 95 3714 duo
105 3664 219 3712 habuerit
234 3663 377 3722 sacerdotia,
387 3679 419 3711 au
436 3661 555 3710 memoria
587 3661 679 3710 Noster
689 3661 756 3708 hand
766 3659 840 3708 dubie
851 3660 900 3708 fide
911 3657 1018 3721 plurium
1030 3659 1094 3707 codi-

38 3728 146 3780 Livium
154 3727 278 3786 fefellerit,
286 3727 406 3776 incertum
417 3726 554 3788 relinquere
587 3739 643 3773 cum
654 3723 728 3772 nixus
738 3724 883 3786 particulam
894 3723 1020 3772 resecant.

37 3792 162 3856 cogimur.
180 3793 261 3841 ΟΜ.
620 3791 738 3851 3Naproe
759 3789 824 3838 caim
845 3803 877 3836 aa
897 3789 977 3848 ipsias
998 3787 1094 3850 quidem

77 3857 224 3906 8Deaertoa
242 3857 273 3904 ab
288 3854 411 3916 Roaiam]
437 3855 555 3903 Bouiania
586 3852 663 3915 reaia]
700 3851 800 3900 Etenim
828 3852 924 3900 duabus
954 3851 1093 3899 huiusmodi

35 3925 144 3971 auctore
156 3919 278 3968 Rhenauo
289 3919 396 3981 reposuit
408 3919 514 3966 Beklrer.
586 3915 713 3979 particulis
730 3915 856 3978 negativis,
871 3921 967 3963 tantum
981 3917 1049 3964 abest
1065 3920 1094 3962 ut

76 3985 149 4047 9At
168 3986 309 4034 Aeniorum
389 3981 495 4042 amito]
520 3997 553 4029 se.
586 3981 683 4042 negatio
710 3980 820 4038 tollatur,
847 3985 875 4027 ut
903 3979 999 4028 Graeco
1026 3993 1093 4028 more

37 4049 85 4099 Ab
96 4047 190 4095 auxilio
201 4047 297 4096 Aetolis
307 4047 414 4095 ferendo.
586 4045 660 4093 etium
672 4044 757 4092 fortior
764 4044 885 4092 reddatur.
898 4043 928 4093 ct'.
935 4059 1000 4106 supr.
1008 4043 1092 4092 xxviii.

79 4113 237 4160 rAdaereru
245 4109 348 4172 foedus]
362 4108 555 4171 Foederisleges
587 4120 625 4170 27.
636 4109 690 4157 infr.
703 4109 771 4158 xxxi.
783 4109 822 4168 38.
1061 4167 1066 4178 Ι

36 4189 111 4237 supr.
122 4175 189 4223 xxvi.
203 4190 241 4236 24.
253 4179 424 4224 memorantur.
618 4189 633 4230 4
649 4173 685 4220 Et
704 4170 804 4233 Darda]
830 4173 916 4221 Derda
937 4171 962 4218 in
983 4177 1029 4217 vet.
1050 4169 1091 4216 hb.

77 4241 144 4286 ala
162 4241 292 4298 Aetoliam,
311 4239 344 4286 ad
364 4238 478 4286 υίεεηάαε
498 4235 551 4298 raa]
586 4236 633 4298 lagi
655 4235 828 4284 animadvertit
851 4233 970 4296 Sigonius.
1005 4229 1093 4291 Δέρδου

36 4303 170 4365 Copulam
184 4311 208 4352 et
221 4317 252 4352 err
265 4303 304 4352 ed.
316 4301 395 4364 prima
411 4306 468 4349 ante
482 4315 554 4348 voces
585 4302 652 4362 apud
660 4300 773 4362 Thucyd.
782 4299 798 4346 i.
809 4309 846 4362 59.
854 4297 948 4358 legitur.
956 4295 1092 4344 sedDordo

36 4369 78 4417 ad
98 4368 213 4416 ciream
237 4383 276 4418 res
300 4366 423 4414 revocavit
444 4365 552 4414 Gronov.
586 4365 668 4425 plures
679 4363 749 4412 codd.
762 4361 886 4410 exhibent.
