2966 4778
219 659 280 754 r.
326 657 535 756 mvn
573 607 979 759 'paramur

360 947 620 1032 LIBER
669 947 844 1032 XXIII.

503 1230 699 1270 ——o—--

54 1495 64 1532 ι
155 1467 263 1534 ECIS
290 1466 454 1532 Hannibal
477 1479 549 1554 post
574 1463 779 1531 Cannensem
825 1489 943 1555 ugnam
965 1467 1066 1554 captis
1090 1481 1171 1533 acU.
1183 1481 1213 1532 0.
1229 1481 1284 1545 53⁶·

73 1479 154 1632 A
185 1555 327 1642 direptis,
342 1553 508 1618 confestim
523 1575 565 1617 ex
588 1552 709 1640 Apulia
723 1552 758 1617 in
857 1553 947 1618 nium
968 1547 1166 1619 moveratzl·
1181 1548 1212 1597 ⁰·
1229 1561 1285 1597 ²¹·

52 1641 196 1706 saccitus
211 1641 246 1704 in
267 1639 421 1727 Hirpinos
436 1663 456 1704 a
475 1637 585 1716 Statio,
601 1637 770 1726 pollicente
791 1662 824 1704 se
842 1639 1015 1726 Compsam
1031 1639 1127 1706 tradi-
1136 1659 1274 1709 Hannibali

75 1739 194 1791 turum.
244 1725 444 1813 Compsanus
466 1736 533 1789 erat
553 1724 689 1789 Trebius
706 1725 821 1789 nobilis
840 1726 924 1790 inter
945 1749 1037 1792 suos:
1070 1727 1126 1792 sed
1135 1726 1245 1799 0⁰¹¹3P⁸³

75 1813 243 1899 premebat
261 1835 336 1876 eum
352 1810 553 1898 Mopsiorum
568 1810 672 1888 factio,
688 1810 824 1876 familiae
839 1813 1042 1899 pergratiam
1059 1813 1127 1878 Ro-
1135 1789 1245 1837 ‘'mm‘'

74 1920 245 1963 manorum
302 1897 407 1962 tentis.
453 1895 531 1961 Post
544 1896 660 1960 famam
677 1896 855 1962 Cannensis
870 1920 1006 1984 pugnae,
1018 1898 1127 1985 vulga·

76 1997 212 2071 tumque
239 1921 349 2048 lilibii
374 1982 571 2047 sermonibus
597 1982 770 2047 adventum
801 1981 1001 2059 Hannibalis,
1026 2005 1126 2069 quum

76 2069 242 2158 Mopsiani
257 2070 368 2134 urbem
390 2069 616 2144 excessissent3
640 2069 709 2132 sine
728 2069 899 2132 certamine
923 2069 1039 2134 tradita
1053 2071 1127 2135 urbs

76 2155 199 2232 Poeno,
209 2155 466 2243 praeidiumque
476 2166 641 2240 acceptum
653 2165 709 2218 est
746 2153 796 2217 lbi
806 2153 924 2240 praeda
934 2155 1021 2218 omni
1030 2168 1126 2242 atque

77 2241 316 2328 impedimentis
338 2240 464 2318 relictis,
480 2240 624 2305 exercitu
644 2240 771 2326 partito,
793 2239 968 2326 Magonem
990 2239 1127 2327 regionis

77 2328 146 2392 eius
160 2329 266 2405 urbes,
278 2339 334 2392 aut
347 2326 532 2391 deficientes
546 2326 587 2390 ab
599 2325 754 2390 Romanis
768 2325 921 2412 accipere,
934 2338 989 2391 aut
1003 2325 1128 2391 detrec·

78 2426 183 2480 tantes
197 2437 309 2501 eogere
325 2413 366 2477 ad
388 2412 600 2477 defectionem
614 2411 720 2476 iubet:
744 2411 811 2498 ipse
825 2435 883 2499 per
902 2434 1012 2498 agrum
1030 2411 1128 2478 Cam·
1136 2419 1270 2482 Neapolim

76 2523 200 2587 panum
225 2522 311 2565 mare
340 2499 477 2563 inferum
503 2498 592 2586 petit,
618 2509 857 2648 oppugnaturus
884 2497 1064 2586 Neapolim,
1091 2485 1206 2565 utpetia

78 2588 192 2654 urbem
207 2585 395 2650 maritimam
416 2584 555 2648 haberet
602 2583 633 2648 U
657 2583 763 2649 ifines
778 2583 1064 2670 Neapolitanorum
1079 2586 1128 2650 in·

78 2673 183 2750 travit,
200 2669 360 2736 Numidas
373 2670 488 2758 partim
502 2670 535 2734 in
551 2669 684 2747 insidiis,
696 2669 745 2756 (et
759 2669 929 2757 pleraeque
944 2693 1038 2736 cavae
1053 2685 1128 2737 sunt

77 2760 160 2836 viae,
176 2759 327 2844 sinusque
350 2755 482 2842 occulti)
501 2778 692 2843 quacunque
708 2769 780 2856 apte
803 2769 936 2844 poterat,
951 2757 1125 2846 disposuit:

78 2845 167 2924 alios,
181 2865 258 2932 prae
278 2865 311 2908 se
326 2855 427 2908 aotam
449 2841 600 2930 praedam
616 2863 657 2906 ex
671 2864 754 2929 agns
776 2855 979 2922 ostentantes,
996 2845 1128 2931 obequi-

79 2943 144 2996 tare
165 2929 265 3018 portis
282 2929 381 2994 iussit.
425 2927 467 2992 In
487 2950 576 3016 quos,
592 2927 668 3015 quia
685 2950 746 2992 nec
760 2928 862 3004 multi,
878 2940 912 2992 et
928 2929 1127 3016 incompositi

78 3017 279 3094 ridebantur,
295 3039 395 3102 quum
415 3026 519 3079 turma
533 3013 679 3100 equitum
699 3015 862 3101 erupisset,
879 3014 918 3078 ab
940 3014 1128 3080 cedentibus

79 3103 226 3168 consulto
248 3116 347 3167 tracta
360 3101 396 3165 in
417 3099 556 3176 insidias,
572 3098 788 3164 circumventa
810 3112 870 3164 est:
898 3121 959 3164 nec
981 3101 1129 3166 evasisset

79 3190 260 3276 quisquam,
270 3188 304 3252 ni
319 3209 404 3252 mare
419 3186 644 3274 propinquum,
655 3198 689 3251 et
703 3185 789 3250 haud
801 3183 910 3271 procul
919 3184 1010 3250 litore
1022 3209 1127 3263 naves,

79 3275 264 3363 piscatoriae
290 3273 470 3362 pleraeque,
493 3284 681 3358 conspectae
707 3270 816 3370 peritis
841 3269 939 3334 nandi
966 3270 1130 3336 dedissent

80 3362 243 3462 effugium.
291 3359 427 3447 Aliquot
441 3371 548 3422 tamen
563 3380 602 3423 eo
645 3354 742 3421 rocho
756 3354 879 3420 nobiles
894 3356 1024 3420 iuvenes
1043 3357 1128 3444 capti

81 3471 227 3535 caesique
249 3459 341 3512 sunt:
368 3446 453 3532 inter
474 3465 554 3531 quos
575 3456 608 3507 et
662 3464 754 3527 egeas
798 3442 951 3506 mesectus
973 3443 1246 3528 equitum,conspe

80 3533 344 3621 intemperantius
364 3531 515 3596 cedentes
536 3542 673 3606 secutus,
693 3527 761 3592 ceci
786 3527 818 3593 't
865 3527 919 3592 Ab
933 3529 1011 3592 urbc
1026 3533 1285 3652 oppa-mm·

1137 3654 1222 3702 audet.

117 3792 218 3840 ratect's
234 3786 377 3850 Hannibal]
402 3788 433 3836 In
452 3785 517 3848 plur.
534 3784 589 3832 edd.
622 3782 667 3843 bit,
679 3784 720 3833 ubi
732 3789 815 3832 noster
823 3785 902 3848 Aona
913 3784 979 3848 legit.
991 3800 1056 3848 supr.
1068 3787 1127 3838 xxii.

83 3855 219 3913 Hannibal,
232 3860 287 3916 port
303 3855 456 3901 onumen
470 3864 590 3911 poariam,
626 3862 660 3897 12.

82 3925 162 3966 caetra
172 3918 398 3990 captaachrapta,
408 3914 533 3974 confertim
542 3917 588 3962 etc.
655 3926 668 3959 a
692 3913 792 3985 docitur
811 3914 838 3960 in
859 3914 980 3975 Hirpr'nos
998 3931 1015 3961 a
1036 3917 1127 3976 Stella]

83 3981 174 4029 Nostra
190 3986 272 4029 autem
292 3982 373 4037 lectio,
387 3993 462 4040 quam
481 3976 587 4025 Bekker.
622 3975 692 4024 Idem
703 3977 759 4025 infr.
773 3979 873 4026 Trebius
885 3982 1028 4038 vocatur,ut
1039 3995 1127 4028 nomen

82 4045 182 4107 recepit,
193 4061 224 4092 ex
236 4045 343 4093 Gronov.
355 4043 495 4092 coniectura
504 4055 586 4102 prove·
622 4038 741 4102 integrum
757 4040 830 4088 luerit
842 4043 936 4090 Statim
953 4044 1059 4094 Trebiae.
1094 4044 1128 4090 Et

83 4107 126 4157 nit
142 4111 223 4158 Aecae
235 4109 372 4170 Apulorum
381 4105 509 4169 oppidum,
520 4103 588 4152 cuius
620 4103 660 4152 hic
670 4103 740 4152 facile
749 4105 921 4154 crediderimus
929 4121 985 4153 cum
995 4106 1128 4166 Gronovio,

76 4173 174 4222 ‚mentio
191 4173 244 4221 inlr.
260 4171 325 4221 xxiv.
342 4185 379 4219 no.
396 4167 508 4218 occurrit.
541 4168 587 4216 Ce·
618 4167 742 4228 scripsisse
768 4167 865 4217 Livium
891 4187 907 4218 a
932 4171 1009 4218 Scatr'o
1035 4173 1127 4219 Trebia.

83 4242 161 4285 terum
180 4237 268 4298 Polyb.
282 4235 315 4284 iii.
328 4233 367 4284 86.
385 4231 490 4282 Fabium
508 4231 587 4279 Maxi-
622 4230 668 4279 Est
689 4231 754 4280 enim
775 4234 870 4281 Statius
889 4248 1037 4295 praenomen
1058 4235 1126 4284 Itali-

84 4315 150 4348 mum
166 4299 270 4362 primurn
282 4299 307 4347 in
319 4303 476 4360 conspectum
494 4295 588 4343 Hanni·
622 4310 685 4346 cum.
703 4297 783 4346 Cast.

85 4363 144 4413 belis
155 4364 221 4413 haud
238 4365 323 4427 procul
337 4364 409 4413 Aeria
427 4359 518 4409 venisse
533 4360 588 4408 scri-
