2878 4772
361 223 426 287 40⁶
751 214 865 282 ΤΙΤΙ
895 213 1033 282 LIVII

209 365 244 417 U.
254 364 286 416 c.
301 376 356 428 545·
365 354 468 420 duxit
514 351 558 418 Et
579 350 714 418 concilio
736 351 869 439 quidem
890 350 1020 416 dimimo
1042 351 1106 424 iam
1123 351 1238 416 venit:
1262 351 1404 439 segetibn

208 429 240 482 Ᾰ·
256 429 287 482 ⁰·
302 439 483 518 ²⁰⁷·tamen,
507 462 589 526 quae
619 456 717 526 prope
747 437 961 502 maturitatem
990 449 1092 514 erant,
1117 439 1266 502 maxime
1292 437 1329 502 in
1351 437 1413 502 daut

367 527 552 594 Aenianum
565 524 702 602 vastatis,
719 522 900 590 Scotussam
914 546 953 588 oo
975 523 1021 588 iea
1034 523 1170 589 reducit
1211 523 1267 588 lbi
1282 524 1406 588 exertita

367 612 456 678 omni
473 611 594 688 relicto,
609 633 683 676 eum
703 609 832 676 cohorte
852 609 940 697 regia
952 545 1199 674 heman-ladem
1213 632 1289 675 aeae
1304 610 1364 674 reci
1383 611 1389 621 '

367 698 450 764 Iade
465 710 501 762 ut
515 697 557 761 ad
570 719 681 762 omnes
694 695 835 760 hostium
851 709 956 760 motus
968 707 1076 782 poeeet
1089 717 1275 773 occurrere,
1292 695 1328 759 in
1341 695 1367 758 P

367 784 482 861 cidem,
497 795 594 870 atque
609 781 785 859 Euboeam,
799 794 833 846 et
847 781 1062 868 Peparethum
1077 780 1189 859 mittit,
1203 781 1268 868 qui
1281 781 1353 846 lom
1363 780 1406 844 altr

368 869 532 957 eligerent,
562 867 648 934 unde
674 867 754 932 editi
778 867 868 955 ignea
894 879 1090 954 apparerent.
1136 865 1217 966 Ipe
1241 868 1288 948 jn
1313 867 1405 932 Tne

368 956 476 1044 (mons
498 968 547 1020 eet
567 955 602 1018 in
624 952 827 1019 altitudinem
850 953 1014 1040 ingentem
1036 953 1217 1018 cacumrnia
1241 953 1339 1054 editi)
1355 975 1406 1039 apr·

369 1041 474 1108 culam
487 1041 612 1128 posuit:
636 1053 673 1104 ut
690 1039 817 1126 ignibus
833 1038 946 1126 procul
964 1037 1095 1104 sublatis
1112 1039 1262 1126 signum,
1278 1040 1336 1104 uht
1349 1038 1406 1125 quid

369 1127 558 1192 molirentur
570 1126 686 1203 hostes,
702 1137 864 1190 momento
879 1125 1029 1212 temporis
1043 1124 1217 1212 acciperet.

415 1211 579 1278 Romanus
594 1212 765 1298 imperator
778 1223 812 1276 et
823 1209 952 1276 Attalus
965 1233 1022 1275 rex
1035 1233 1056 1274 a
1068 1209 1262 1297 Peparetho
1273 1209 1406 1276 Niceten

370 1299 568 1364 traieeertmt.
614 1295 695 1361 Inde
716 1296 846 1361 olaaeern
865 1297 900 1361 in
919 1295 1084 1362 Euboeam
1103 1297 1147 1362 ad
1168 1297 1292 1362 urbem
1306 1297 1406 1362 Oreun

370 1385 605 1450 transmittunt:
645 1405 705 1447 uae
720 1382 760 1447 ab
772 1382 975 1448 Demetriaco
987 1383 1060 1448 sinu
1071 1380 1276 1448 Chalcidem
1289 1397 1324 1449 et
1334 1383 1418 1448 Eur-'rr

392 1492 447 1535 um
466 1470 590 1558 petenti
669 1468 789 1533 laevam
809 1469 913 1555 prima
928 1468 1055 1534 urbium
1073 1467 1234 1534 Euboeae
1314 1470 1405 1532 ‘met

369 1493 421 1621 lta
445 1557 530 1621 inter
552 1553 699 1620 Attalum
724 1576 762 1619 ac
789 1553 964 1642 Sulpicium
989 1555 1150 1631 convenit,
1176 1567 1218 1619 ut
1370 1556 1407 1615 'a

292 1681 301 1702 .
370 1641 459 1718 mari,
481 1641 562 1728 regii
586 1664 610 1742 a
629 1653 713 1706 terra
735 1653 965 1728 oppugnarent.
991 1639 1198 1741 'Quatriduo
1222 1655 1311 1728 poet,
1330 1661 1407 1727 quan

370 1726 716 1889 tlthlbttt
730 1727 1003 1899 titffisst
1023 1725 1259 1899 libell?
1317 1748 1407 1886 reli

370 1898 536 1986 colloquiis
555 1899 758 1998 absumptum
779 1909 836 1962 est
882 1897 972 1962 Duae
993 1920 1079 1962 areea
1101 1898 1180 1962 urhe
1203 1898 1317 1976 habet,
1332 1919 1407 1962 unam

370 1985 591 2050 imminentem
609 2005 698 2061 man,
713 1983 812 2049 altera
828 1984 914 2048 urbis
932 1983 1038 2048 media
1054 1995 1111 2048 eat
1161 1983 1333 2049 Cuniculo
1349 1983 1421 2046 ines

369 2071 422 2136 via
435 2071 477 2172 ad
490 2091 576 2135 mare
587 2069 687 2147 ducit,
699 2091 796 2157 quam
810 2091 830 2134 a
843 2069 923 2134 mari
933 2069 1028 2134 nuda
1038 2069 1186 2168 quinque
1201 2069 1406 2169 tabulatorum

369 2351 487 2417 genere
502 2326 1098 2413 telorum,ettormentramachm1aqne
1113 2325 1156 2390 ad
1172 2327 1405 2426 oppugnandae

369 2437 442 2480 eam
457 2437 499 2479 ex
512 2412 645 2478 navihua
659 2413 819 2499 expositia
867 2413 977 2488 Quum
995 2412 1139 2478 omnium
1158 2435 1293 2480 ammos
1307 2412 1405 2479 aule

369 2523 434 2650 guo
459 2499 495 2566 id
517 2513 678 2599 certamen
702 2499 871 2577 avertisset,
893 2511 984 2586 porta
1008 2498 1187 2563 maritimae
1211 2501 1300 2565 arnis
1322 2499 1405 2564 Pau

404 2586 1404 2767 ttttfft‘tttttetttfftttttttttffl

370 2694 473 2821 hlibi
487 2756 581 2856 positi
596 2768 696 2834 erant,
711 2757 768 2844 qui
782 2757 865 2821 fores
878 2769 987 2844 portae
1002 2756 1188 2822 obiicerent.
1238 2757 1296 2824 Ita
1308 2758 1405 2824 exelm

368 2842 710 2908 inmedroeaeduntnr
720 2843 960 2930 capiunturque.
996 2841 1217 2907 Macedonum
1328 2845 1405 2908 'diua

369 2929 593 3017 conglobatum
613 2929 673 2994 auh
690 2929 769 2993 arcis
788 2951 880 2994 muro
898 2929 1005 3005 atetit3
1028 2951 1088 2994 nec
1101 2929 1215 3015 hagae
1319 2931 1404 3019 petita

369 3037 430 3080 nec
443 3015 647 3104 pertinaciter
659 3014 780 3102 proelio
794 3015 883 3079 inito.
922 3013 987 3080 Eoe
1001 3014 1119 3092 Plator,
1131 3015 1233 3080 venia
1247 3041 1271 3082 a
1287 3017 1405 3104 Sulpicia

368 3101 545 3190 impetrata,
568 3101 603 3164 in
624 3123 720 3166 naves
745 3099 908 3188 impositos
932 3101 975 3166 ad
996 3101 1203 3166 Demetrium
1225 3102 1405 3170 Phthiotide

369 3209 409 3251 ex
467 3188 534 3264 uit:
558 3187 626 3274 ipse
641 3187 683 3251 ad
699 3185 844 3251 Attalum
859 3209 893 3252 ee
907 3188 1036 3275 recepit

410 3210 583 3360 1dlllpioiua,
606 3285 672 3338 tam
694 3271 779 3338 facili
802 3273 844 3337 ad
868 3272 990 3340 Oreum
1012 3295 1159 3338 successu
1184 3274 1306 3355 elatue,
1330 3273 1406 3342 Chal

401 3513 417 3564 6
433 3516 467 3564 Ira
476 3515 534 3564 rina
544 3514 699 3574 Aenianum]
718 3513 745 3563 Ia
759 3519 796 3562 aet
808 3512 876 3562 tinne
906 3512 1019 3576 nuspiam
1030 3513 1089 3562 alibi
1102 3520 1279 3566 memoratum
1295 3513 1407 3566 tum

369 3577 552 3640 Moliaotoe‚qui
559 3577 633 3627 etlam
642 3577 731 3626 dicitur
736 3579 874 3627 Lamlaottr.
906 3577 1004 3638 quodsi
1018 3577 1171 3630 admittatur.
1183 3581 1332 3631 Melice-
1345 3581 1409 3628 dna

370 3644 447 3700 Quod
460 3643 483 3691 ei
497 3657 586 3690 nomen
597 3641 638 3690 hic
648 3641 734 3690 tribuit
745 3639 838 3701 Livius,
848 3641 875 3691 id
906 3639 1062 3704 hieintelligi
1073 3647 1164 3690 oenset.
1183 3643 1289 3696 etium
1301 3645 1409 3703 xxxii-32

368 3713 450 3755 ortum
466 3707 542 3754 habat
557 3707 589 3754 ab
600 3704 739 3754 Aenianum
755 3709 828 3767 gente
840 3705 875 3754 ri·
907 3703 1026 3753 Ortelliur
1049 3709 1135 3754 centn
1155 3705 1244 3756 eiam
1269 3712 1409 3772 Paeana

365 3769 432 3820 cina.
454 3771 570 3820 Getarum
582 3767 876 3832 hiclegabaturineditia
907 3767 977 3816 innui
996 3769 1058 3826 vult,
1076 3768 1116 3816 cai
1137 3768 1201 3817 licet
1223 3773 1321 3822 melina
1340 3785 1410 3820 ocare

370 3835 680 3896 mrlgoe'nm'nuAeaiano.
711 3833 875 3881 Atreoteob-
907 3831 971 3880 niret
985 3831 1122 3895 appellatio
1137 3835 1304 3887 Damam
1320 3839 1352 3886 ab
1367 3837 1410 3884 mle

369 3903 450 3946 cerret
477 3896 615 3946 Gronovius
641 3897 683 3944 vix
711 3896 800 3946 Louna
827 3896 876 3944 dici
907 3897 1079 3955 Demetriadis,
1100 3911 1164 3957 quae
1185 3899 1223 3946 ad
1246 3901 1336 3950 uinum
1358 3902 1410 3948 'thu

369 3973 440 4022 potae
456 3963 588 4010 Amicam
602 3963 679 4010 rinna.
713 3960 790 4010 Unde
805 3973 874 4022 repc-
907 3964 968 4018 erat,
978 3961 1255 4018 ductamrmatamen
1269 3975 1412 4026 quantae

369 4023 470 4084 suimus,
478 4029 506 4072 ut
516 4024 599 4086 scripti
609 4023 710 4084 habent,
720 4027 748 4074 in
757 4027 816 4074 dau
826 4027 875 4074 Ae·
906 4027 977 4072 erent
991 4023 1133 4086 navigantes
1143 4025 1252 4074 Attalus
1271 4037 1301 4077 et
1312 4026 1413 4078 Em*-

367 4089 480 4138 nr'anum.
522 4089 599 4136 stam
617 4093 709 4137 autem·
723 4089 764 4137 hic
786 4087 876 4137 dicitur
907 4101 1003 4136 necnon
1019 4087 1079 4136 ritu
1091 4087 1209 4148 Medeae,
1221 4095 1252 4138 ut
1270 4092 1377 4142 anem
1390 4107 1412 4135 ra

368 4165 413 4213 pro
431 4151 501 4200 tertia
519 4151 584 4198 circa
601 4151 697 4201 einum:
720 4157 749 4200 ut
766 4157 792 4202 et
808 4167 873 4214 aupr.
906 4150 1253 4210 detunhoeaatiarcfellunt.

368 4215 443 4262 xxvii.
455 4229 493 4276 30.
510 4214 591 4263 Oaav.
938 4215 1059 4265 8Altero
1078 4217 1148 4264 orto
1167 4219 1256 4266 neate
1278 4224 1335 4282 ut]
1357 4217 1411 4268 Siai

402 4289 415 4338 7
432 4279 584 4326 Demetriaco
615 4279 685 4338 ιιίιιι]
726 4277 873 4339 Suspectum
903 4277 962 4338 ¹litar
982 4281 1075 4328 mediae
1095 4279 1206 4328 oratiam
1225 4297 1279 4331 m
1298 4295 1356 4334 ent
1371 4281 1407 4330 'nri

369 4339 443 4388 habet
461 4341 508 4390 hoo
528 4353 619 4389 nomen
640 4340 735 4390 Duker.
757 4347 785 4390 ut
807 4344 872 4404 quod
905 4341 957 4392 xlii.
970 4342 1068 4406 58.legi
1079 4341 1257 4395 mim-dmm
1271 4347 1396 4398 Drakat
