2878 4772
302 228 399 295 LIB.
422 229 586 298 XXVIII.
619 231 733 298 CAP.
759 240 811 298 24.
1017 235 1080 298 tat

32 363 322 450 fectum-megerae
354 365 433 430 Fide
445 381 574 455 accepta
584 367 627 432 da
682 391 721 433 ue
733 369 883 456 perfugis,
895 381 929 434 et
941 367 1082 433 Marcius
1093 379 1126 431 tt.
1138 381 1169 431 c.
1186 377 1241 444 546·

32 474 73 516 eo
88 473 161 516 cum
176 450 334 537 expeditis
349 452 540 531 cohortibus,
556 468 590 520 ct
604 453 671 520 Lae
684 455 733 520 ius
752 479 826 520 cnm
847 467 970 543 septem
991 455 1082 519 trire-
1092 447 1122 496 A.
1138 447 1169 496 ⁰·
1185 442 1240 494 ¹⁰⁶·

32 538 148 638 mibus,
161 538 384 625 quinqueremi
400 561 472 616 una,
489 554 537 604 est
551 541 673 620 missus,
689 553 725 606 ut
740 555 823 607 terra
837 542 980 630 marique
995 564 1083 606 com·

32 647 125 688 muns
139 624 272 688 consilio
286 647 353 690 rem
361 640 523 725 'gererent

80 711 188 798 Scipio
202 711 214 774 i
251 735 268 775 c
283 733 370 810 gravi
386 714 495 777 morbo
509 713 691 800 implicitus,
706 715 847 800 graviore
867 728 973 780 tamen
987 715 1080 790 fama,
1138 717 1190 776 24.

56 819 135 862 uum
146 797 187 862 ad
198 734 388 885 idsqmsque,
401 799 489 886 quod
500 800 652 877 audierat,
664 801 758 865 insita
768 801 935 866 hominurn
950 801 1081 866 libidine
1090 799 1212 861 scipioni·

32 821 140 948 dandi
162 885 203 948 de
225 884 381 950 industria
401 908 553 963 rumores,
569 886 720 953 adiiceret
740 887 871 988 aliquid,
888 888 1083 975 provinciam
1090 865 1195 913 morum

32 993 163 1036 ornnem
185 993 222 1035 ac
241 971 379 1036 maxime
400 972 574 1060 longinqua
593 974 662 1038 eiras
682 975 838 1039 turbant:
862 975 1082 1062 apparuitque,

33 1071 187 1144 quantam
202 1058 378 1124 excitatura
392 1059 508 1124 molem
525 1083 598 1126 vera
611 1060 721 1126 luisset
737 1061 851 1137 clades,
868 1084 969 1146 quum
983 1083 1083 1126 vanus

32 1167 143 1209 rumor
163 1157 264 1208 tantas
307 1145 436 1210 rocellae
457 1147 631 1212 excivisset
678 1146 756 1212 Non
775 1147 851 1212 socii
872 1148 904 1212 in
926 1148 1000 1224 fide,
1016 1169 1083 1212 non

33 1232 194 1296 exercitus
208 1232 243 1294 iu
258 1169 360 1296 officio
375 1233 498 1298 mansit
535 1232 732 1298 Mandonius
743 1247 776 1298 et
787 1234 943 1311 Indibilis,
956 1235 1082 1321 qulbus,

58 1318 113 1382 uia
125 1340 260 1404 regnum
274 1318 335 1384 sibi
351 1317 535 1419 Hispaniae,
551 1319 650 1406 pulsis
664 1321 739 1385 inde
754 1321 1082 1408 Carthaginiensibus,

32 1341 230 1470 destinarant
249 1405 371 1481 animis,
388 1406 467 1470 mhil
488 1429 546 1493 pro
566 1429 621 1493 spe
642 1408 828 1494 contigerat,
845 1408 1009 1473 concitatis
1026 1430 1084 1494 po-

12 1517 21 1552 1
33 1490 197 1578 pularibus
208 1491 375 1576 (Lacetani
389 1507 495 1556 autem
507 1493 612 1580 erant)
624 1508 656 1558 et
668 1493 832 1560 iuventute
847 1493 1082 1559 Celtiberorum

33 1578 148 1654 excita,
161 1599 271 1664 agrum
289 1577 511 1644 Suessetanum
531 1579 788 1667 Sedetanumque
803 1581 960 1646 sociorum
971 1579 1083 1667 populi

34 1664 175 1728 Romani
197 1663 354 1730 hostiliter
372 1663 556 1753 depopulati
576 1679 658 1731 sunt.
707 1665 820 1732 Civilis
841 1667 921 1732 alius
940 1667 1027 1731 furor
1048 1665 1235 1748 inaeqitioex-

33 1750 144 1814 castris
159 1751 200 1814 ad
217 1749 392 1816 Sucronem
407 1766 502 1818 ortus.
550 1752 633 1818 Octo
648 1754 693 1818 ibi
707 1753 807 1818 millia
820 1755 957 1819 militum
973 1767 1081 1830 erant3
1091 1739 1223 1852 §retussa

31 1837 226 1988 queSidium
241 1839 398 1923 gentibus,
414 1861 496 1926 quae
512 1840 557 1904 cis
572 1839 701 1906 Iberum
718 1840 873 1918 incolunt,
889 1841 1081 1926 impositum.
1110 1817 1234 1852 uuonan.

77 1937 146 1988 otae
161 1939 267 1990 autem
283 1947 393 1990 eorum
410 1938 534 1990 mentes
553 1939 628 1990 sunt
647 1949 712 1990 non
731 1941 800 1992 tum
818 1928 967 2014 primum,
983 1949 1085 2013 quum

12 2010 77 2076 2de
93 2010 158 2074 vita
171 2011 368 2098 imperatoris
382 2011 473 2075 dubii
487 2034 628 2076 rumores
639 2012 725 2076 allati
740 2026 832 2089 sunt;
848 2013 905 2077 sed
920 2013 983 2076 iam
999 2025 1084 2090 ante,

12 2097 165 2162 slicentia
184 2120 226 2162 ex
243 2097 379 2173 diutino,
397 2111 435 2162 ut
455 2098 502 2174 fit,
522 2099 588 2163 otio
610 2097 752 2176 collecta,
768 2112 802 2163 et
823 2097 980 2176 nonnihil,
996 2099 1085 2184 quod

33 2185 69 2248 in
94 2182 217 2250 hostico
238 2183 340 2248 laxius
361 2195 452 2270 rapto
474 2184 573 2250 suetis
595 2185 699 2249 vivere
724 2185 853 2250 artiores
876 2185 911 2250 in
932 2208 1010 2272 pace
1034 2207 1085 2250 res

12 2283 134 2338 terant.
181 2271 232 2334 Ac
247 2271 349 2358 primo
364 2293 525 2336 sermones
541 2283 662 2336 tantum
681 2271 798 2336 occulti
818 2272 1012 2349 serebantur,
1037 2271 1084 2335 ‘si

35 2355 175 2422 ‘bellum
190 2356 224 2420 in
239 2357 401 2444 provincia
414 2370 506 2436 esset,
524 2356 604 2445 quid
623 2381 690 2424 sese
711 2358 795 2424 inter
815 2372 941 2445 pacatos
956 2358 1084 2424 facere?

34 2443 84 2506 ‘si
113 2441 308 2509 debellatum
336 2443 400 2510 iarn
428 2459 461 2508 et
489 2444 633 2510 conlecta
661 2446 824 2533 provincia
849 2459 940 2522 esset,
968 2467 1025 2510 cur
1050 2445 1085 2508 in

35 2528 183 2594 ‘Italiam
217 2553 281 2594 non
314 2530 462 2595 revehil'
506 2531 696 2618 Flagitstum
731 2555 859 2619 quoque
889 2531 1084 2620 stipendium

33 2617 207 2703 procacius,
224 2639 320 2703 quam
341 2639 383 2681 ex
403 2641 489 2682 more
506 2631 539 2682 et
553 2619 709 2684 modestia
731 2619 868 2695 militari,
884 2631 971 2684 erat:
997 2631 1031 2682 et
1044 2618 1086 2682 ab

33 2702 219 2768 custodibus
238 2703 353 2802 probra
372 2704 407 2767 in
426 2705 658 2770 circumeuntes
676 2705 798 2793 vigihas
818 2706 962 2771 tribunos
981 2705 1082 2770 iacta:

33 2803 69 2854 et
84 2802 181 2854 noctu
192 2790 323 2876 quidam
338 2790 524 2877 praedatum
539 2791 574 2854 in
588 2815 699 2878 agrum
710 2793 794 2858 circa
804 2806 952 2880 pacatum
963 2792 1083 2857 ierant:

33 2889 195 2962 postremo
218 2876 356 2941 interdiu
381 2900 417 2942 ac
441 2877 604 2964 propalam
628 2879 696 2944 sine
721 2893 901 2944 commeatu
924 2880 964 2942 ab
988 2877 1086 2964 signis

34 2962 174 3028 abibant
211 2962 331 3028 Omnia
345 2963 477 3029 libidine
493 2987 529 3028 ac
545 2963 673 3029 licentia
684 2965 830 3041 militnm,
843 2963 925 3028 nihil
939 2963 1085 3026 instituto

34 3071 73 3112 ac
97 3048 265 3137 disciplina
287 3049 429 3127 militiae,
450 3063 505 3114 aut
528 3050 662 3136 imperio
685 3073 805 3126 eorum,
827 3050 884 3136 qui
907 3059 1084 3136 praeerant,

32 3136 212 3222 gerebatur.
258 3135 373 3202 Forma
394 3149 502 3202 nmen
525 3135 744 3200 Romanorum
767 3149 940 3200 castrorum
962 3145 1087 3200 consta·

71 3355 218 3403 1Lacstam'
237 3362 318 3404 autern
339 3357 423 3414 erant]
448 3353 543 3403 Mirum
576 3351 644 3400 Hinc
657 3351 795 3400 Gronovius
805 3353 1038 3402 dublsallotumest
1052 3351 1087 3402 le-
1136 3383 1138 3388 ·

34 3419 103 3480 quod
124 3417 165 3466 hic
186 3418 231 3466 soli
251 3419 368 3467 Lacetani
387 3418 544 3466 nominentur
575 3418 682 3478 gendum
704 3431 755 3464 esse
775 3417 920 3480 suspicatur,
936 3417 1003 3478 quod
1020 3418 1085 3467 Belr·

34 3489 154 3542 tanquam
170 3483 301 3546 populares
316 3482 445 3532 Mandonii
461 3489 486 3530 et
504 3482 544 3530 In·
578 3481 650 3530 herus
666 3481 781 3543 reposuit.
820 3481 914 3530 Verum
931 3481 992 3529 baec
1009 3483 1086 3532 oratio

34 3546 126 3606 dibilis,
144 3562 219 3622 quum
237 3553 261 3594 et
278 3563 342 3608 supr.
361 3547 426 3595 xxvi.
443 3561 481 3610 49.
504 3547 544 3594 ln·
578 3545 690 3608 paullum
702 3545 785 3593 durior
796 3553 866 3595 esset.

34 3610 118 3658 dibilis
133 3611 228 3659 drcatur
244 3612 341 3672 regulus
360 3611 502 3672 Ilergetum,
519 3615 544 3658 et
610 3623 623 3671 3
640 3612 676 3657 Et
686 3611 808 3668 nonnihil,
816 3613 891 3673 quod]
909 3609 1000 3672 Aliqua
1011 3611 1085 3660 etlam

34 3675 91 3723 infr,
110 3675 177 3723 xxix.
196 3691 218 3724 a.
237 3676 311 3723 etism
335 3676 465 3738 Ilergetom
487 3689 544 3724 eum
577 3689 607 3722 ex
624 3681 693 3735 parte
709 3673 733 3721 id
747 3675 855 3722 valuerat
870 3675 901 3722 ad
918 3675 1086 3724 mosendaset

34 3745 108 3786 vocet
131 3739 223 3798 Livius,
244 3739 333 3802 passim
356 3740 461 3801 denique
483 3741 544 3788 Iler·
577 3739 742 3787 deflectendae
756 3755 772 3786 a
785 3739 890 3788 sanitate
904 3739 1002 3788 illorum
1017 3754 1085 3788 meu-

32 3809 103 3864 gctes
118 3803 245 3851 videantur
261 3803 373 3866 proprius
388 3803 461 3852 fuisse
477 3803 543 3852 Indl-
577 3811 622 3861 tes,
633 3803 699 3866 quod
715 3803 740 3850 in
755 3803 837 3851 hostib
851 3819 907 3866 agro
919 3802 985 3866 pn'us
996 3804 1085 3853 assueti

33 3867 92 3914 bilis
114 3873 139 3914 et
162 3867 290 3916 Mandonii
312 3869 390 3917 miles.
434 3867 545 3916 Fortasse
578 3867 658 3916 laxius
674 3873 699 3916 et
717 3867 816 3916 liberius
833 3867 913 3916 rivere
929 3883 960 3916 ex
977 3867 1005 3916 iis
1022 3884 1086 3930 quae

32 3930 142 3980 nominis
163 3947 247 3980 eorum
269 3933 405 3981 deformata
423 3933 543 3994 quaedam
576 3932 712 3994 rapiebant,
733 3938 796 3992 tum,
817 3949 895 3994 quum
916 3933 942 3982 in
964 3933 1090 3982 sociorum

33 4001 164 4044 remanent
190 3995 290 4058 vestigia
316 3997 341 4043 in
370 4011 429 4044 voce
455 4002 544 4055 autem,
577 4012 634 4059 agro
650 4003 738 4055 essent,
754 3997 836 4045 minus
853 3999 989 4058 commode,
1005 3999 1087 4047 minus

34 4074 101 4120 quae
113 4060 183 4108 nullo
198 4062 271 4108 modo
286 4059 327 4107 hic
342 4060 477 4108 necessaria
491 4065 543 4119 est;
578 4062 634 4109 laxe
646 4062 766 4110 vivebant.
785 4061 866 4112 Caav.

34 4139 66 4170 ac
82 4123 203 4185 scripserit
220 4124 305 4173 Livius
318 4126 435 4174 twedam
449 4127 544 4174 selles»
610 4128 679 4186 4Ac
701 4129 781 4187 primo
805 4129 937 4187 ennom]
967 4125 1086 4186 Quisquis

32 4193 102 4249 ostar
117 4195 194 4236 erent.
228 4189 303 4238 Certa
318 4187 499 4250 coniunguntur
516 4187 542 4237 hi
575 4189 623 4237 hoc
634 4190 711 4248 dedit,
722 4205 772 4238 nou
783 4192 849 4239 male
861 4190 984 4239 consuluit
995 4187 1085 4237 sensui.

35 4251 198 4313 populaiulr.
211 4263 249 4314 27.
260 4257 286 4302 et
298 4266 335 4314 34·
354 4253 434 4302 Cant.
576 4254 625 4302 Sed
642 4253 733 4316 scripti,
745 4256 873 4316 primores,
890 4256 929 4302 vel
941 4255 1022 4315 primo
1038 4268 1085 4302 rer.

70 4317 179 4366 sDubs's'
194 4333 305 4366 rumores
317 4318 389 4365 allati
402 4318 473 4376 sum]
492 4315 543 4365 Vo
576 4317 657 4367 cmv.
689 4319 775 4368 Primo
792 4333 950 4368 remorarer
970 4317 1085 4366 emenda·

36 4393 91 4428 cem
114 4395 222 4430 ramma
243 4379 298 4432 libri
319 4380 403 4443 scripti
424 4379 543 4444 ignomnt.
576 4379 987 4444 tioneGronor.reeepitBekker.
