3002 4798
428 253 524 320 LIB.
548 252 643 320 XXI.
677 253 787 320 CAP.
812 261 861 320 ll.
1129 259 1165 319 11

124 398 217 463 erat3'
243 386 450 489 infestiusque
475 388 617 454 locutum
642 392 816 478 arguebant
844 389 1047 469 Hannonem,
1072 406 1168 478 quam

125 471 277 538 Flaccum
300 473 472 552 Valerium,
494 475 506 539 l
565 489 634 541 tum
646 477 836 544 Romanum.
883 477 1083 566 Responsum
1092 478 1167 543 inde

125 611 126 614 ι
200 560 240 624 tis
255 559 408 626 Romanis
427 571 507 639 est,‘
546 561 643 628 ellum
657 577 762 628 ortum
781 566 820 629 ab
843 563 1033 652 Saguntinis,
1049 587 1114 629 non
1129 565 1168 630 ab

127 654 138 684 ‘
251 646 331 712 'bale
355 669 430 713 esse.
475 648 634 736 Populum
661 649 844 716 Romanum
870 652 985 716 iniuste
1007 651 1120 730 facere,
1142 651 1168 715 si

100 731 341 883 ozsaguptinos
355 735 580 800 vetustissimae
600 733 909 824 Carthaginiensium
923 739 1065 804 societati
1078 761 1169 827 prae·

193 841 235 882 na

149 841 262 970 pilum
293 905 430 972 Romani
459 921 584 996 tempus
618 921 724 974 terunt
756 909 964 1010 legationibus
996 911 1168 990 mittendis,

128 991 302 1070 Hannibal,
318 994 394 1080 quia
411 994 527 1060 fessum
547 995 680 1060 militem
700 996 826 1084 proelus
848 998 1057 1084 operibusque
1072 998 1169 1064 habe·

127 1081 193 1157 bat,
219 1101 391 1168 paucorum
415 1081 454 1146 iis
478 1080 602 1162 dienrm
628 1083 768 1169 quietem
792 1083 891 1161 dedit,
916 1084 1101 1150 stationibus
1126 1085 1168 1150 ad

127 1167 303 1232 custodiam
318 1168 480 1234 vinearum
491 1168 687 1256 aliorumque
702 1191 832 1257 operum
846 1170 1011 1258 dispositis.
1035 1170 1167 1236 Interim

127 1253 251 1319 animos
273 1276 382 1319 comm
411 1277 497 1320 nuno
520 1257 567 1320 ira
589 1256 623 1320 in
646 1256 751 1322 hostes
776 1257 976 1335 stimulando,
1001 1280 1086 1322 nunc
1111 1280 1167 1345 spe

127 1341 341 1428 praemiorum
369 1342 521 1406 accendit
573 1341 621 1407 Ut
648 1366 722 1408 vero
773 1367 808 1409 ro
837 1346 988 1409 concione
1017 1344 1167 1431 praedam

128 1440 239 1515 captae
254 1428 340 1492 urbis
359 1428 460 1494 edixit
474 1428 610 1494 militum
629 1429 705 1508 fore,
717 1367 801 1496 ‘adico
821 1431 944 1496 accensi
959 1453 1068 1496 omnes
1083 1444 1166 1508 sunt,

128 1529 175 1593 ut,
190 1515 219 1579 si
231 1514 391 1601 extemplo
406 1516 531 1602 signum
547 1515 658 1581 datum
678 1531 769 1594 esset,
784 1517 872 1582 nulla
884 1518 916 1581 vi
930 1517 1031 1582 resisti
1045 1517 1168 1582 videre·

128 1615 182 1666 tur
195 1623 295 1688 posse.
342 1600 509 1688 Saguntini
524 1617 561 1667 ut
574 1625 593 1666 a
606 1601 733 1690 proeliis
752 1605 893 1690 quietem
906 1604 1090 1681 habuerant,
1106 1627 1165 1670 nec

126 1687 324 1766 laceaeentcs,
347 1711 407 1753 nec
428 1688 560 1753 lacessiti
582 1712 639 1776 per
659 1689 780 1777 aliquot
801 1690 886 1767 dies3
909 1691 954 1756 ita
974 1714 1040 1756 non
1061 1703 1165 1769 nocte,

127 1797 195 1840 non
209 1773 262 1839 die
284 1797 425 1860 unquam
446 1787 646 1840 cessaverunt
667 1777 706 1841 ab
728 1800 833 1865 opere,
849 1789 886 1841 ut
902 1799 1019 1842 norum
1040 1801 1167 1842 murum

127 1862 169 1926 ab
184 1874 334 1948 eaparte,
347 1885 410 1948 qua
420 1863 611 1950 patefactum
622 1863 774 1954 oppidum
790 1863 889 1928 ruinis
903 1877 979 1941 erat,
991 1865 1165 1929 reficerent

126 1947 210 2014 Inde
225 1949 418 2036 oppugnatio
433 1973 486 2014 eos
505 1949 666 2036 aliquanto
687 1950 829 2027 atrocior,
845 1973 941 2037 quam
961 1963 1044 2028 ante,
1060 1950 1170 2015 adorta

127 2047 193 2101 est:
217 2057 287 2113 nec,
303 2059 367 2136 qua
384 2036 522 2123 primum
542 2049 596 2100 aut
614 2037 811 2124 potissimum
825 2049 914 2124 parte
931 2038 1049 2104 ferrent
1062 2059 1166 2124 opem,

127 2144 229 2210 quum
243 2143 350 2188 omnia
368 2122 461 2187 variis
482 2120 669 2188 clamoribus
690 2135 751 2188 stre
794 2137 873 2201 rent,
889 2124 963 2188 satis
979 2126 1057 2188 scire
1076 2139 1167 2210 pote-

127 2221 208 2274 rant
242 2207 314 2296 Ipse
330 2208 501 2286 Hannibal,
518 2231 581 2295 qua
595 2209 688 2272 turris
703 2231 755 2273 mo
777 2209 836 2286 ilis,
851 2209 958 2274 omnia
971 2211 1168 2274 munimenta

127 2294 216 2359 urbis
230 2317 378 2382 superans
393 2294 570 2371 altitudine,
643 2295 744 2374 batur,
759 2294 900 2360 hortator
913 2295 1029 2360 aderat
1075 2295 1167 2370 Quae

106 2413 117 2448 1
153 2403 230 2445 uum
258 2381 393 2460 admota,
416 2381 581 2469 catapultis
624 2380 795 2468 allistisque
816 2404 874 2469 per
898 2381 1005 2446 omnia
1030 2381 1169 2448 tabulata

155 2467 162 2481 '
236 2468 296 2546 ns,
326 2490 431 2534 muros
460 2467 675 2534 defensoribus
703 2468 869 2546 nudasset3
900 2481 968 2534 tum
995 2467 1167 2547 Hannibal,

128 2555 325 2620 occasionem
344 2569 438 2633 ratus,
454 2556 645 2642 quingentos
663 2554 761 2620 ferme
777 2555 872 2622 Afros
886 2579 959 2620 oum
977 2555 1113 2620 dolabris
1127 2556 1169 2620 ad

128 2640 344 2706 subruendum
359 2643 399 2707 ab
413 2643 478 2707 imo
498 2665 623 2706 murum
638 2643 751 2707 mittit:
775 2655 916 2708 necerat
936 2643 1166 2729 difficile'opus,

104 2727 217 2814 equod
237 2741 401 2794 caementa
419 2753 485 2794 non
506 2728 591 2794 calce
614 2728 725 2793 durata
738 2743 836 2807 erant,
852 2730 909 2796 sed
929 2729 1069 2794 interlita
1089 2729 1167 2807 luto,

1178 403 1319 467 Mssa

1177 471 1207 518 Δ.
1224 469 1254 518 C.
1266 469 1321 517 218.

1178 533 1329 582 Favetaena-

1177 603 1216 646 tus
1228 597 1330 647 cartha

1176 662 1224 724 gin.
1234 660 1330 710 Hanni-

1177 725 1227 774 bali

105 2828 303 2890 3structurae
318 2816 466 2902 antiquae
485 2837 608 2903 genere.
654 2813 767 2915 Itaque
786 2815 890 2893 latius,
906 2839 1001 2902 quam
1021 2816 1169 2881 caedere·
1241 2831 1245 2839 '

128 2915 191 2979 tur,
208 2902 337 2966 ruebat:
360 2925 480 2989 perque
499 2901 641 2989 patentia
660 2903 759 2966 ruinis
779 2905 905 3003 agmina
923 2915 1114 2967 armatorum
1133 2903 1168 2966 in

128 2989 240 3053 urbem
260 2987 425 3053 radebant.
471 2987 594 3053 Locum
613 3011 741 3075 quoque
761 2989 884 3054 editum
903 2989 1050 3076 capiunt:
1074 2987 1170 3054 colla·

128 3075 234 3160 tisquc
256 3097 294 3138 eo
316 3075 480 3162 catapultis
501 3074 703 3162 ballistisque,
720 3089 756 3140 ut
770 3076 932 3142 castellum
953 3076 988 3140 in
1009 3075 1021 3138 i
1091 3076 1168 3139 urbe

129 3159 217 3225 velut
239 3183 342 3225 arcem
363 3161 582 3226 imminentem
603 3161 764 3239 haberent,
785 3185 876 3227 muro
898 3162 1016 3227 circum
1040 3174 1111 3227 ant:
1136 3173 1169 3226 et

132 3246 301 3334 Saguntini
315 3270 440 3312 murum
457 3247 638 3312 interiorem
658 3247 697 3311 ab
717 3249 860 3312 nondum
874 3262 966 3335 capta
980 3248 1065 3312 urbis
1079 3261 1167 3334 parte

129 3333 261 3398 ducunt
313 3333 482 3421 Utrimque
506 3355 628 3398 summa
648 3334 680 3397 vi
704 3345 737 3397 et
761 3334 920 3410 muniunt,
947 3347 980 3398 et
1029 3347 1165 3421 ugnant:

128 3419 195 3498 sed,
218 3421 367 3486 interiora
388 3420 517 3498 tuendo,
541 3420 695 3484 minorem
717 3420 752 3482 in
773 3418 841 3484 dies
862 3420 973 3483 urbem
1002 3357 1168 3506 laganum

128 3507 257 3573 faciunt
305 3507 406 3572 Simul
423 3507 659 3594 crescit·inopia
678 3505 820 3571 omnium
837 3504 933 3593 longa
946 3505 1120 3583 obsidione,
1136 3525 1169 3570 et

160 3784 176 3834 9
198 3769 375 3819 Vetustissimos
394 3767 632 3830 Carthaginiensium
664 3765 765 3816 rioribus
775 3763 1067 3829 temporibusutrumque
1078 3779 1168 3824 nomeu

128 3835 247 3895 societati]
274 3833 330 3882 lum
351 3831 385 3882 U.
403 3833 432 3882 O.
453 3843 507 3894 ²45·
530 3831 631 3880 Cartha-
665 3831 780 3879 confundi
802 3835 917 3893 coeptum
936 3835 980 3879 est.
1020 3829 1079 3879 vid.
1099 3828 1167 3892 Llps.

128 3897 248 3962 ginienses
262 3911 318 3946 cum
334 3893 453 3946 Romabis
464 3896 550 3945 foedus
564 3893 631 3957 pepi·
665 3895 769 3943 Poliorc.
780 3893 814 3943 iii.
826 3895 839 3953 5
852 3910 873 3944 ι.
885 3900 910 3942 et
921 3907 943 3956 3.
960 3895 1040 3945 Casu.

203 3967 231 4021 ις
251 3961 281 4010 ei.
302 3962 357 4010 Pol.
374 3961 407 4010 iii.
426 3975 463 4010 aa.
481 3967 506 4008 et
522 3975 584 4022 quae
600 3960 632 4007 do
696 3959 857 4008 sanmenta
870 3974 920 4007 aaa
936 3960 1014 4017 caiae]
1035 3959 1059 4006 b.
1071 3973 1093 4006 a.
1110 3959 1168 4006 Iun·

129 3977 218 4074 bibare
235 4025 347 4074 diseunt
364 4025 478 4088 Heynius
495 4025 520 4073 in
539 4025 629 4086 Opusc.
664 4027 746 4072 clusae
754 4021 804 4071 sive
812 4022 922 4085 lapidum
931 4021 1111 4071 commissiones
1119 4037 1167 4070 non

129 4089 179 4139 suis
188 4089 222 4138 iii.
234 4105 259 4152 p.
272 4103 310 4153 39.
664 4089 732 4135 calce
743 4087 852 4146 duratae,
864 4086 908 4134 sed
921 4091 1017 4136 tanturn
1031 4087 1085 4134 tuto
1095 4086 1168 4134 inter-

164 4169 173 4203 ι
193 4154 501 4216 conparationemque]
520 4150 631 4214 Antiqui·
663 4151 723 4199 litae
734 4156 810 4199 erant.

128 4225 170 4267 tus
189 4218 251 4266 haec
273 4217 321 4266 duo
340 4218 425 4267 sedulo
444 4215 557 4280 distingui
579 4231 632 4265 mos
697 4213 1170 4278 3tattm,qwmcaederetar]1taque

125 4277 188 4332 'erat
222 4282 361 4343 catapultis
379 4281 439 4340 tela,
457 4283 557 4330 bauistie
575 4296 634 4330 saxa
666 4279 739 4329 letior
752 4283 803 4328 erat
817 4278 894 4338 rtuna,
905 4293 978 4340 quam
993 4293 1023 4326 ea
1036 4293 1092 4339 pata
1107 4278 1170 4327 muri

127 4347 311 4408 torquebantur.
333 4345 451 4394 Ballistae
461 4345 557 4394 maioris
564 4349 634 4394 erant
665 4359 729 4408 quac
740 4359 811 4394 cama
821 4342 871 4394 tire
881 4342 930 4392 iota
941 4343 1026 4392 marat.
1043 4342 1124 4391 Casa.
1153 4371 1157 4386 .

128 4411 209 4470 molis,
220 4425 293 4473 quam
310 4410 456 4473 catapultae.
489 4409 537 4460 Sed
554 4414 632 4471 poste·

1177 3179 1319 3243 Saguntino-

1175 3260 1230 3292 rum
1241 3261 1298 3294 con·

1176 3309 1272 3358 stantia.
1309 3355 1312 3362 ,
